day;timestamp;buyer;seller;symbol;currency;price;quantity
0;0;Paris;Camilla;BERRIES;SEASHELLS;4003.0;6
0;100;Paris;Camilla;PEARLS;SEASHELLS;10002.0;1
0;100;Camilla;Paris;DIVING_GEAR;SEASHELLS;99999.0;1
0;300;Charlie;Pablo;PEARLS;SEASHELLS;9998.0;2
0;300;Charlie;Paris;PEARLS;SEASHELLS;9998.0;1
0;400;Penelope;Charlie;BANANAS;SEASHELLS;4899.0;9
0;500;Paris;Charlie;BANANAS;SEASHELLS;4899.0;1
0;500;Paris;Charlie;PEARLS;SEASHELLS;10002.0;1
0;500;Paris;Caesar;PEARLS;SEASHELLS;10004.0;1
0;700;Camilla;Penelope;BERRIES;SEASHELLS;3997.0;11
0;1200;Peter;Caesar;COCONUTS;SEASHELLS;8114.0;10
0;1400;Caesar;Paris;BANANAS;SEASHELLS;4891.0;1
0;1500;Paris;Charlie;PEARLS;SEASHELLS;10002.0;1
0;1500;Paris;Charlie;BANANAS;SEASHELLS;4896.0;1
0;1700;Penelope;Charlie;PEARLS;SEASHELLS;10005.0;6
0;2200;Gary;Charlie;BANANAS;SEASHELLS;4896.0;16
0;2400;Pablo;Charlie;BANANAS;SEASHELLS;4894.0;3
0;2500;Charlie;Pablo;BANANAS;SEASHELLS;4891.0;5
0;2700;Camilla;Pablo;PEARLS;SEASHELLS;9998.0;5
0;2800;Paris;Charlie;BANANAS;SEASHELLS;4895.0;1
0;2800;Penelope;Camilla;BERRIES;SEASHELLS;4004.0;14
0;2900;Gina;Paris;PEARLS;SEASHELLS;9998.0;1
0;3100;Charlie;Paris;BANANAS;SEASHELLS;4891.0;1
0;3300;Caesar;Gary;PEARLS;SEASHELLS;9996.0;2
0;3300;Penelope;Gary;PEARLS;SEASHELLS;9996.0;2
0;3700;Paris;Camilla;BANANAS;SEASHELLS;4897.0;1
0;4000;Caesar;Caesar;COCONUTS;SEASHELLS;8103.0;48
0;4200;Caesar;Gina;BANANAS;SEASHELLS;4893.0;2
0;4200;Charlie;Gina;BANANAS;SEASHELLS;4893.0;10
0;4300;Camilla;Gary;BERRIES;SEASHELLS;3998.0;10
0;4300;Charlie;Penelope;PEARLS;SEASHELLS;9996.0;1
0;4300;Charlie;Paris;PEARLS;SEASHELLS;9995.0;1
0;4300;Charlie;Paris;BANANAS;SEASHELLS;4892.0;1
0;4300;Caesar;Penelope;PEARLS;SEASHELLS;9996.0;2
0;4400;Caesar;Paris;BANANAS;SEASHELLS;4893.0;1
0;4400;Charlie;Paris;PEARLS;SEASHELLS;9998.0;1
0;4700;Charlie;Gina;BANANAS;SEASHELLS;4893.0;8
0;4700;Camilla;Gina;BANANAS;SEASHELLS;4893.0;4
0;4800;Paris;Charlie;BANANAS;SEASHELLS;4898.0;1
0;4800;Pablo;Charlie;PEARLS;SEASHELLS;10002.0;3
0;4900;Charlie;Pablo;PEARLS;SEASHELLS;9998.0;4
0;4900;Paris;Pablo;PEARLS;SEASHELLS;9998.0;1
0;5100;Camilla;Pablo;BANANAS;SEASHELLS;4894.0;2
0;5100;Paris;Pablo;BANANAS;SEASHELLS;4894.0;1
0;5400;Camilla;Olivia;BERRIES;SEASHELLS;4000.0;17
0;6200;Charlie;Gina;BANANAS;SEASHELLS;4895.0;12
0;6200;Caesar;Gina;BANANAS;SEASHELLS;4895.0;1
0;6300;Penelope;Charlie;BANANAS;SEASHELLS;4901.0;6
0;6300;Caesar;Caesar;COCONUTS;SEASHELLS;8099.0;52
0;6300;Charlie;Paris;BANANAS;SEASHELLS;4894.0;1
0;6300;Pablo;Peter;BERRIES;SEASHELLS;4003.0;1
0;6600;Gary;Charlie;BANANAS;SEASHELLS;4901.0;18
0;6700;Pablo;Charlie;PEARLS;SEASHELLS;10002.0;4
0;6800;Camilla;Gary;PEARLS;SEASHELLS;9998.0;1
0;6800;Caesar;Paris;PEARLS;SEASHELLS;9996.0;1
0;6800;Charlie;Paris;PEARLS;SEASHELLS;9996.0;1
0;6800;Camilla;Paris;BANANAS;SEASHELLS;4894.0;1
0;6800;Charlie;Paris;BANANAS;SEASHELLS;4894.0;1
0;6900;Paris;Charlie;DIVING_GEAR;SEASHELLS;99913.0;2
0;7200;Paris;Caesar;PEARLS;SEASHELLS;10004.0;1
0;7200;Paris;Caesar;BANANAS;SEASHELLS;4899.0;1
0;7300;Camilla;Paris;BERRIES;SEASHELLS;3999.0;5
0;7400;Charlie;Paris;DIVING_GEAR;SEASHELLS;99893.0;2
0;7400;Paris;Charlie;PEARLS;SEASHELLS;10002.0;1
0;7600;Caesar;Penelope;BANANAS;SEASHELLS;4895.0;2
0;7700;Paris;Charlie;BANANAS;SEASHELLS;4900.0;1
0;7700;Paris;Charlie;BANANAS;SEASHELLS;4901.0;1
0;7700;Paris;Charlie;PEARLS;SEASHELLS;10005.0;1
0;7800;Paris;Charlie;BANANAS;SEASHELLS;4900.0;1
0;7900;Paris;Camilla;BANANAS;SEASHELLS;4900.0;1
0;7900;Paris;Camilla;PEARLS;SEASHELLS;10002.0;1
0;8200;Pablo;Camilla;BANANAS;SEASHELLS;4901.0;2
0;8200;Charlie;Pablo;PEARLS;SEASHELLS;9998.0;1
0;8300;Penelope;Camilla;BERRIES;SEASHELLS;4004.0;15
0;8400;Charlie;Paris;DIVING_GEAR;SEASHELLS;99906.0;2
0;8600;Camilla;Camilla;DIVING_GEAR;SEASHELLS;99898.0;2
0;8700;Charlie;Pablo;BANANAS;SEASHELLS;4898.0;1
0;8900;Pablo;Charlie;PEARLS;SEASHELLS;10002.0;5
0;9600;Charlie;Paris;BANANAS;SEASHELLS;4896.0;1
0;10300;Paris;Caesar;PEARLS;SEASHELLS;10004.0;2
0;10300;Paris;Pablo;BANANAS;SEASHELLS;4896.0;2
0;10500;Paris;Charlie;DIVING_GEAR;SEASHELLS;99894.0;1
0;10600;Charlie;Paris;PEARLS;SEASHELLS;9998.0;1
0;10600;Charlie;Pablo;PEARLS;SEASHELLS;9998.0;1
0;10800;Paris;Charlie;PEARLS;SEASHELLS;10002.0;1
0;10800;Camilla;Paris;BANANAS;SEASHELLS;4895.0;1
0;11100;Caesar;Penelope;PEARLS;SEASHELLS;9996.0;2
0;11200;Charlie;Pablo;PINA_COLADAS;SEASHELLS;15174.0;8
0;11300;Pablo;Charlie;BANANAS;SEASHELLS;4898.0;1
0;11400;Camilla;Paris;PEARLS;SEASHELLS;9998.0;1
0;11900;Camilla;Penelope;BERRIES;SEASHELLS;3993.0;10
0;12000;Caesar;Caesar;PINA_COLADAS;SEASHELLS;15171.0;27
0;12000;Caesar;Caesar;PINA_COLADAS;SEASHELLS;15171.0;11
0;12100;Paris;Camilla;PEARLS;SEASHELLS;10002.0;1
0;12300;Paris;Camilla;BERRIES;SEASHELLS;4001.0;5
0;12300;Paris;Caesar;PEARLS;SEASHELLS;10002.0;1
0;12500;Pablo;Charlie;PEARLS;SEASHELLS;10002.0;5
0;12900;Peter;Caesar;COCONUTS;SEASHELLS;8084.0;10
0;13700;Caesar;Paris;PEARLS;SEASHELLS;9998.0;1
0;14000;Paris;Paris;BANANAS;SEASHELLS;4899.0;1
0;14000;Caesar;Paris;PEARLS;SEASHELLS;9996.0;1
0;14300;Caesar;Paris;BANANAS;SEASHELLS;4894.0;1
0;14500;Charlie;Paris;BANANAS;SEASHELLS;4894.0;1
0;14800;Caesar;Paris;BANANAS;SEASHELLS;4894.0;1
0;14800;Camilla;Paris;DIVING_GEAR;SEASHELLS;99843.0;3
0;15000;Camilla;Camilla;DIVING_GEAR;SEASHELLS;99849.0;3
0;15100;Paris;Charlie;BANANAS;SEASHELLS;4899.0;1
0;15100;Paris;Charlie;PEARLS;SEASHELLS;10002.0;1
0;15400;Paris;Camilla;BANANAS;SEASHELLS;4898.0;1
0;15400;Paris;Camilla;PEARLS;SEASHELLS;10002.0;1
0;15500;Peter;Charlie;PINA_COLADAS;SEASHELLS;15163.0;3
0;15800;Camilla;Pablo;PEARLS;SEASHELLS;9998.0;4
0;16000;Charlie;Penelope;BANANAS;SEASHELLS;4892.0;10
0;16300;Camilla;Paris;DIVING_GEAR;SEASHELLS;99832.0;3
0;16700;Charlie;Paris;BANANAS;SEASHELLS;4893.0;1
0;16800;Paris;Camilla;PEARLS;SEASHELLS;10002.0;2
0;16800;Paris;Camilla;BANANAS;SEASHELLS;4898.0;2
0;17100;Camilla;Paris;BANANAS;SEASHELLS;4894.0;1
0;17300;Penelope;Pablo;BANANAS;SEASHELLS;4895.0;2
0;17300;Charlie;Paris;PEARLS;SEASHELLS;9998.0;1
0;17800;Paris;Charlie;DIVING_GEAR;SEASHELLS;99798.0;3
0;18200;Camilla;Camilla;DIVING_GEAR;SEASHELLS;99793.0;3
0;18600;Paris;Camilla;PEARLS;SEASHELLS;10002.0;1
0;18900;Paris;Caesar;PEARLS;SEASHELLS;10004.0;1
0;18900;Paris;Charlie;BANANAS;SEASHELLS;4901.0;2
0;19000;Charlie;Paris;BANANAS;SEASHELLS;4894.0;1
0;19600;Caesar;Caesar;PINA_COLADAS;SEASHELLS;15178.0;11
0;19600;Caesar;Caesar;PINA_COLADAS;SEASHELLS;15178.0;29
0;19600;Paris;Charlie;DIVING_GEAR;SEASHELLS;99816.0;3
0;19700;Paris;Camilla;BERRIES;SEASHELLS;3996.0;4
0;20100;Camilla;Paris;PEARLS;SEASHELLS;9998.0;1
0;20300;Paris;Camilla;DIVING_GEAR;SEASHELLS;99834.0;2
0;20300;Charlie;Penelope;BANANAS;SEASHELLS;4893.0;10
0;20600;Paris;Charlie;BANANAS;SEASHELLS;4899.0;1
0;20600;Paris;Caesar;PEARLS;SEASHELLS;10004.0;1
0;20800;Paris;Charlie;BANANAS;SEASHELLS;4896.0;1
0;20900;Penelope;Caesar;PEARLS;SEASHELLS;10004.0;1
0;21100;Charlie;Pablo;COCONUTS;SEASHELLS;8092.0;29
0;21100;Camilla;Paris;BANANAS;SEASHELLS;4891.0;1
0;21100;Caesar;Paris;BANANAS;SEASHELLS;4891.0;1
0;21100;Charlie;Paris;PEARLS;SEASHELLS;9998.0;1
0;21100;Camilla;Paris;PEARLS;SEASHELLS;9998.0;1
0;21300;Charlie;Paris;BANANAS;SEASHELLS;4891.0;1
0;21500;Pablo;Charlie;BANANAS;SEASHELLS;4896.0;4
0;21600;Caesar;Paris;BANANAS;SEASHELLS;4892.0;1
0;21600;Paris;Charlie;PEARLS;SEASHELLS;10002.0;1
0;21800;Camilla;Paris;BANANAS;SEASHELLS;4893.0;1
0;21800;Peter;Charlie;COCONUTS;SEASHELLS;8094.0;10
0;21900;Caesar;Paris;BANANAS;SEASHELLS;4893.0;1
0;21900;Camilla;Penelope;BERRIES;SEASHELLS;3988.0;13
0;21900;Caesar;Paris;PEARLS;SEASHELLS;9996.0;1
0;22000;Caesar;Paris;BANANAS;SEASHELLS;4892.0;1
0;22000;Penelope;Caesar;PEARLS;SEASHELLS;10000.0;2
0;22100;Charlie;Paris;BANANAS;SEASHELLS;4892.0;1
0;22100;Caesar;Paris;PEARLS;SEASHELLS;9996.0;1
0;22400;Pablo;Charlie;PEARLS;SEASHELLS;10002.0;2
0;22400;Pablo;Paris;PEARLS;SEASHELLS;10002.0;1
0;22500;Gina;Charlie;PEARLS;SEASHELLS;10002.0;6
0;22700;Camilla;Paris;DIVING_GEAR;SEASHELLS;99788.0;3
0;22900;Paris;Camilla;BERRIES;SEASHELLS;3994.0;1
0;23000;Camilla;Paris;DIVING_GEAR;SEASHELLS;99772.0;1
0;23100;Charlie;Paris;DIVING_GEAR;SEASHELLS;99773.0;3
0;23200;Charlie;Paris;PEARLS;SEASHELLS;9998.0;1
0;23200;Charlie;Gary;BANANAS;SEASHELLS;4891.0;14
0;23600;Pablo;Camilla;BANANAS;SEASHELLS;4895.0;3
0;23800;Camilla;Camilla;DIVING_GEAR;SEASHELLS;99782.0;1
0;23900;Paris;Charlie;BANANAS;SEASHELLS;4896.0;1
0;24000;Charlie;Paris;DIVING_GEAR;SEASHELLS;99772.0;1
0;24200;Camilla;Paris;PEARLS;SEASHELLS;9998.0;1
0;24300;Pablo;Charlie;PEARLS;SEASHELLS;10002.0;5
0;24300;Paris;Charlie;PEARLS;SEASHELLS;10002.0;1
0;24500;Pablo;Charlie;BANANAS;SEASHELLS;4894.0;4
0;24500;Charlie;Pablo;PEARLS;SEASHELLS;9998.0;1
0;24500;Pablo;Paris;BANANAS;SEASHELLS;4894.0;1
0;24500;Charlie;Paris;PEARLS;SEASHELLS;9998.0;1
0;24700;Paris;Caesar;PEARLS;SEASHELLS;10004.0;1
0;24700;Paris;Caesar;BANANAS;SEASHELLS;4896.0;1
0;25100;Caesar;Penelope;BANANAS;SEASHELLS;4892.0;6
0;25100;Charlie;Penelope;BANANAS;SEASHELLS;4892.0;1
0;25100;Paris;Penelope;BANANAS;SEASHELLS;4892.0;2
0;25100;Paris;Charlie;PEARLS;SEASHELLS;10005.0;2
0;25200;Charlie;Paris;BANANAS;SEASHELLS;4890.0;1
0;25300;Caesar;Paris;BANANAS;SEASHELLS;4890.0;1
0;25300;Caesar;Paris;PEARLS;SEASHELLS;9996.0;1
0;25400;Paris;Charlie;BANANAS;SEASHELLS;4896.0;1
0;25400;Paris;Caesar;PEARLS;SEASHELLS;10004.0;1
0;26000;Charlie;Peter;PINA_COLADAS;SEASHELLS;15205.0;2
0;26400;Charlie;Paris;BANANAS;SEASHELLS;4888.0;1
0;26500;Paris;Camilla;BANANAS;SEASHELLS;4893.0;1
0;26500;Paris;Camilla;PEARLS;SEASHELLS;10002.0;2
0;26500;Paris;Camilla;BANANAS;SEASHELLS;4893.0;2
0;26600;Pablo;Charlie;PEARLS;SEASHELLS;10002.0;3
0;26900;Charlie;Pablo;PEARLS;SEASHELLS;9998.0;1
0;27200;Pablo;Charlie;BANANAS;SEASHELLS;4893.0;3
0;27400;Penelope;Caesar;PEARLS;SEASHELLS;10004.0;1
0;27500;Charlie;Pablo;BANANAS;SEASHELLS;4890.0;1
0;27600;Charlie;Paris;PEARLS;SEASHELLS;9998.0;1
0;27700;Penelope;Charlie;BANANAS;SEASHELLS;4895.0;3
0;27700;Charlie;Penelope;PEARLS;SEASHELLS;9996.0;4
0;27700;Caesar;Penelope;PEARLS;SEASHELLS;9996.0;2
0;27900;Charlie;Pablo;PEARLS;SEASHELLS;9998.0;4
0;28000;Paris;Camilla;BANANAS;SEASHELLS;4893.0;1
0;28000;Paris;Camilla;PEARLS;SEASHELLS;10002.0;1
0;28100;Charlie;Paris;PEARLS;SEASHELLS;9995.0;1
0;28100;Charlie;Paris;BANANAS;SEASHELLS;4888.0;1
0;28300;Charlie;Paris;DIVING_GEAR;SEASHELLS;99721.0;3
0;28400;Caesar;Caesar;COCONUTS;SEASHELLS;8101.0;50
0;28500;Camilla;Paris;DIVING_GEAR;SEASHELLS;99728.0;2
0;28600;Camilla;Paris;BANANAS;SEASHELLS;4888.0;1
0;28700;Caesar;Penelope;PEARLS;SEASHELLS;9996.0;1
0;28700;Charlie;Penelope;PEARLS;SEASHELLS;9996.0;7
0;29000;Paris;Charlie;BANANAS;SEASHELLS;4894.0;1
0;29000;Paris;Charlie;PEARLS;SEASHELLS;10005.0;1
0;29200;Pablo;Camilla;PEARLS;SEASHELLS;10002.0;1
0;29200;Pablo;Paris;PEARLS;SEASHELLS;10002.0;1
0;29300;Charlie;Paris;BANANAS;SEASHELLS;4888.0;1
0;29400;Pablo;Charlie;BANANAS;SEASHELLS;4892.0;4
0;29500;Camilla;Penelope;BERRIES;SEASHELLS;3983.0;10
0;29800;Paris;Camilla;BERRIES;SEASHELLS;3990.0;8
0;29900;Paris;Charlie;DIVING_GEAR;SEASHELLS;99750.0;2
0;29900;Pablo;Caesar;PEARLS;SEASHELLS;10002.0;4
0;30000;Paris;Camilla;BANANAS;SEASHELLS;4893.0;1
0;30100;Paris;Camilla;BERRIES;SEASHELLS;3991.0;4
0;30600;Penelope;Charlie;BANANAS;SEASHELLS;4893.0;2
0;30600;Caesar;Caesar;PINA_COLADAS;SEASHELLS;15228.0;22
0;30700;Pablo;Charlie;BANANAS;SEASHELLS;4891.0;3
0;30700;Pablo;Paris;BANANAS;SEASHELLS;4891.0;1
0;31200;Caesar;Paris;BANANAS;SEASHELLS;4887.0;1
0;31200;Paris;Camilla;BERRIES;SEASHELLS;3990.0;1
0;31500;Camilla;Penelope;BERRIES;SEASHELLS;3984.0;11
0;31500;Charlie;Paris;BANANAS;SEASHELLS;4888.0;1
0;31700;Charlie;Pablo;PEARLS;SEASHELLS;9998.0;3
0;31700;Paris;Camilla;BANANAS;SEASHELLS;4892.0;1
0;31700;Paris;Pablo;PEARLS;SEASHELLS;9998.0;1
0;31900;Penelope;Camilla;BERRIES;SEASHELLS;3990.0;11
0;32000;Paris;Caesar;PEARLS;SEASHELLS;10002.0;1
0;32200;Paris;Camilla;BANANAS;SEASHELLS;4892.0;1
0;32300;Paris;Camilla;PEARLS;SEASHELLS;10002.0;1
0;32400;Caesar;Paris;BANANAS;SEASHELLS;4886.0;1
0;32700;Paris;Penelope;PEARLS;SEASHELLS;10002.0;1
0;32800;Camilla;Paris;BERRIES;SEASHELLS;3983.0;1
0;32900;Charlie;Peter;COCONUTS;SEASHELLS;8091.0;10
0;33600;Charlie;Paris;BANANAS;SEASHELLS;4885.0;1
0;33700;Camilla;Paris;PEARLS;SEASHELLS;9998.0;1
0;33700;Camilla;Gina;BANANAS;SEASHELLS;4885.0;7
0;33800;Pablo;Charlie;PEARLS;SEASHELLS;10002.0;1
0;33900;Paris;Charlie;PEARLS;SEASHELLS;10005.0;2
0;33900;Paris;Charlie;BANANAS;SEASHELLS;4891.0;2
0;34100;Caesar;Gina;BANANAS;SEASHELLS;4885.0;1
0;34200;Caesar;Paris;BANANAS;SEASHELLS;4885.0;1
0;34200;Charlie;Paris;PEARLS;SEASHELLS;9995.0;2
0;34200;Charlie;Paris;BANANAS;SEASHELLS;4885.0;1
0;34200;Caesar;Penelope;PEARLS;SEASHELLS;9996.0;1
0;34200;Charlie;Penelope;PEARLS;SEASHELLS;9996.0;2
0;34300;Caesar;Paris;BANANAS;SEASHELLS;4885.0;1
0;34400;Charlie;Paris;BANANAS;SEASHELLS;4884.0;1
0;34600;Camilla;Paris;BERRIES;SEASHELLS;3984.0;3
0;34700;Charlie;Pablo;PEARLS;SEASHELLS;9998.0;5
0;34800;Pablo;Charlie;PEARLS;SEASHELLS;10002.0;1
0;34900;Charlie;Paris;BANANAS;SEASHELLS;4884.0;1
0;34900;Charlie;Penelope;BANANAS;SEASHELLS;4884.0;2
0;35500;Charlie;Paris;BANANAS;SEASHELLS;4883.0;1
0;35500;Paris;Charlie;DIVING_GEAR;SEASHELLS;99765.0;3
0;35600;Camilla;Paris;BANANAS;SEASHELLS;4883.0;1
0;35700;Pablo;Camilla;PEARLS;SEASHELLS;10002.0;1
0;35700;Paris;Penelope;PEARLS;SEASHELLS;10002.0;1
0;35700;Caesar;Caesar;COCONUTS;SEASHELLS;8091.0;65
0;35800;Camilla;Paris;BERRIES;SEASHELLS;3984.0;10
0;35900;Paris;Pablo;BANANAS;SEASHELLS;4884.0;1
0;36000;Charlie;Paris;PEARLS;SEASHELLS;9998.0;1
0;36300;Charlie;Paris;BANANAS;SEASHELLS;4884.0;1
0;36500;Caesar;Penelope;PEARLS;SEASHELLS;9996.0;1
0;36700;Gina;Paris;BANANAS;SEASHELLS;4889.0;1
0;36700;Gina;Paris;BANANAS;SEASHELLS;4885.0;1
0;36700;Paris;Paris;PEARLS;SEASHELLS;10002.0;1
0;36800;Paris;Charlie;PEARLS;SEASHELLS;10002.0;1
0;37100;Paris;Charlie;BANANAS;SEASHELLS;4889.0;1
0;37100;Charlie;Paris;DIVING_GEAR;SEASHELLS;99761.0;3
0;37200;Camilla;Paris;PEARLS;SEASHELLS;9998.0;1
0;37300;Gina;Camilla;PEARLS;SEASHELLS;10002.0;7
0;37300;Gina;Charlie;PEARLS;SEASHELLS;10002.0;5
0;37400;Camilla;Paris;DIVING_GEAR;SEASHELLS;99744.0;1
0;37700;Paris;Charlie;BANANAS;SEASHELLS;4888.0;1
0;37700;Charlie;Paris;DIVING_GEAR;SEASHELLS;99763.0;3
0;37800;Charlie;Penelope;BANANAS;SEASHELLS;4883.0;4
0;37900;Paris;Pablo;BANANAS;SEASHELLS;4884.0;1
0;37900;Camilla;Penelope;BERRIES;SEASHELLS;3985.0;10
0;38100;Charlie;Paris;BANANAS;SEASHELLS;4883.0;1
0;38200;Charlie;Gina;PEARLS;SEASHELLS;9998.0;2
0;38200;Camilla;Gina;PEARLS;SEASHELLS;9998.0;5
0;38300;Charlie;Penelope;BANANAS;SEASHELLS;4883.0;6
0;38300;Paris;Charlie;DIVING_GEAR;SEASHELLS;99746.0;1
0;38400;Charlie;Paris;BANANAS;SEASHELLS;4883.0;1
0;38500;Paris;Charlie;PEARLS;SEASHELLS;10002.0;1
0;38500;Paris;Charlie;BANANAS;SEASHELLS;4888.0;1
0;38600;Pablo;Charlie;PEARLS;SEASHELLS;10002.0;5
0;38900;Pablo;Camilla;PEARLS;SEASHELLS;10002.0;4
0;39400;Paris;Charlie;BANANAS;SEASHELLS;4891.0;1
0;39400;Paris;Caesar;PEARLS;SEASHELLS;10004.0;1
0;39600;Penelope;Charlie;PEARLS;SEASHELLS;10005.0;2
0;39600;Paris;Camilla;DIVING_GEAR;SEASHELLS;99740.0;3
0;39700;Gary;Charlie;PEARLS;SEASHELLS;10005.0;8
0;39700;Charlie;Penelope;PEARLS;SEASHELLS;9995.0;2
0;39700;Paris;Charlie;BANANAS;SEASHELLS;4890.0;1
0;39700;Paris;Charlie;PEARLS;SEASHELLS;10005.0;1
0;40000;Pablo;Charlie;BANANAS;SEASHELLS;4888.0;5
0;40100;Paris;Charlie;PEARLS;SEASHELLS;10002.0;1
0;40300;Caesar;Penelope;PEARLS;SEASHELLS;9996.0;1
0;40300;Charlie;Penelope;PEARLS;SEASHELLS;9996.0;5
0;40700;Camilla;Camilla;DIVING_GEAR;SEASHELLS;99727.0;1
0;40800;Camilla;Camilla;DIVING_GEAR;SEASHELLS;99730.0;2
0;41000;Charlie;Caesar;BANANAS;SEASHELLS;4886.0;4
0;41300;Paris;Charlie;DIVING_GEAR;SEASHELLS;99744.0;1
0;41400;Charlie;Paris;BANANAS;SEASHELLS;4885.0;1
0;41500;Camilla;Paris;BERRIES;SEASHELLS;3986.0;3
0;41500;Camilla;Paris;PEARLS;SEASHELLS;9998.0;1
0;42200;Charlie;Paris;BANANAS;SEASHELLS;4887.0;2
0;42200;Charlie;Paris;PEARLS;SEASHELLS;9995.0;2
0;42300;Paris;Charlie;PEARLS;SEASHELLS;10005.0;1
0;42300;Paris;Charlie;BANANAS;SEASHELLS;4892.0;1
0;42300;Paris;Charlie;BANANAS;SEASHELLS;4894.0;1
0;42300;Peter;Caesar;COCONUTS;SEASHELLS;8095.0;8
0;42500;Charlie;Paris;BANANAS;SEASHELLS;4886.0;1
0;42500;Charlie;Penelope;BANANAS;SEASHELLS;4886.0;3
0;42700;Charlie;Paris;BANANAS;SEASHELLS;4886.0;1
0;43100;Penelope;Camilla;BERRIES;SEASHELLS;3991.0;13
0;43200;Paris;Caesar;PEARLS;SEASHELLS;10002.0;1
0;43400;Charlie;Paris;BANANAS;SEASHELLS;4887.0;1
0;43700;Camilla;Penelope;BERRIES;SEASHELLS;3983.0;13
0;43800;Charlie;Paris;PEARLS;SEASHELLS;9998.0;1
0;44000;Pablo;Charlie;PEARLS;SEASHELLS;10002.0;4
0;44100;Charlie;Paris;BANANAS;SEASHELLS;4886.0;2
0;44100;Caesar;Paris;PEARLS;SEASHELLS;9996.0;2
0;44100;Charlie;Paris;BANANAS;SEASHELLS;4887.0;1
0;44200;Camilla;Penelope;PEARLS;SEASHELLS;9998.0;2
0;44500;Caesar;Paris;PEARLS;SEASHELLS;9996.0;1
0;44500;Charlie;Paris;BANANAS;SEASHELLS;4886.0;1
0;44700;Caesar;Paris;PEARLS;SEASHELLS;9996.0;1
0;44700;Charlie;Paris;BANANAS;SEASHELLS;4886.0;1
0;45100;Charlie;Paris;PEARLS;SEASHELLS;9998.0;1
0;45300;Penelope;Paris;PEARLS;SEASHELLS;9998.0;1
0;45300;Charlie;Paris;BANANAS;SEASHELLS;4888.0;1
0;45600;Paris;Charlie;BANANAS;SEASHELLS;4894.0;1
0;45700;Paris;Camilla;BERRIES;SEASHELLS;3993.0;9
0;45800;Camilla;Paris;DIVING_GEAR;SEASHELLS;99696.0;2
0;46000;Charlie;Penelope;PEARLS;SEASHELLS;9996.0;1
0;46000;Charlie;Pablo;PEARLS;SEASHELLS;9998.0;5
0;46000;Caesar;Penelope;PEARLS;SEASHELLS;9996.0;2
0;46100;Charlie;Paris;BANANAS;SEASHELLS;4891.0;1
0;46100;Charlie;Peter;PINA_COLADAS;SEASHELLS;15233.0;2
0;46200;Charlie;Pablo;BANANAS;SEASHELLS;4892.0;2
0;46500;Charlie;Paris;BANANAS;SEASHELLS;4891.0;1
0;46800;Camilla;Paris;PEARLS;SEASHELLS;9998.0;1
0;46900;Paris;Charlie;BANANAS;SEASHELLS;4895.0;1
0;47000;Charlie;Paris;PEARLS;SEASHELLS;9995.0;2
0;47000;Charlie;Paris;BANANAS;SEASHELLS;4889.0;2
0;47100;Camilla;Paris;BANANAS;SEASHELLS;4890.0;1
0;47200;Paris;Charlie;BANANAS;SEASHELLS;4895.0;1
0;47600;Charlie;Paris;BANANAS;SEASHELLS;4889.0;2
0;47600;Charlie;Paris;PEARLS;SEASHELLS;9995.0;2
0;47700;Charlie;Pablo;PEARLS;SEASHELLS;9998.0;1
0;47900;Camilla;Paris;BERRIES;SEASHELLS;3986.0;1
0;48000;Camilla;Paris;DIVING_GEAR;SEASHELLS;99628.0;2
0;48200;Camilla;Penelope;BERRIES;SEASHELLS;3985.0;14
0;48300;Paris;Charlie;BANANAS;SEASHELLS;4895.0;1
0;48700;Pablo;Charlie;PEARLS;SEASHELLS;10002.0;2
0;48900;Camilla;Paris;BANANAS;SEASHELLS;4890.0;1
0;49100;Camilla;Paris;BANANAS;SEASHELLS;4891.0;2
0;49100;Camilla;Paris;PEARLS;SEASHELLS;9998.0;2
0;49200;Caesar;Caesar;PINA_COLADAS;SEASHELLS;15221.0;22
0;49200;Caesar;Caesar;PINA_COLADAS;SEASHELLS;15221.0;17
0;49200;Camilla;Paris;DIVING_GEAR;SEASHELLS;99615.0;3
0;49300;Paris;Charlie;BANANAS;SEASHELLS;4896.0;1
0;49700;Paris;Camilla;PEARLS;SEASHELLS;10002.0;1
0;49800;Gary;Paris;PEARLS;SEASHELLS;9998.0;1
0;49900;Paris;Camilla;PEARLS;SEASHELLS;10002.0;1
0;50100;Paris;Charlie;BANANAS;SEASHELLS;4896.0;2
0;50100;Paris;Caesar;PEARLS;SEASHELLS;10004.0;2
0;50300;Paris;Camilla;PEARLS;SEASHELLS;10002.0;1
0;50400;Pablo;Charlie;PEARLS;SEASHELLS;10002.0;4
0;50600;Caesar;Caesar;COCONUTS;SEASHELLS;8094.0;60
0;50600;Caesar;Caesar;COCONUTS;SEASHELLS;8094.0;11
0;50600;Paris;Charlie;BANANAS;SEASHELLS;4895.0;1
0;50700;Charlie;Pablo;BANANAS;SEASHELLS;4891.0;1
0;50800;Charlie;Paris;PEARLS;SEASHELLS;9998.0;1
0;51500;Camilla;Paris;BERRIES;SEASHELLS;3987.0;4
0;51800;Gina;Peter;BERRIES;SEASHELLS;3989.0;3
0;52300;Paris;Camilla;BANANAS;SEASHELLS;4897.0;1
0;52700;Charlie;Paris;BANANAS;SEASHELLS;4891.0;2
0;52700;Charlie;Pablo;PEARLS;SEASHELLS;9998.0;1
0;52700;Charlie;Paris;PEARLS;SEASHELLS;9995.0;2
0;53400;Charlie;Paris;BANANAS;SEASHELLS;4893.0;1
0;53600;Camilla;Gary;PEARLS;SEASHELLS;9998.0;2
0;53600;Camilla;Paris;BANANAS;SEASHELLS;4893.0;1
0;53700;Charlie;Paris;DIVING_GEAR;SEASHELLS;99527.0;1
0;54400;Charlie;Paris;BANANAS;SEASHELLS;4892.0;1
0;54400;Camilla;Paris;BERRIES;SEASHELLS;3985.0;1
0;54500;Caesar;Caesar;COCONUTS;SEASHELLS;8093.0;60
0;54500;Charlie;Paris;BANANAS;SEASHELLS;4892.0;1
0;54600;Charlie;Paris;DIVING_GEAR;SEASHELLS;99498.0;3
0;54700;Camilla;Paris;PEARLS;SEASHELLS;9998.0;1
0;55000;Paris;Pablo;PEARLS;SEASHELLS;9998.0;1
0;55000;Paris;Charlie;BANANAS;SEASHELLS;4900.0;1
0;55900;Penelope;Charlie;BANANAS;SEASHELLS;4901.0;3
0;56400;Penelope;Camilla;BERRIES;SEASHELLS;3990.0;10
0;56600;Gary;Caesar;PEARLS;SEASHELLS;10004.0;1
0;56700;Charlie;Camilla;DIVING_GEAR;SEASHELLS;99482.0;1
0;56700;Charlie;Peter;COCONUTS;SEASHELLS;8097.0;5
0;56700;Charlie;Paris;BANANAS;SEASHELLS;4894.0;1
0;56800;Charlie;Paris;BANANAS;SEASHELLS;4894.0;1
0;57000;Charlie;Paris;PEARLS;SEASHELLS;9995.0;2
0;57000;Charlie;Paris;BANANAS;SEASHELLS;4893.0;2
0;57000;Charlie;Penelope;BANANAS;SEASHELLS;4893.0;4
0;57200;Charlie;Caesar;BANANAS;SEASHELLS;4896.0;2
0;57300;Paris;Charlie;PEARLS;SEASHELLS;10002.0;1
0;57400;Charlie;Paris;BANANAS;SEASHELLS;4893.0;1
0;57800;Camilla;Paris;BERRIES;SEASHELLS;3983.0;4
0;58000;Camilla;Paris;BANANAS;SEASHELLS;4893.0;1
0;58000;Charlie;Paris;DIVING_GEAR;SEASHELLS;99463.0;2
0;58100;Charlie;Paris;BANANAS;SEASHELLS;4893.0;1
0;58800;Caesar;Caesar;COCONUTS;SEASHELLS;8093.0;24
0;58800;Caesar;Caesar;COCONUTS;SEASHELLS;8093.0;44
0;58800;Camilla;Paris;PEARLS;SEASHELLS;9998.0;1
0;58900;Charlie;Paris;PEARLS;SEASHELLS;9998.0;1
0;58900;Peter;Charlie;COCONUTS;SEASHELLS;8096.0;5
0;59000;Camilla;Gina;PEARLS;SEASHELLS;9998.0;9
0;59100;Charlie;Pablo;PEARLS;SEASHELLS;9998.0;2
0;59100;Charlie;Gina;BANANAS;SEASHELLS;4894.0;12
0;59300;Paris;Pablo;PEARLS;SEASHELLS;9998.0;1
0;59300;Caesar;Pablo;PEARLS;SEASHELLS;9998.0;2
0;59400;Pablo;Camilla;PEARLS;SEASHELLS;10002.0;3
0;59900;Paris;Caesar;PEARLS;SEASHELLS;10004.0;2
0;59900;Paris;Charlie;PEARLS;SEASHELLS;10002.0;1
0;59900;Paris;Charlie;BANANAS;SEASHELLS;4900.0;2
0;60100;Charlie;Paris;PEARLS;SEASHELLS;9998.0;1
0;60200;Caesar;Paris;PEARLS;SEASHELLS;9998.0;1
0;60400;Caesar;Pablo;PEARLS;SEASHELLS;9998.0;2
0;60500;Caesar;Paris;PEARLS;SEASHELLS;9996.0;1
0;60500;Charlie;Paris;BANANAS;SEASHELLS;4893.0;1
0;61000;Paris;Charlie;BANANAS;SEASHELLS;4900.0;1
0;61000;Paris;Caesar;PEARLS;SEASHELLS;10004.0;1
0;61100;Caesar;Caesar;COCONUTS;SEASHELLS;8091.0;74
0;61100;Charlie;Pablo;BANANAS;SEASHELLS;4895.0;2
0;61200;Charlie;Camilla;DIVING_GEAR;SEASHELLS;99454.0;2
0;61500;Gina;Charlie;PEARLS;SEASHELLS;10002.0;6
0;61600;Paris;Camilla;BERRIES;SEASHELLS;3993.0;7
0;61600;Camilla;Paris;DIVING_GEAR;SEASHELLS;99438.0;2
0;62000;Peter;Charlie;PINA_COLADAS;SEASHELLS;15211.0;4
0;62200;Camilla;Paris;BANANAS;SEASHELLS;4892.0;1
0;62300;Camilla;Paris;BERRIES;SEASHELLS;3986.0;4
0;62400;Charlie;Paris;DIVING_GEAR;SEASHELLS;99471.0;1
0;62500;Paris;Camilla;DIVING_GEAR;SEASHELLS;99470.0;2
0;62800;Charlie;Gary;PEARLS;SEASHELLS;9996.0;7
0;62800;Caesar;Gary;PEARLS;SEASHELLS;9996.0;1
0;62900;Paris;Charlie;BANANAS;SEASHELLS;4900.0;1
0;62900;Paris;Caesar;PEARLS;SEASHELLS;10004.0;1
0;63000;Gary;Caesar;BANANAS;SEASHELLS;4899.0;2
0;63100;Camilla;Gary;BERRIES;SEASHELLS;3984.0;19
0;63500;Charlie;Paris;PEARLS;SEASHELLS;9998.0;1
0;63700;Peter;Charlie;COCONUTS;SEASHELLS;8097.0;8
0;63700;Camilla;Paris;PEARLS;SEASHELLS;9998.0;1
0;63700;Camilla;Paris;BANANAS;SEASHELLS;4895.0;1
0;63800;Charlie;Paris;BANANAS;SEASHELLS;4894.0;1
0;63900;Penelope;Paris;BANANAS;SEASHELLS;4895.0;1
0;64300;Penelope;Charlie;BANANAS;SEASHELLS;4902.0;5
0;64400;Charlie;Paris;BANANAS;SEASHELLS;4894.0;1
0;64600;Charlie;Paris;BANANAS;SEASHELLS;4895.0;1
0;64900;Charlie;Paris;BANANAS;SEASHELLS;4895.0;1
0;65000;Peter;Charlie;COCONUTS;SEASHELLS;8095.0;9
0;65100;Paris;Caesar;PEARLS;SEASHELLS;10004.0;1
0;65100;Paris;Charlie;BANANAS;SEASHELLS;4902.0;1
0;65300;Paris;Charlie;BANANAS;SEASHELLS;4900.0;1
0;65300;Paris;Charlie;PEARLS;SEASHELLS;10002.0;1
0;65400;Charlie;Paris;PEARLS;SEASHELLS;9998.0;1
0;65700;Camilla;Penelope;BERRIES;SEASHELLS;3987.0;12
0;65900;Paris;Camilla;BERRIES;SEASHELLS;3994.0;10
0;66000;Caesar;Paris;PEARLS;SEASHELLS;9996.0;1
0;66000;Charlie;Paris;BANANAS;SEASHELLS;4894.0;2
0;66100;Charlie;Penelope;PEARLS;SEASHELLS;9995.0;6
0;66400;Charlie;Peter;COCONUTS;SEASHELLS;8096.0;7
0;66500;Charlie;Paris;BANANAS;SEASHELLS;4892.0;1
0;66500;Charlie;Penelope;BANANAS;SEASHELLS;4892.0;10
0;66600;Camilla;Gary;BERRIES;SEASHELLS;3985.0;16
0;67000;Pablo;Charlie;PEARLS;SEASHELLS;10002.0;4
0;67000;Charlie;Pablo;BANANAS;SEASHELLS;4893.0;5
0;67000;Penelope;Camilla;BERRIES;SEASHELLS;3991.0;10
0;67100;Caesar;Penelope;PEARLS;SEASHELLS;9996.0;1
0;67300;Caesar;Gary;BANANAS;SEASHELLS;4891.0;1
0;67300;Charlie;Gary;BANANAS;SEASHELLS;4891.0;17
0;67700;Paris;Charlie;PEARLS;SEASHELLS;10002.0;1
0;68000;Charlie;Gary;BANANAS;SEASHELLS;4892.0;16
0;68500;Paris;Penelope;BERRIES;SEASHELLS;3985.0;4
0;68500;Camilla;Penelope;BERRIES;SEASHELLS;3985.0;11
0;68700;Gary;Charlie;BANANAS;SEASHELLS;4899.0;18
0;69000;Camilla;Penelope;BERRIES;SEASHELLS;3984.0;11
0;69400;Pablo;Charlie;PEARLS;SEASHELLS;10002.0;4
0;69400;Charlie;Peter;PINA_COLADAS;SEASHELLS;15193.0;5
0;69400;Camilla;Paris;BERRIES;SEASHELLS;3985.0;2
0;69500;Paris;Charlie;PEARLS;SEASHELLS;10002.0;1
0;69500;Pablo;Charlie;PEARLS;SEASHELLS;10002.0;1
0;69500;Camilla;Paris;DIVING_GEAR;SEASHELLS;99476.0;1
0;69600;Paris;Camilla;PEARLS;SEASHELLS;10002.0;1
0;69600;Paris;Camilla;BANANAS;SEASHELLS;4898.0;1
0;69600;Charlie;Paris;DIVING_GEAR;SEASHELLS;99491.0;2
0;69700;Paris;Camilla;BERRIES;SEASHELLS;3992.0;1
0;69800;Caesar;Paris;BANANAS;SEASHELLS;4895.0;1
0;69900;Paris;Charlie;DIVING_GEAR;SEASHELLS;99504.0;3
0;70400;Pablo;Camilla;PEARLS;SEASHELLS;10002.0;5
0;70500;Charlie;Peter;PINA_COLADAS;SEASHELLS;15179.0;5
0;70600;Caesar;Penelope;PEARLS;SEASHELLS;9996.0;2
0;70700;Paris;Camilla;BANANAS;SEASHELLS;4899.0;2
0;70700;Paris;Camilla;PEARLS;SEASHELLS;10002.0;2
0;70800;Camilla;Paris;DIVING_GEAR;SEASHELLS;99545.0;2
0;70800;Caesar;Paris;BANANAS;SEASHELLS;4895.0;1
0;70900;Paris;Charlie;PEARLS;SEASHELLS;10005.0;1
0;70900;Paris;Charlie;BANANAS;SEASHELLS;4901.0;1
0;70900;Gary;Charlie;PEARLS;SEASHELLS;10005.0;12
0;71000;Paris;Charlie;BANANAS;SEASHELLS;4899.0;1
0;71400;Camilla;Paris;BANANAS;SEASHELLS;4896.0;1
0;71500;Charlie;Pablo;PINA_COLADAS;SEASHELLS;15178.0;11
0;71800;Penelope;Camilla;BERRIES;SEASHELLS;3991.0;12
0;72000;Charlie;Pablo;PINA_COLADAS;SEASHELLS;15182.0;9
0;72200;Charlie;Penelope;BANANAS;SEASHELLS;4893.0;9
0;72200;Caesar;Penelope;BANANAS;SEASHELLS;4893.0;1
0;72500;Paris;Caesar;BANANAS;SEASHELLS;4899.0;1
0;72500;Charlie;Peter;COCONUTS;SEASHELLS;8098.0;10
0;72500;Paris;Caesar;PEARLS;SEASHELLS;10004.0;1
0;73100;Charlie;Peter;COCONUTS;SEASHELLS;8099.0;10
0;73400;Camilla;Paris;DIVING_GEAR;SEASHELLS;99501.0;2
0;73400;Charlie;Paris;PEARLS;SEASHELLS;9998.0;1
0;73700;Paris;Charlie;BANANAS;SEASHELLS;4898.0;1
0;73700;Camilla;Paris;BERRIES;SEASHELLS;3980.0;10
0;74100;Camilla;Camilla;DIVING_GEAR;SEASHELLS;99491.0;1
0;74200;Paris;Charlie;DIVING_GEAR;SEASHELLS;99488.0;1
0;74300;Paris;Gina;BANANAS;SEASHELLS;4897.0;1
0;74300;Charlie;Gina;BANANAS;SEASHELLS;4892.0;11
0;74300;Paris;Charlie;DIVING_GEAR;SEASHELLS;99477.0;2
0;74400;Charlie;Paris;BANANAS;SEASHELLS;4891.0;1
0;74600;Penelope;Caesar;PEARLS;SEASHELLS;10004.0;2
0;74600;Caesar;Paris;BANANAS;SEASHELLS;4891.0;1
0;74800;Charlie;Pablo;PEARLS;SEASHELLS;9998.0;2
0;74900;Charlie;Paris;PEARLS;SEASHELLS;9998.0;1
0;75200;Gina;Penelope;BANANAS;SEASHELLS;4895.0;7
0;75200;Gina;Charlie;BANANAS;SEASHELLS;4895.0;6
0;75300;Paris;Charlie;DIVING_GEAR;SEASHELLS;99516.0;1
0;75400;Pablo;Gary;BANANAS;SEASHELLS;4896.0;5
0;75700;Camilla;Paris;DIVING_GEAR;SEASHELLS;99504.0;1
0;75800;Paris;Caesar;PEARLS;SEASHELLS;10004.0;1
0;75800;Paris;Charlie;BANANAS;SEASHELLS;4899.0;1
0;76000;Charlie;Gary;BANANAS;SEASHELLS;4892.0;20
0;77100;Charlie;Paris;BANANAS;SEASHELLS;4894.0;1
0;77200;Camilla;Camilla;DIVING_GEAR;SEASHELLS;99524.0;2
0;77300;Camilla;Gary;BERRIES;SEASHELLS;3976.0;13
0;77700;Camilla;Paris;PEARLS;SEASHELLS;9998.0;1
0;78000;Camilla;Paris;BANANAS;SEASHELLS;4895.0;1
0;78100;Paris;Charlie;PEARLS;SEASHELLS;10002.0;1
0;78100;Camilla;Camilla;DIVING_GEAR;SEASHELLS;99527.0;2
0;78400;Penelope;Charlie;PEARLS;SEASHELLS;10004.0;5
0;78400;Penelope;Caesar;PEARLS;SEASHELLS;10004.0;2
0;78600;Caesar;Gary;PEARLS;SEASHELLS;9996.0;2
0;78800;Paris;Charlie;BANANAS;SEASHELLS;4900.0;1
0;78900;Penelope;Camilla;BERRIES;SEASHELLS;3982.0;10
0;79100;Paris;Camilla;DIVING_GEAR;SEASHELLS;99494.0;1
0;79100;Charlie;Paris;BANANAS;SEASHELLS;4895.0;1
0;79100;Caesar;Caesar;COCONUTS;SEASHELLS;8102.0;4
0;79100;Caesar;Caesar;COCONUTS;SEASHELLS;8102.0;51
0;79300;Caesar;Paris;BANANAS;SEASHELLS;4895.0;1
0;79300;Caesar;Paris;PEARLS;SEASHELLS;9996.0;1
0;79500;Paris;Caesar;PEARLS;SEASHELLS;10004.0;1
0;79500;Paris;Charlie;BANANAS;SEASHELLS;4902.0;1
0;79800;Paris;Charlie;BANANAS;SEASHELLS;4900.0;1
0;79900;Camilla;Paris;PEARLS;SEASHELLS;9998.0;2
0;79900;Camilla;Paris;BANANAS;SEASHELLS;4894.0;2
0;80000;Caesar;Penelope;BANANAS;SEASHELLS;4894.0;1
0;80000;Charlie;Penelope;BANANAS;SEASHELLS;4894.0;1
0;80300;Peter;Charlie;COCONUTS;SEASHELLS;8105.0;5
0;80300;Camilla;Pablo;PEARLS;SEASHELLS;9998.0;3
0;80300;Penelope;Camilla;BERRIES;SEASHELLS;3979.0;11
0;80400;Charlie;Paris;PEARLS;SEASHELLS;9998.0;1
0;80400;Paris;Gary;BANANAS;SEASHELLS;4899.0;1
0;80600;Charlie;Paris;PEARLS;SEASHELLS;9998.0;1
0;80700;Charlie;Pablo;PEARLS;SEASHELLS;9998.0;1
0;80900;Camilla;Camilla;DIVING_GEAR;SEASHELLS;99483.0;3
0;81500;Charlie;Paris;BANANAS;SEASHELLS;4894.0;1
0;81500;Paris;Charlie;PEARLS;SEASHELLS;10002.0;1
0;81700;Camilla;Paris;BANANAS;SEASHELLS;4895.0;1
0;81800;Paris;Charlie;BANANAS;SEASHELLS;4900.0;1
0;82000;Paris;Charlie;DIVING_GEAR;SEASHELLS;99460.0;1
0;82100;Gary;Charlie;BANANAS;SEASHELLS;4900.0;19
0;82200;Camilla;Pablo;PEARLS;SEASHELLS;9998.0;4
0;82400;Caesar;Caesar;PINA_COLADAS;SEASHELLS;15185.0;32
0;82500;Paris;Charlie;BANANAS;SEASHELLS;4898.0;1
0;83000;Camilla;Paris;PEARLS;SEASHELLS;9998.0;1
0;83400;Paris;Charlie;PEARLS;SEASHELLS;10002.0;1
0;83500;Charlie;Peter;COCONUTS;SEASHELLS;8107.0;10
0;83600;Penelope;Camilla;BERRIES;SEASHELLS;3977.0;11
0;83800;Paris;Charlie;PEARLS;SEASHELLS;10005.0;1
0;83800;Paris;Charlie;BANANAS;SEASHELLS;4900.0;1
0;84100;Paris;Charlie;BANANAS;SEASHELLS;4896.0;1
0;84100;Paris;Charlie;PEARLS;SEASHELLS;10002.0;1
0;84200;Caesar;Pablo;BANANAS;SEASHELLS;4892.0;2
0;84500;Caesar;Paris;BANANAS;SEASHELLS;4891.0;1
0;84500;Caesar;Paris;PEARLS;SEASHELLS;9996.0;1
0;84500;Charlie;Camilla;DIVING_GEAR;SEASHELLS;99398.0;3
0;84800;Paris;Charlie;BANANAS;SEASHELLS;4896.0;1
0;84800;Paris;Charlie;PEARLS;SEASHELLS;10002.0;1
0;85200;Camilla;Paris;DIVING_GEAR;SEASHELLS;99398.0;1
0;85200;Paris;Camilla;BANANAS;SEASHELLS;4896.0;1
0;85200;Paris;Camilla;PEARLS;SEASHELLS;10002.0;1
0;85400;Paris;Charlie;BANANAS;SEASHELLS;4896.0;1
0;85400;Caesar;Pablo;PINA_COLADAS;SEASHELLS;15205.0;10
0;85400;Paris;Camilla;BERRIES;SEASHELLS;3976.0;7
0;85500;Camilla;Gary;PEARLS;SEASHELLS;9998.0;7
0;85600;Caesar;Gary;PEARLS;SEASHELLS;9996.0;2
0;85700;Charlie;Pablo;BANANAS;SEASHELLS;4891.0;3
0;85800;Paris;Charlie;PEARLS;SEASHELLS;10002.0;1
0;85800;Camilla;Charlie;DIVING_GEAR;SEASHELLS;99402.0;1
0;85800;Charlie;Pablo;BANANAS;SEASHELLS;4892.0;1
0;85900;Caesar;Penelope;PEARLS;SEASHELLS;9996.0;1
0;86200;Camilla;Paris;DIVING_GEAR;SEASHELLS;99417.0;1
0;86200;Charlie;Pablo;PEARLS;SEASHELLS;9998.0;2
0;86400;Caesar;Caesar;COCONUTS;SEASHELLS;8109.0;42
0;86600;Paris;Camilla;BANANAS;SEASHELLS;4896.0;1
0;86600;Caesar;Peter;PINA_COLADAS;SEASHELLS;15217.0;4
0;86900;Paris;Charlie;BANANAS;SEASHELLS;4895.0;1
0;87100;Charlie;Paris;PEARLS;SEASHELLS;9998.0;1
0;87100;Gina;Camilla;BANANAS;SEASHELLS;4895.0;4
0;87100;Gina;Charlie;BANANAS;SEASHELLS;4895.0;6
0;87500;Paris;Charlie;BANANAS;SEASHELLS;4895.0;1
0;87900;Paris;Charlie;BANANAS;SEASHELLS;4895.0;1
0;88200;Charlie;Paris;DIVING_GEAR;SEASHELLS;99458.0;1
0;88200;Caesar;Peter;COCONUTS;SEASHELLS;8116.0;10
0;88400;Charlie;Peter;PINA_COLADAS;SEASHELLS;15233.0;3
0;88500;Paris;Charlie;PEARLS;SEASHELLS;10002.0;1
0;88600;Paris;Charlie;PEARLS;SEASHELLS;10002.0;1
0;88600;Gina;Charlie;BANANAS;SEASHELLS;4895.0;8
0;88700;Charlie;Penelope;PEARLS;SEASHELLS;9995.0;8
0;88900;Pablo;Paris;PEARLS;SEASHELLS;10002.0;1
0;88900;Pablo;Charlie;PEARLS;SEASHELLS;10002.0;4
0;89100;Paris;Charlie;BANANAS;SEASHELLS;4895.0;2
0;89100;Paris;Charlie;PEARLS;SEASHELLS;10005.0;2
0;89300;Caesar;Paris;PEARLS;SEASHELLS;9996.0;2
0;89300;Charlie;Paris;BANANAS;SEASHELLS;4888.0;2
0;89500;Paris;Charlie;BANANAS;SEASHELLS;4893.0;1
0;89600;Camilla;Paris;BERRIES;SEASHELLS;3969.0;10
0;89800;Caesar;Paris;PEARLS;SEASHELLS;9998.0;1
0;89800;Gary;Caesar;PEARLS;SEASHELLS;10004.0;1
0;89800;Paris;Caesar;BANANAS;SEASHELLS;4893.0;1
0;89800;Paris;Charlie;PEARLS;SEASHELLS;10005.0;2
0;89900;Caesar;Peter;PINA_COLADAS;SEASHELLS;15240.0;4
0;90200;Camilla;Pablo;PEARLS;SEASHELLS;9998.0;2
0;90200;Paris;Pablo;PEARLS;SEASHELLS;9998.0;1
0;90400;Caesar;Gary;PEARLS;SEASHELLS;9996.0;1
0;91200;Pablo;Caesar;PEARLS;SEASHELLS;10002.0;1
0;91200;Paris;Charlie;BANANAS;SEASHELLS;4893.0;1
0;91200;Gary;Camilla;BERRIES;SEASHELLS;3979.0;19
0;91300;Camilla;Paris;PEARLS;SEASHELLS;9998.0;1
0;91300;Camilla;Gina;PEARLS;SEASHELLS;9998.0;7
0;91300;Charlie;Paris;PEARLS;SEASHELLS;9998.0;0
0;91300;Charlie;Gina;PEARLS;SEASHELLS;9998.0;2
0;91600;Charlie;Paris;BANANAS;SEASHELLS;4889.0;1
0;91600;Paris;Camilla;DIVING_GEAR;SEASHELLS;99500.0;3
0;91600;Charlie;Paris;PEARLS;SEASHELLS;9998.0;1
0;91800;Charlie;Pablo;BANANAS;SEASHELLS;4890.0;2
0;91800;Charlie;Pablo;PEARLS;SEASHELLS;9998.0;3
0;91900;Camilla;Paris;PEARLS;SEASHELLS;9998.0;1
0;92300;Charlie;Paris;DIVING_GEAR;SEASHELLS;99495.0;2
0;92300;Peter;Charlie;PINA_COLADAS;SEASHELLS;15242.0;2
0;92400;Paris;Charlie;BANANAS;SEASHELLS;4894.0;1
0;92400;Gary;Charlie;BANANAS;SEASHELLS;4895.0;17
0;93200;Paris;Charlie;PEARLS;SEASHELLS;10005.0;2
0;93200;Pablo;Charlie;PEARLS;SEASHELLS;10002.0;3
0;93200;Paris;Charlie;BANANAS;SEASHELLS;4895.0;2
0;93200;Gary;Charlie;PEARLS;SEASHELLS;10004.0;10
0;93200;Gary;Caesar;PEARLS;SEASHELLS;10004.0;2
0;93300;Paris;Camilla;PEARLS;SEASHELLS;10002.0;1
0;93400;Paris;Camilla;DIVING_GEAR;SEASHELLS;99499.0;1
0;93700;Pablo;Peter;BERRIES;SEASHELLS;3974.0;4
0;93700;Paris;Charlie;BANANAS;SEASHELLS;4894.0;1
0;94000;Paris;Gary;BANANAS;SEASHELLS;4894.0;1
0;94100;Camilla;Paris;DIVING_GEAR;SEASHELLS;99499.0;1
0;94400;Camilla;Paris;PEARLS;SEASHELLS;9998.0;1
0;94600;Caesar;Caesar;COCONUTS;SEASHELLS;8109.0;41
0;94600;Caesar;Caesar;COCONUTS;SEASHELLS;8109.0;30
0;95500;Camilla;Paris;PEARLS;SEASHELLS;9998.0;1
0;95600;Paris;Charlie;DIVING_GEAR;SEASHELLS;99517.0;1
0;95700;Camilla;Charlie;DIVING_GEAR;SEASHELLS;99530.0;1
0;95700;Charlie;Paris;PEARLS;SEASHELLS;9998.0;1
0;95800;Caesar;Paris;BANANAS;SEASHELLS;4891.0;2
0;95800;Caesar;Paris;PEARLS;SEASHELLS;9996.0;2
0;95800;Charlie;Paris;PEARLS;SEASHELLS;9998.0;1
0;96000;Pablo;Caesar;PINA_COLADAS;SEASHELLS;15212.0;11
0;96000;Pablo;Caesar;COCONUTS;SEASHELLS;8106.0;16
0;96100;Camilla;Paris;DIVING_GEAR;SEASHELLS;99538.0;2
0;96100;Charlie;Pablo;BANANAS;SEASHELLS;4892.0;4
0;96200;Charlie;Pablo;PINA_COLADAS;SEASHELLS;15212.0;15
0;96600;Camilla;Paris;BANANAS;SEASHELLS;4891.0;1
0;96600;Pablo;Charlie;PEARLS;SEASHELLS;10002.0;1
0;96900;Paris;Charlie;BANANAS;SEASHELLS;4897.0;1
0;96900;Paris;Camilla;BERRIES;SEASHELLS;3977.0;7
0;97100;Paris;Caesar;PEARLS;SEASHELLS;10004.0;1
0;97100;Paris;Caesar;BANANAS;SEASHELLS;4898.0;1
0;97200;Charlie;Gary;BANANAS;SEASHELLS;4892.0;17
0;97300;Charlie;Paris;DIVING_GEAR;SEASHELLS;99542.0;1
0;97400;Paris;Charlie;DIVING_GEAR;SEASHELLS;99549.0;3
0;97800;Paris;Charlie;BANANAS;SEASHELLS;4899.0;1
0;97800;Paris;Charlie;PEARLS;SEASHELLS;10005.0;1
0;98500;Charlie;Pablo;BANANAS;SEASHELLS;4892.0;2
0;98700;Paris;Caesar;PEARLS;SEASHELLS;10004.0;2
0;98700;Paris;Charlie;BANANAS;SEASHELLS;4897.0;2
0;98800;Caesar;Paris;BANANAS;SEASHELLS;4893.0;2
0;98800;Caesar;Paris;PEARLS;SEASHELLS;9996.0;1
0;98800;Charlie;Pablo;PEARLS;SEASHELLS;9998.0;1
0;98800;Charlie;Paris;PEARLS;SEASHELLS;9996.0;1
0;98900;Charlie;Penelope;BANANAS;SEASHELLS;4890.0;7
0;99100;Camilla;Paris;BERRIES;SEASHELLS;3972.0;2
0;99500;Paris;Charlie;DIVING_GEAR;SEASHELLS;99543.0;3
0;99800;Charlie;Penelope;BANANAS;SEASHELLS;4891.0;8
0;99800;Camilla;Penelope;BANANAS;SEASHELLS;4891.0;3
0;99800;Camilla;Paris;PEARLS;SEASHELLS;9998.0;1
0;99800;Camilla;Paris;BANANAS;SEASHELLS;4890.0;1
0;100100;Peter;Pablo;BERRIES;SEASHELLS;3972.0;5
0;100100;Camilla;Paris;BERRIES;SEASHELLS;3970.0;7
0;100200;Camilla;Paris;DIVING_GEAR;SEASHELLS;99541.0;1
0;100400;Camilla;Paris;BANANAS;SEASHELLS;4893.0;1
0;100400;Camilla;Gina;PEARLS;SEASHELLS;9998.0;1
0;100600;Paris;Charlie;BANANAS;SEASHELLS;4897.0;1
0;100600;Charlie;Paris;PEARLS;SEASHELLS;9998.0;1
0;100900;Penelope;Camilla;PEARLS;SEASHELLS;10002.0;1
0;101000;Charlie;Gary;BANANAS;SEASHELLS;4894.0;9
0;101000;Camilla;Gary;BANANAS;SEASHELLS;4894.0;6
0;101000;Camilla;Camilla;DIVING_GEAR;SEASHELLS;99567.0;3
0;101100;Paris;Charlie;BANANAS;SEASHELLS;4899.0;1
0;101100;Camilla;Paris;DIVING_GEAR;SEASHELLS;99567.0;1
0;101200;Camilla;Penelope;BERRIES;SEASHELLS;3970.0;14
0;101600;Penelope;Camilla;BERRIES;SEASHELLS;3978.0;13
0;101700;Charlie;Pablo;BANANAS;SEASHELLS;4896.0;1
0;101700;Charlie;Paris;BANANAS;SEASHELLS;4895.0;1
0;101700;Paris;Charlie;PEARLS;SEASHELLS;10002.0;1
0;101900;Camilla;Paris;BERRIES;SEASHELLS;3971.0;2
0;102300;Paris;Charlie;PEARLS;SEASHELLS;10005.0;1
0;102300;Caesar;Pablo;PINA_COLADAS;SEASHELLS;15237.0;9
0;102300;Paris;Charlie;BANANAS;SEASHELLS;4901.0;1
0;102300;Camilla;Paris;BANANAS;SEASHELLS;4895.0;1
0;102600;Camilla;Paris;PEARLS;SEASHELLS;9998.0;1
0;102800;Camilla;Penelope;BERRIES;SEASHELLS;3971.0;11
0;102900;Paris;Camilla;BANANAS;SEASHELLS;4901.0;1
0;102900;Paris;Charlie;DIVING_GEAR;SEASHELLS;99497.0;2
0;103000;Caesar;Pablo;COCONUTS;SEASHELLS;8108.0;11
0;103500;Camilla;Penelope;BERRIES;SEASHELLS;3969.0;13
0;103600;Paris;Camilla;DIVING_GEAR;SEASHELLS;99503.0;1
0;103700;Charlie;Paris;PEARLS;SEASHELLS;9998.0;1
0;103900;Camilla;Paris;PEARLS;SEASHELLS;9998.0;1
0;104000;Charlie;Pablo;PEARLS;SEASHELLS;9998.0;2
0;104300;Charlie;Penelope;BANANAS;SEASHELLS;4896.0;3
0;104300;Paris;Camilla;BERRIES;SEASHELLS;3973.0;10
0;104500;Charlie;Pablo;BANANAS;SEASHELLS;4897.0;5
0;104800;Camilla;Pablo;PEARLS;SEASHELLS;9998.0;2
0;105000;Charlie;Penelope;PEARLS;SEASHELLS;9995.0;5
0;105500;Charlie;Paris;BANANAS;SEASHELLS;4898.0;1
0;105700;Caesar;Pablo;PEARLS;SEASHELLS;9998.0;3
0;105800;Peter;Paris;BERRIES;SEASHELLS;3966.0;3
0;106000;Paris;Camilla;DIVING_GEAR;SEASHELLS;99500.0;2
0;106100;Gary;Camilla;BANANAS;SEASHELLS;4902.0;8
0;106100;Charlie;Camilla;DIVING_GEAR;SEASHELLS;99503.0;1
0;106100;Paris;Camilla;PEARLS;SEASHELLS;10002.0;1
0;106400;Charlie;Paris;BANANAS;SEASHELLS;4898.0;1
0;106500;Paris;Charlie;BANANAS;SEASHELLS;4904.0;1
0;106500;Paris;Charlie;PEARLS;SEASHELLS;10005.0;1
0;106700;Charlie;Paris;DIVING_GEAR;SEASHELLS;99470.0;2
0;106800;Camilla;Paris;PEARLS;SEASHELLS;9998.0;1
0;106800;Camilla;Paris;BANANAS;SEASHELLS;4899.0;1
0;107000;Charlie;Paris;DIVING_GEAR;SEASHELLS;99481.0;1
0;107000;Camilla;Paris;BANANAS;SEASHELLS;4898.0;1
0;107100;Caesar;Peter;COCONUTS;SEASHELLS;8104.0;5
0;107300;Pablo;Charlie;BANANAS;SEASHELLS;4903.0;5
0;107400;Penelope;Charlie;BANANAS;SEASHELLS;4906.0;10
0;107400;Charlie;Pablo;PINA_COLADAS;SEASHELLS;15219.0;7
0;107800;Charlie;Paris;BANANAS;SEASHELLS;4898.0;1
0;107800;Caesar;Paris;PEARLS;SEASHELLS;9996.0;1
0;107900;Paris;Camilla;BANANAS;SEASHELLS;4904.0;1
0;108300;Camilla;Paris;BANANAS;SEASHELLS;4899.0;1
0;108300;Camilla;Gary;BANANAS;SEASHELLS;4900.0;6
0;108300;Gina;Paris;PEARLS;SEASHELLS;9998.0;1
0;108400;Camilla;Gary;BANANAS;SEASHELLS;4900.0;9
0;108600;Charlie;Pablo;BANANAS;SEASHELLS;4900.0;1
0;108600;Charlie;Pablo;PEARLS;SEASHELLS;9998.0;1
0;108600;Caesar;Pablo;PEARLS;SEASHELLS;9998.0;4
0;108800;Paris;Charlie;BANANAS;SEASHELLS;4904.0;1
0;108800;Paris;Caesar;PEARLS;SEASHELLS;10004.0;2
0;108800;Paris;Caesar;BANANAS;SEASHELLS;4905.0;2
0;108900;Caesar;Penelope;PEARLS;SEASHELLS;9996.0;1
0;108900;Charlie;Penelope;PEARLS;SEASHELLS;9996.0;5
0;109200;Pablo;Charlie;BANANAS;SEASHELLS;4903.0;3
0;109400;Charlie;Paris;BANANAS;SEASHELLS;4898.0;1
0;109500;Gina;Charlie;BANANAS;SEASHELLS;4903.0;10
0;109500;Peter;Caesar;PINA_COLADAS;SEASHELLS;15229.0;2
0;109600;Camilla;Paris;BANANAS;SEASHELLS;4898.0;1
0;109700;Paris;Charlie;BANANAS;SEASHELLS;4905.0;1
0;109700;Paris;Caesar;PEARLS;SEASHELLS;10004.0;1
0;109800;Charlie;Peter;COCONUTS;SEASHELLS;8105.0;7
0;110200;Charlie;Paris;BANANAS;SEASHELLS;4899.0;1
0;110300;Camilla;Paris;BERRIES;SEASHELLS;3957.0;10
0;110600;Charlie;Paris;PEARLS;SEASHELLS;9998.0;1
0;110700;Paris;Charlie;PEARLS;SEASHELLS;10002.0;1
0;111100;Caesar;Paris;BANANAS;SEASHELLS;4901.0;1
0;111200;Caesar;Caesar;COCONUTS;SEASHELLS;8111.0;53
0;111200;Caesar;Pablo;COCONUTS;SEASHELLS;8111.0;18
0;111300;Charlie;Paris;BANANAS;SEASHELLS;4900.0;1
0;111800;Paris;Charlie;BANANAS;SEASHELLS;4907.0;1
0;111800;Paris;Caesar;PEARLS;SEASHELLS;10004.0;1
0;112000;Charlie;Peter;PINA_COLADAS;SEASHELLS;15210.0;3
0;112300;Charlie;Paris;BANANAS;SEASHELLS;4900.0;1
0;112500;Paris;Camilla;DIVING_GEAR;SEASHELLS;99480.0;2
0;112500;Camilla;Pablo;BANANAS;SEASHELLS;4900.0;3
0;112800;Charlie;Camilla;DIVING_GEAR;SEASHELLS;99470.0;1
0;113200;Paris;Camilla;DIVING_GEAR;SEASHELLS;99472.0;3
0;113300;Paris;Camilla;DIVING_GEAR;SEASHELLS;99467.0;1
0;113500;Paris;Charlie;BANANAS;SEASHELLS;4905.0;1
0;113900;Paris;Camilla;PEARLS;SEASHELLS;10002.0;1
0;114300;Gina;Charlie;BANANAS;SEASHELLS;4902.0;8
0;114300;Paris;Camilla;BERRIES;SEASHELLS;3965.0;4
0;114300;Paris;Caesar;PEARLS;SEASHELLS;10004.0;1
0;114300;Paris;Charlie;BANANAS;SEASHELLS;4904.0;1
0;114400;Paris;Camilla;DIVING_GEAR;SEASHELLS;99446.0;3
0;114500;Caesar;Gary;PEARLS;SEASHELLS;9996.0;2
0;114500;Charlie;Gary;PEARLS;SEASHELLS;9996.0;9
0;114500;Charlie;Paris;BANANAS;SEASHELLS;4898.0;1
0;114700;Pablo;Charlie;BANANAS;SEASHELLS;4902.0;4
0;115000;Pablo;Charlie;BANANAS;SEASHELLS;4902.0;5
0;115100;Caesar;Paris;BANANAS;SEASHELLS;4898.0;1
0;115300;Paris;Camilla;BERRIES;SEASHELLS;3963.0;1
0;115800;Peter;Charlie;PINA_COLADAS;SEASHELLS;15213.0;2
0;116100;Paris;Charlie;BANANAS;SEASHELLS;4904.0;1
0;116100;Paris;Charlie;PEARLS;SEASHELLS;10005.0;1
0;116300;Caesar;Penelope;PEARLS;SEASHELLS;9996.0;2
0;116400;Paris;Paris;PEARLS;SEASHELLS;9998.0;1
0;116400;Paris;Camilla;BANANAS;SEASHELLS;4901.0;2
0;116600;Charlie;Paris;BANANAS;SEASHELLS;4897.0;1
0;116700;Camilla;Paris;BERRIES;SEASHELLS;3958.0;10
0;116800;Charlie;Paris;PEARLS;SEASHELLS;9995.0;2
0;116800;Charlie;Penelope;BANANAS;SEASHELLS;4897.0;7
0;116800;Charlie;Pablo;BANANAS;SEASHELLS;4898.0;2
0;116800;Charlie;Paris;BANANAS;SEASHELLS;4897.0;2
0;117100;Paris;Gina;BANANAS;SEASHELLS;4903.0;1
0;117300;Paris;Charlie;BANANAS;SEASHELLS;4903.0;1
0;117400;Paris;Camilla;BANANAS;SEASHELLS;4903.0;1
0;117500;Pablo;Camilla;PEARLS;SEASHELLS;10002.0;2
0;117600;Caesar;Gary;BANANAS;SEASHELLS;4899.0;1
0;117600;Charlie;Gary;BANANAS;SEASHELLS;4899.0;14
0;117600;Camilla;Gary;BANANAS;SEASHELLS;4899.0;4
0;117700;Caesar;Pablo;PINA_COLADAS;SEASHELLS;15216.0;12
0;117900;Camilla;Camilla;DIVING_GEAR;SEASHELLS;99428.0;3
0;117900;Charlie;Paris;PEARLS;SEASHELLS;9998.0;1
0;118100;Paris;Charlie;BANANAS;SEASHELLS;4905.0;2
0;118100;Camilla;Camilla;DIVING_GEAR;SEASHELLS;99427.0;2
0;118100;Paris;Charlie;PEARLS;SEASHELLS;10005.0;2
0;118200;Paris;Camilla;PEARLS;SEASHELLS;10002.0;2
0;118200;Paris;Camilla;BANANAS;SEASHELLS;4903.0;2
0;118300;Caesar;Paris;BANANAS;SEASHELLS;4899.0;1
0;118300;Pablo;Camilla;PEARLS;SEASHELLS;10002.0;3
0;118500;Caesar;Caesar;PINA_COLADAS;SEASHELLS;15219.0;28
0;118500;Caesar;Caesar;PINA_COLADAS;SEASHELLS;15219.0;2
0;118600;Caesar;Gina;BANANAS;SEASHELLS;4899.0;2
0;118600;Camilla;Gina;BANANAS;SEASHELLS;4899.0;7
0;119000;Charlie;Pablo;PEARLS;SEASHELLS;9998.0;1
0;119000;Caesar;Penelope;PEARLS;SEASHELLS;9996.0;1
0;119000;Charlie;Penelope;PEARLS;SEASHELLS;9996.0;4
0;119100;Paris;Charlie;PEARLS;SEASHELLS;10002.0;1
0;119200;Charlie;Penelope;BANANAS;SEASHELLS;4900.0;7
0;119200;Charlie;Paris;PEARLS;SEASHELLS;9996.0;1
0;119200;Caesar;Penelope;BANANAS;SEASHELLS;4900.0;1
0;119200;Caesar;Paris;PEARLS;SEASHELLS;9996.0;1
0;119200;Charlie;Paris;BANANAS;SEASHELLS;4899.0;2
0;119200;Gary;Charlie;BANANAS;SEASHELLS;4906.0;12
0;119900;Paris;Camilla;BANANAS;SEASHELLS;4907.0;1
0;120000;Penelope;Camilla;BERRIES;SEASHELLS;3970.0;14
0;120000;Penelope;Charlie;BANANAS;SEASHELLS;4907.0;7
0;120200;Pablo;Paris;PEARLS;SEASHELLS;10002.0;1
0;120400;Charlie;Peter;COCONUTS;SEASHELLS;8113.0;9
0;120800;Gary;Camilla;BERRIES;SEASHELLS;3970.0;11
0;120900;Pablo;Camilla;PEARLS;SEASHELLS;10002.0;2
0;121000;Paris;Charlie;BANANAS;SEASHELLS;4907.0;1
0;121000;Paris;Camilla;DIVING_GEAR;SEASHELLS;99421.0;2
0;121000;Paris;Caesar;PEARLS;SEASHELLS;10004.0;1
0;121200;Paris;Camilla;BERRIES;SEASHELLS;3970.0;5
0;121300;Gary;Caesar;PEARLS;SEASHELLS;10004.0;1
0;121400;Charlie;Paris;DIVING_GEAR;SEASHELLS;99413.0;1
0;121600;Paris;Camilla;BANANAS;SEASHELLS;4907.0;2
0;121600;Paris;Camilla;PEARLS;SEASHELLS;10002.0;2
0;121600;Paris;Camilla;BANANAS;SEASHELLS;4907.0;1
0;121700;Paris;Charlie;BANANAS;SEASHELLS;4907.0;1
0;121800;Charlie;Paris;PEARLS;SEASHELLS;9995.0;1
0;121800;Charlie;Paris;BANANAS;SEASHELLS;4901.0;1
0;122000;Gary;Camilla;BANANAS;SEASHELLS;4907.0;1
0;122200;Caesar;Paris;PEARLS;SEASHELLS;9996.0;1
0;122200;Caesar;Paris;BANANAS;SEASHELLS;4902.0;1
0;122200;Charlie;Caesar;BANANAS;SEASHELLS;4904.0;1
0;122500;Paris;Caesar;PEARLS;SEASHELLS;10004.0;2
0;122500;Penelope;Camilla;PEARLS;SEASHELLS;10002.0;6
0;122500;Paris;Camilla;BANANAS;SEASHELLS;4906.0;2
0;122500;Penelope;Charlie;PEARLS;SEASHELLS;10002.0;2
0;122600;Camilla;Penelope;PEARLS;SEASHELLS;9998.0;4
0;122700;Pablo;Charlie;PEARLS;SEASHELLS;10002.0;5
0;122800;Charlie;Paris;BANANAS;SEASHELLS;4903.0;1
0;123000;Camilla;Camilla;DIVING_GEAR;SEASHELLS;99402.0;2
0;123100;Pablo;Charlie;PEARLS;SEASHELLS;10002.0;1
0;123200;Charlie;Paris;BANANAS;SEASHELLS;4902.0;1
0;123500;Camilla;Pablo;PEARLS;SEASHELLS;9998.0;2
0;123500;Camilla;Paris;BANANAS;SEASHELLS;4903.0;1
0;123700;Caesar;Paris;PEARLS;SEASHELLS;9996.0;1
0;123700;Charlie;Paris;BANANAS;SEASHELLS;4904.0;1
0;123900;Gina;Charlie;BANANAS;SEASHELLS;4909.0;7
0;123900;Camilla;Pablo;PEARLS;SEASHELLS;9998.0;1
0;123900;Gina;Paris;BANANAS;SEASHELLS;4904.0;1
0;124000;Paris;Charlie;PEARLS;SEASHELLS;10002.0;1
0;124200;Gary;Charlie;BANANAS;SEASHELLS;4910.0;14
0;124200;Charlie;Pablo;PEARLS;SEASHELLS;9998.0;5
0;125000;Charlie;Paris;DIVING_GEAR;SEASHELLS;99441.0;2
0;125200;Paris;Charlie;BANANAS;SEASHELLS;4908.0;1
0;125200;Charlie;Paris;DIVING_GEAR;SEASHELLS;99434.0;2
0;125400;Paris;Caesar;PEARLS;SEASHELLS;10004.0;1
0;125400;Paris;Caesar;BANANAS;SEASHELLS;4909.0;1
0;125500;Camilla;Penelope;BERRIES;SEASHELLS;3961.0;10
0;125600;Camilla;Paris;DIVING_GEAR;SEASHELLS;99434.0;1
0;125600;Gina;Camilla;BANANAS;SEASHELLS;4908.0;1
0;125900;Caesar;Paris;PEARLS;SEASHELLS;9998.0;1
0;125900;Pablo;Paris;BANANAS;SEASHELLS;4908.0;1
0;126000;Pablo;Peter;BERRIES;SEASHELLS;3964.0;3
0;126200;Camilla;Paris;BANANAS;SEASHELLS;4905.0;1
0;126400;Paris;Pablo;PEARLS;SEASHELLS;9998.0;2
0;126400;Paris;Caesar;BANANAS;SEASHELLS;4911.0;1
0;126600;Camilla;Paris;BANANAS;SEASHELLS;4905.0;1
0;126700;Charlie;Paris;PEARLS;SEASHELLS;9998.0;1
0;126700;Charlie;Pablo;PEARLS;SEASHELLS;9998.0;1
0;126900;Paris;Camilla;BANANAS;SEASHELLS;4910.0;1
0;126900;Paris;Camilla;PEARLS;SEASHELLS;10002.0;1
0;126900;Charlie;Pablo;PINA_COLADAS;SEASHELLS;15204.0;14
0;127000;Pablo;Paris;PEARLS;SEASHELLS;10002.0;1
0;127000;Pablo;Charlie;PEARLS;SEASHELLS;10002.0;2
0;127100;Charlie;Paris;PEARLS;SEASHELLS;9998.0;1
0;127200;Camilla;Camilla;DIVING_GEAR;SEASHELLS;99446.0;1
0;127500;Paris;Camilla;PEARLS;SEASHELLS;10002.0;1
0;127500;Paris;Camilla;PEARLS;SEASHELLS;10002.0;2
0;127500;Paris;Camilla;BANANAS;SEASHELLS;4909.0;2
0;127700;Caesar;Pablo;PINA_COLADAS;SEASHELLS;15203.0;6
0;127900;Penelope;Charlie;BANANAS;SEASHELLS;4910.0;6
0;128000;Camilla;Gina;BANANAS;SEASHELLS;4905.0;4
0;128000;Pablo;Penelope;PEARLS;SEASHELLS;10002.0;2
0;128100;Penelope;Charlie;BANANAS;SEASHELLS;4910.0;11
0;128400;Charlie;Paris;BANANAS;SEASHELLS;4903.0;2
0;128400;Paris;Paris;PEARLS;SEASHELLS;10002.0;1
0;129000;Charlie;Paris;BANANAS;SEASHELLS;4902.0;1
0;129100;Penelope;Charlie;BANANAS;SEASHELLS;4908.0;7
0;129200;Camilla;Paris;BERRIES;SEASHELLS;3958.0;10
0;129200;Charlie;Paris;BANANAS;SEASHELLS;4902.0;1
0;129400;Charlie;Paris;PEARLS;SEASHELLS;9998.0;1
0;129500;Charlie;Paris;PEARLS;SEASHELLS;9998.0;1
0;129700;Pablo;Caesar;COCONUTS;SEASHELLS;8111.0;12
0;129800;Paris;Charlie;BANANAS;SEASHELLS;4909.0;2
0;129800;Paris;Charlie;PEARLS;SEASHELLS;10005.0;2
0;129900;Penelope;Camilla;BERRIES;SEASHELLS;3964.0;12
0;130100;Paris;Camilla;BANANAS;SEASHELLS;4906.0;1
0;130200;Paris;Camilla;DIVING_GEAR;SEASHELLS;99506.0;1
0;130300;Penelope;Charlie;PEARLS;SEASHELLS;10005.0;2
0;130300;Charlie;Pablo;PINA_COLADAS;SEASHELLS;15210.0;13
0;130400;Paris;Charlie;BANANAS;SEASHELLS;4907.0;1
0;130400;Paris;Caesar;PEARLS;SEASHELLS;10004.0;1
0;130500;Paris;Charlie;DIVING_GEAR;SEASHELLS;99513.0;3
0;130800;Camilla;Camilla;DIVING_GEAR;SEASHELLS;99496.0;2
0;131200;Caesar;Paris;BANANAS;SEASHELLS;4901.0;1
0;131200;Camilla;Paris;DIVING_GEAR;SEASHELLS;99507.0;1
0;131500;Caesar;Paris;PEARLS;SEASHELLS;9996.0;1
0;131500;Charlie;Paris;BANANAS;SEASHELLS;4900.0;2
0;131700;Charlie;Pablo;BANANAS;SEASHELLS;4900.0;4
0;131800;Charlie;Pablo;COCONUTS;SEASHELLS;8114.0;17
0;131800;Camilla;Pablo;BANANAS;SEASHELLS;4900.0;2
0;131900;Caesar;Paris;PEARLS;SEASHELLS;9996.0;1
0;131900;Charlie;Paris;PEARLS;SEASHELLS;9996.0;1
0;131900;Charlie;Paris;BANANAS;SEASHELLS;4899.0;2
0;132100;Paris;Charlie;PEARLS;SEASHELLS;10002.0;1
0;132200;Paris;Caesar;PEARLS;SEASHELLS;10004.0;1
0;132200;Caesar;Caesar;COCONUTS;SEASHELLS;8116.0;57
0;132200;Paris;Caesar;BANANAS;SEASHELLS;4905.0;1
0;132300;Charlie;Paris;PEARLS;SEASHELLS;9995.0;1
0;132300;Charlie;Pablo;PEARLS;SEASHELLS;9998.0;2
0;132300;Charlie;Paris;BANANAS;SEASHELLS;4899.0;1
0;132300;Charlie;Paris;PEARLS;SEASHELLS;9998.0;1
0;132600;Camilla;Paris;PEARLS;SEASHELLS;9998.0;1
0;132600;Camilla;Paris;BANANAS;SEASHELLS;4900.0;1
0;132800;Pablo;Paris;BANANAS;SEASHELLS;4904.0;1
0;133000;Camilla;Pablo;PEARLS;SEASHELLS;9998.0;2
0;133200;Paris;Charlie;BANANAS;SEASHELLS;4907.0;1
0;133300;Paris;Camilla;BERRIES;SEASHELLS;3964.0;2
0;133500;Camilla;Penelope;PEARLS;SEASHELLS;9998.0;3
0;133500;Gary;Charlie;PEARLS;SEASHELLS;10005.0;8
0;133600;Paris;Camilla;BERRIES;SEASHELLS;3964.0;5
0;133700;Paris;Camilla;BERRIES;SEASHELLS;3964.0;6
0;134000;Charlie;Paris;BANANAS;SEASHELLS;4903.0;1
0;134200;Caesar;Pablo;PINA_COLADAS;SEASHELLS;15206.0;9
0;134400;Gary;Charlie;BANANAS;SEASHELLS;4908.0;20
0;134500;Penelope;Camilla;BANANAS;SEASHELLS;4906.0;3
0;134500;Paris;Camilla;BANANAS;SEASHELLS;4907.0;1
0;134500;Penelope;Charlie;BANANAS;SEASHELLS;4906.0;8
0;134700;Camilla;Paris;PEARLS;SEASHELLS;9998.0;1
0;134700;Camilla;Paris;DIVING_GEAR;SEASHELLS;99517.0;1
0;134800;Charlie;Pablo;BANANAS;SEASHELLS;4903.0;5
0;135700;Gary;Camilla;BERRIES;SEASHELLS;3965.0;15
0;135800;Paris;Pablo;BANANAS;SEASHELLS;4902.0;1
0;135800;Charlie;Pablo;BANANAS;SEASHELLS;4902.0;1
0;136200;Pablo;Charlie;BANANAS;SEASHELLS;4906.0;2
0;136500;Charlie;Paris;BANANAS;SEASHELLS;4902.0;1
0;136900;Camilla;Camilla;DIVING_GEAR;SEASHELLS;99468.0;3
0;137000;Paris;Charlie;PEARLS;SEASHELLS;10002.0;1
0;137100;Caesar;Paris;BANANAS;SEASHELLS;4902.0;1
0;137400;Charlie;Paris;BANANAS;SEASHELLS;4901.0;1
0;137400;Charlie;Paris;PEARLS;SEASHELLS;9995.0;1
0;137700;Caesar;Paris;PEARLS;SEASHELLS;9996.0;2
0;137700;Caesar;Paris;BANANAS;SEASHELLS;4901.0;2
0;137800;Charlie;Paris;BANANAS;SEASHELLS;4900.0;2
0;137800;Caesar;Paris;PEARLS;SEASHELLS;9996.0;2
0;137800;Camilla;Paris;BERRIES;SEASHELLS;3961.0;5
0;138100;Paris;Charlie;DIVING_GEAR;SEASHELLS;99461.0;3
0;138100;Charlie;Gina;BANANAS;SEASHELLS;4901.0;8
0;138200;Charlie;Paris;PEARLS;SEASHELLS;9998.0;1
0;138200;Paris;Charlie;BANANAS;SEASHELLS;4905.0;1
0;138300;Camilla;Paris;BERRIES;SEASHELLS;3961.0;6
0;138600;Pablo;Paris;BANANAS;SEASHELLS;4902.0;1
0;138600;Paris;Caesar;PEARLS;SEASHELLS;10004.0;1
0;138600;Paris;Charlie;BANANAS;SEASHELLS;4904.0;1
0;138700;Paris;Camilla;BANANAS;SEASHELLS;4903.0;1
0;139300;Paris;Charlie;BANANAS;SEASHELLS;4904.0;1
0;139400;Paris;Camilla;BANANAS;SEASHELLS;4904.0;1
0;139400;Caesar;Penelope;PEARLS;SEASHELLS;9996.0;1
0;140100;Camilla;Paris;DIVING_GEAR;SEASHELLS;99500.0;2
0;140300;Caesar;Peter;COCONUTS;SEASHELLS;8108.0;5
0;140500;Charlie;Paris;PEARLS;SEASHELLS;9998.0;1
0;140600;Paris;Camilla;BERRIES;SEASHELLS;3969.0;1
0;140600;Caesar;Paris;BANANAS;SEASHELLS;4900.0;1
0;140900;Camilla;Paris;BERRIES;SEASHELLS;3962.0;3
0;141400;Charlie;Gary;PEARLS;SEASHELLS;9995.0;10
0;141500;Charlie;Paris;BANANAS;SEASHELLS;4900.0;1
0;141600;Pablo;Paris;PEARLS;SEASHELLS;10002.0;1
0;141600;Pablo;Camilla;PEARLS;SEASHELLS;10002.0;2
0;141800;Caesar;Caesar;PINA_COLADAS;SEASHELLS;15190.0;22
0;141900;Charlie;Paris;DIVING_GEAR;SEASHELLS;99476.0;1
0;142100;Paris;Camilla;BANANAS;SEASHELLS;4907.0;1
0;142200;Charlie;Paris;BANANAS;SEASHELLS;4902.0;1
0;142500;Charlie;Paris;PEARLS;SEASHELLS;9998.0;1
0;142800;Caesar;Caesar;PINA_COLADAS;SEASHELLS;15188.0;2
0;142800;Caesar;Caesar;PINA_COLADAS;SEASHELLS;15188.0;28
0;143300;Camilla;Paris;PEARLS;SEASHELLS;9998.0;1
0;143800;Camilla;Paris;BANANAS;SEASHELLS;4902.0;1
0;143900;Camilla;Paris;BERRIES;SEASHELLS;3967.0;3
0;143900;Pablo;Paris;BANANAS;SEASHELLS;4905.0;1
0;143900;Camilla;Penelope;BERRIES;SEASHELLS;3967.0;11
0;143900;Caesar;Paris;PEARLS;SEASHELLS;9998.0;1
0;144100;Paris;Charlie;BANANAS;SEASHELLS;4906.0;1
0;144400;Charlie;Paris;BANANAS;SEASHELLS;4900.0;1
0;144500;Gary;Charlie;PEARLS;SEASHELLS;10004.0;10
0;144500;Gary;Caesar;PEARLS;SEASHELLS;10004.0;2
0;144600;Camilla;Paris;BANANAS;SEASHELLS;4901.0;2
0;144600;Camilla;Paris;PEARLS;SEASHELLS;9998.0;2
0;144800;Paris;Charlie;PEARLS;SEASHELLS;10002.0;1
0;144900;Peter;Charlie;PINA_COLADAS;SEASHELLS;15185.0;3
0;145000;Paris;Charlie;DIVING_GEAR;SEASHELLS;99471.0;2
0;145100;Paris;Charlie;BANANAS;SEASHELLS;4907.0;1
0;145100;Paris;Camilla;DIVING_GEAR;SEASHELLS;99468.0;2
0;145100;Camilla;Penelope;PEARLS;SEASHELLS;9998.0;6
0;145100;Paris;Charlie;PEARLS;SEASHELLS;10005.0;1
0;145200;Caesar;Paris;BANANAS;SEASHELLS;4901.0;1
0;145400;Penelope;Charlie;BANANAS;SEASHELLS;4907.0;1
0;145400;Penelope;Caesar;BANANAS;SEASHELLS;4907.0;1
0;145600;Paris;Camilla;BANANAS;SEASHELLS;4905.0;1
0;145600;Paris;Camilla;BANANAS;SEASHELLS;4906.0;1
0;145600;Paris;Camilla;PEARLS;SEASHELLS;10002.0;1
0;145700;Camilla;Penelope;BERRIES;SEASHELLS;3970.0;10
0;145900;Pablo;Paris;PEARLS;SEASHELLS;10002.0;2
0;145900;Charlie;Paris;BANANAS;SEASHELLS;4900.0;2
0;146400;Camilla;Paris;BANANAS;SEASHELLS;4901.0;1
0;146400;Camilla;Paris;PEARLS;SEASHELLS;9998.0;1
0;146400;Pablo;Peter;BERRIES;SEASHELLS;3975.0;3
0;146600;Charlie;Paris;DIVING_GEAR;SEASHELLS;99464.0;2
0;146700;Camilla;Camilla;DIVING_GEAR;SEASHELLS;99472.0;2
0;147000;Paris;Caesar;PEARLS;SEASHELLS;10004.0;1
0;147000;Paris;Charlie;BANANAS;SEASHELLS;4908.0;2
0;147000;Paris;Charlie;PEARLS;SEASHELLS;10002.0;1
0;147000;Paris;Charlie;PEARLS;SEASHELLS;10004.0;1
0;147000;Paris;Pablo;BANANAS;SEASHELLS;4903.0;1
0;147200;Paris;Charlie;BANANAS;SEASHELLS;4907.0;1
0;147400;Charlie;Paris;BANANAS;SEASHELLS;4904.0;1
0;147500;Paris;Charlie;BANANAS;SEASHELLS;4910.0;1
0;148200;Charlie;Pablo;PEARLS;SEASHELLS;9998.0;2
0;148200;Paris;Charlie;BANANAS;SEASHELLS;4910.0;1
0;148200;Paris;Pablo;PEARLS;SEASHELLS;9998.0;2
0;148200;Paris;Charlie;BANANAS;SEASHELLS;4911.0;2
0;148200;Paris;Pablo;PEARLS;SEASHELLS;9998.0;1
0;148300;Paris;Caesar;BANANAS;SEASHELLS;4910.0;1
0;148300;Penelope;Caesar;BANANAS;SEASHELLS;4907.0;4
0;148700;Charlie;Paris;PEARLS;SEASHELLS;9995.0;2
0;148700;Paris;Paris;BANANAS;SEASHELLS;4910.0;1
0;148700;Penelope;Charlie;PEARLS;SEASHELLS;10005.0;5
0;149000;Paris;Camilla;PEARLS;SEASHELLS;10002.0;1
0;149000;Gina;Camilla;BANANAS;SEASHELLS;4909.0;3
0;149000;Gina;Charlie;BANANAS;SEASHELLS;4909.0;3
0;149000;Gina;Paris;BANANAS;SEASHELLS;4905.0;1
0;149100;Peter;Charlie;PINA_COLADAS;SEASHELLS;15156.0;3
0;149100;Camilla;Paris;BANANAS;SEASHELLS;4904.0;1
0;149500;Charlie;Paris;BANANAS;SEASHELLS;4904.0;1
0;150300;Peter;Charlie;COCONUTS;SEASHELLS;8097.0;9
0;150300;Paris;Charlie;PEARLS;SEASHELLS;10002.0;1
0;150600;Charlie;Penelope;BANANAS;SEASHELLS;4903.0;6
0;150600;Paris;Charlie;PEARLS;SEASHELLS;10002.0;1
0;150600;Charlie;Pablo;COCONUTS;SEASHELLS;8091.0;23
0;150800;Camilla;Pablo;BANANAS;SEASHELLS;4904.0;3
0;151100;Pablo;Camilla;PEARLS;SEASHELLS;10002.0;5
0;151200;Gary;Caesar;PEARLS;SEASHELLS;10004.0;2
0;151400;Paris;Camilla;BERRIES;SEASHELLS;3981.0;9
0;151400;Caesar;Caesar;PINA_COLADAS;SEASHELLS;15153.0;34
0;151500;Paris;Caesar;PEARLS;SEASHELLS;10004.0;1
0;151500;Camilla;Paris;DIVING_GEAR;SEASHELLS;99538.0;1
0;151500;Paris;Charlie;BANANAS;SEASHELLS;4908.0;1
0;151600;Charlie;Paris;PEARLS;SEASHELLS;9995.0;1
0;151600;Caesar;Penelope;PEARLS;SEASHELLS;9996.0;1
0;151600;Charlie;Paris;BANANAS;SEASHELLS;4902.0;1
0;151700;Charlie;Paris;BANANAS;SEASHELLS;4901.0;1
0;151800;Charlie;Gary;BANANAS;SEASHELLS;4901.0;19
0;152100;Paris;Charlie;PEARLS;SEASHELLS;10002.0;1
0;152100;Paris;Charlie;BANANAS;SEASHELLS;4906.0;1
0;152400;Charlie;Paris;PEARLS;SEASHELLS;9998.0;1
0;152400;Camilla;Paris;BERRIES;SEASHELLS;3973.0;4
0;152600;Camilla;Paris;PEARLS;SEASHELLS;9998.0;1
0;152700;Caesar;Penelope;PEARLS;SEASHELLS;9996.0;1
0;152800;Paris;Camilla;BANANAS;SEASHELLS;4905.0;1
0;153000;Camilla;Paris;BERRIES;SEASHELLS;3972.0;4
0;153000;Charlie;Paris;PEARLS;SEASHELLS;9998.0;1
0;153000;Charlie;Pablo;BANANAS;SEASHELLS;4901.0;2
0;153100;Charlie;Camilla;DIVING_GEAR;SEASHELLS;99544.0;1
0;153200;Pablo;Charlie;PEARLS;SEASHELLS;10002.0;2
0;153300;Charlie;Paris;PEARLS;SEASHELLS;9998.0;1
0;153500;Camilla;Paris;BANANAS;SEASHELLS;4899.0;1
0;153600;Charlie;Paris;BANANAS;SEASHELLS;4899.0;1
0;154000;Paris;Charlie;BANANAS;SEASHELLS;4905.0;1
0;154000;Caesar;Pablo;PINA_COLADAS;SEASHELLS;15185.0;14
0;154200;Charlie;Paris;BANANAS;SEASHELLS;4899.0;2
0;154200;Charlie;Paris;PEARLS;SEASHELLS;9996.0;1
0;154200;Caesar;Paris;PEARLS;SEASHELLS;9996.0;1
0;154300;Charlie;Pablo;BANANAS;SEASHELLS;4901.0;2
0;154900;Pablo;Charlie;BANANAS;SEASHELLS;4905.0;2
0;155000;Camilla;Paris;DIVING_GEAR;SEASHELLS;99560.0;2
0;155200;Camilla;Paris;BANANAS;SEASHELLS;4902.0;1
0;155200;Paris;Charlie;BANANAS;SEASHELLS;4908.0;1
0;155200;Paris;Caesar;PEARLS;SEASHELLS;10004.0;1
0;155300;Paris;Camilla;BERRIES;SEASHELLS;3978.0;6
0;155300;Charlie;Pablo;PEARLS;SEASHELLS;9998.0;3
0;155700;Gina;Charlie;BANANAS;SEASHELLS;4906.0;13
0;155800;Charlie;Peter;COCONUTS;SEASHELLS;8099.0;5
0;156100;Paris;Charlie;PEARLS;SEASHELLS;10002.0;1
0;156400;Camilla;Penelope;PEARLS;SEASHELLS;9998.0;2
0;156400;Charlie;Penelope;PEARLS;SEASHELLS;9998.0;1
0;156500;Charlie;Penelope;BANANAS;SEASHELLS;4900.0;9
0;156700;Gary;Charlie;BANANAS;SEASHELLS;4906.0;20
0;156800;Camilla;Paris;PEARLS;SEASHELLS;9998.0;1
0;156800;Charlie;Paris;BANANAS;SEASHELLS;4900.0;1
0;156800;Camilla;Paris;BANANAS;SEASHELLS;4900.0;1
0;156800;Charlie;Paris;PEARLS;SEASHELLS;9998.0;1
0;156900;Paris;Charlie;BANANAS;SEASHELLS;4906.0;1
0;156900;Paris;Paris;PEARLS;SEASHELLS;9998.0;1
0;156900;Penelope;Charlie;BANANAS;SEASHELLS;4906.0;5
0;157100;Paris;Camilla;PEARLS;SEASHELLS;10002.0;1
0;157200;Charlie;Gary;BANANAS;SEASHELLS;4898.0;12
0;157400;Caesar;Paris;PEARLS;SEASHELLS;9996.0;1
0;157400;Caesar;Paris;BANANAS;SEASHELLS;4898.0;1
0;157400;Charlie;Pablo;BANANAS;SEASHELLS;4899.0;3
0;157500;Charlie;Pablo;BANANAS;SEASHELLS;4899.0;5
0;157800;Paris;Camilla;PEARLS;SEASHELLS;10002.0;1
0;158200;Charlie;Gina;BANANAS;SEASHELLS;4897.0;11
0;158300;Camilla;Paris;PEARLS;SEASHELLS;9998.0;1
0;158400;Paris;Caesar;BANANAS;SEASHELLS;4902.0;1
0;158400;Paris;Caesar;PEARLS;SEASHELLS;10004.0;1
0;158500;Camilla;Camilla;DIVING_GEAR;SEASHELLS;99550.0;1
0;158700;Charlie;Paris;PEARLS;SEASHELLS;9998.0;1
0;158700;Paris;Charlie;BANANAS;SEASHELLS;4901.0;1
0;159200;Charlie;Paris;BANANAS;SEASHELLS;4895.0;1
0;159300;Charlie;Paris;BANANAS;SEASHELLS;4895.0;1
0;159400;Caesar;Gina;BANANAS;SEASHELLS;4895.0;1
0;159400;Camilla;Penelope;BERRIES;SEASHELLS;3972.0;11
0;159400;Charlie;Paris;PEARLS;SEASHELLS;9998.0;1
0;159400;Charlie;Gina;BANANAS;SEASHELLS;4895.0;5
0;159400;Paris;Gina;BANANAS;SEASHELLS;4900.0;1
0;159500;Paris;Paris;BANANAS;SEASHELLS;4899.0;1
0;159500;Charlie;Paris;PEARLS;SEASHELLS;9995.0;1
0;160000;Gary;Charlie;PEARLS;SEASHELLS;10005.0;12
0;160100;Paris;Camilla;DIVING_GEAR;SEASHELLS;99552.0;3
0;160200;Gary;Camilla;BERRIES;SEASHELLS;3978.0;19
0;160700;Camilla;Paris;BERRIES;SEASHELLS;3973.0;10
0;161000;Charlie;Paris;BANANAS;SEASHELLS;4897.0;2
0;161000;Caesar;Paris;PEARLS;SEASHELLS;9996.0;2
0;161500;Paris;Camilla;BANANAS;SEASHELLS;4904.0;1
0;161500;Gina;Camilla;BANANAS;SEASHELLS;4903.0;4
0;161600;Paris;Gary;PEARLS;SEASHELLS;10002.0;1
0;162000;Camilla;Camilla;DIVING_GEAR;SEASHELLS;99514.0;2
0;162400;Paris;Camilla;DIVING_GEAR;SEASHELLS;99501.0;2
0;162400;Camilla;Pablo;BANANAS;SEASHELLS;4900.0;5
0;162500;Paris;Camilla;BERRIES;SEASHELLS;3978.0;9
0;163100;Charlie;Paris;BANANAS;SEASHELLS;4899.0;1
0;163400;Paris;Charlie;BANANAS;SEASHELLS;4904.0;1
0;163400;Paris;Charlie;PEARLS;SEASHELLS;10004.0;1
0;163400;Paris;Caesar;PEARLS;SEASHELLS;10004.0;1
0;163400;Paris;Caesar;BANANAS;SEASHELLS;4904.0;1
0;163500;Charlie;Penelope;BANANAS;SEASHELLS;4898.0;12
0;163900;Paris;Charlie;DIVING_GEAR;SEASHELLS;99508.0;1
0;163900;Gary;Caesar;PEARLS;SEASHELLS;10004.0;2
0;163900;Paris;Camilla;BERRIES;SEASHELLS;3978.0;2
0;164600;Charlie;Paris;PEARLS;SEASHELLS;9998.0;1
0;164800;Penelope;Charlie;PEARLS;SEASHELLS;10004.0;3
0;164800;Penelope;Caesar;PEARLS;SEASHELLS;10004.0;1
0;164900;Paris;Charlie;BANANAS;SEASHELLS;4904.0;1
0;164900;Paris;Charlie;PEARLS;SEASHELLS;10005.0;1
0;164900;Camilla;Penelope;BERRIES;SEASHELLS;3971.0;13
0;165200;Camilla;Paris;DIVING_GEAR;SEASHELLS;99514.0;2
0;165300;Paris;Camilla;BANANAS;SEASHELLS;4901.0;1
0;165700;Paris;Charlie;BANANAS;SEASHELLS;4901.0;1
0;165800;Paris;Caesar;PEARLS;SEASHELLS;10004.0;1
0;165800;Camilla;Paris;BANANAS;SEASHELLS;4896.0;1
0;165800;Paris;Charlie;BANANAS;SEASHELLS;4902.0;2
0;165900;Caesar;Gary;PEARLS;SEASHELLS;9996.0;1
0;165900;Camilla;Paris;DIVING_GEAR;SEASHELLS;99517.0;1
0;166000;Paris;Camilla;BERRIES;SEASHELLS;3979.0;7
0;166200;Paris;Charlie;PEARLS;SEASHELLS;10002.0;1
0;166400;Caesar;Gina;BANANAS;SEASHELLS;4896.0;3
0;166400;Camilla;Gina;BANANAS;SEASHELLS;4896.0;4
0;166500;Charlie;Paris;BANANAS;SEASHELLS;4896.0;1
0;166800;Caesar;Caesar;COCONUTS;SEASHELLS;8098.0;66
0;167100;Caesar;Paris;PEARLS;SEASHELLS;9996.0;2
0;167100;Charlie;Paris;BANANAS;SEASHELLS;4896.0;2
0;167100;Penelope;Charlie;BANANAS;SEASHELLS;4903.0;8
0;167200;Charlie;Pablo;COCONUTS;SEASHELLS;8097.0;26
0;167400;Paris;Camilla;BANANAS;SEASHELLS;4901.0;1
0;167500;Charlie;Penelope;BANANAS;SEASHELLS;4896.0;4
0;167500;Paris;Camilla;DIVING_GEAR;SEASHELLS;99490.0;1
0;167800;Caesar;Penelope;BANANAS;SEASHELLS;4898.0;6
0;168000;Camilla;Paris;BERRIES;SEASHELLS;3972.0;1
0;168200;Paris;Charlie;PEARLS;SEASHELLS;10005.0;2
0;168200;Paris;Charlie;BANANAS;SEASHELLS;4902.0;2
0;168300;Paris;Camilla;BERRIES;SEASHELLS;3978.0;8
0;168400;Gary;Caesar;PEARLS;SEASHELLS;10004.0;1
0;168400;Gary;Charlie;PEARLS;SEASHELLS;10004.0;9
0;168400;Camilla;Pablo;PEARLS;SEASHELLS;9998.0;3
0;169000;Charlie;Paris;PEARLS;SEASHELLS;9998.0;1
0;169200;Charlie;Paris;BANANAS;SEASHELLS;4895.0;2
0;169200;Charlie;Paris;PEARLS;SEASHELLS;9995.0;2
0;169400;Penelope;Camilla;BERRIES;SEASHELLS;3977.0;12
0;169900;Camilla;Pablo;PEARLS;SEASHELLS;9998.0;2
0;169900;Charlie;Pablo;COCONUTS;SEASHELLS;8101.0;23
0;170000;Charlie;Pablo;PEARLS;SEASHELLS;9998.0;5
0;170100;Caesar;Paris;BANANAS;SEASHELLS;4896.0;1
0;170100;Paris;Camilla;BERRIES;SEASHELLS;3975.0;5
0;170200;Charlie;Paris;PEARLS;SEASHELLS;9998.0;1
0;170200;Charlie;Pablo;BANANAS;SEASHELLS;4897.0;3
0;170300;Peter;Charlie;COCONUTS;SEASHELLS;8102.0;5
0;170600;Penelope;Camilla;BANANAS;SEASHELLS;4899.0;3
0;170700;Camilla;Penelope;BERRIES;SEASHELLS;3967.0;12
0;170700;Camilla;Paris;BERRIES;SEASHELLS;3967.0;5
0;170800;Camilla;Paris;DIVING_GEAR;SEASHELLS;99403.0;1
0;171300;Camilla;Paris;PEARLS;SEASHELLS;9998.0;1
0;171300;Camilla;Paris;BANANAS;SEASHELLS;4894.0;1
0;171300;Camilla;Camilla;DIVING_GEAR;SEASHELLS;99430.0;2
0;171600;Paris;Camilla;BANANAS;SEASHELLS;4898.0;1
0;171600;Charlie;Paris;PEARLS;SEASHELLS;9998.0;1
0;171700;Pablo;Charlie;PEARLS;SEASHELLS;10002.0;2
0;171800;Charlie;Paris;PEARLS;SEASHELLS;9995.0;1
0;171800;Paris;Paris;BANANAS;SEASHELLS;4898.0;1
0;172200;Camilla;Gary;BERRIES;SEASHELLS;3967.0;15
0;172300;Charlie;Peter;PINA_COLADAS;SEASHELLS;15184.0;5
0;172300;Charlie;Pablo;COCONUTS;SEASHELLS;8097.0;11
0;172400;Paris;Camilla;BANANAS;SEASHELLS;4898.0;1
0;172600;Paris;Caesar;BANANAS;SEASHELLS;4899.0;1
0;172600;Paris;Caesar;PEARLS;SEASHELLS;10004.0;1
0;172700;Charlie;Paris;DIVING_GEAR;SEASHELLS;99424.0;1
0;172800;Camilla;Paris;DIVING_GEAR;SEASHELLS;99420.0;2
0;172800;Paris;Camilla;BERRIES;SEASHELLS;3972.0;5
0;172800;Charlie;Paris;BANANAS;SEASHELLS;4894.0;1
0;172900;Penelope;Pablo;PEARLS;SEASHELLS;9998.0;2
0;172900;Penelope;Camilla;BERRIES;SEASHELLS;3971.0;12
0;173000;Camilla;Paris;PEARLS;SEASHELLS;9998.0;2
0;173000;Camilla;Paris;BANANAS;SEASHELLS;4895.0;2
0;173100;Charlie;Paris;BANANAS;SEASHELLS;4894.0;1
0;173300;Paris;Charlie;BANANAS;SEASHELLS;4901.0;2
0;173300;Paris;Caesar;PEARLS;SEASHELLS;10004.0;1
0;173500;Caesar;Caesar;COCONUTS;SEASHELLS;8100.0;50
0;173500;Caesar;Gary;BANANAS;SEASHELLS;4894.0;1
0;173500;Charlie;Gary;BANANAS;SEASHELLS;4894.0;14
0;173700;Camilla;Paris;BERRIES;SEASHELLS;3966.0;4
0;173800;Camilla;Paris;BERRIES;SEASHELLS;3966.0;6
0;174400;Charlie;Paris;BANANAS;SEASHELLS;4894.0;2
0;174400;Paris;Paris;PEARLS;SEASHELLS;10002.0;1
0;174600;Paris;Camilla;PEARLS;SEASHELLS;10002.0;1
0;174800;Charlie;Pablo;COCONUTS;SEASHELLS;8102.0;10
0;174800;Caesar;Paris;BANANAS;SEASHELLS;4895.0;1
0;175100;Pablo;Camilla;PEARLS;SEASHELLS;10002.0;2
0;175200;Charlie;Camilla;DIVING_GEAR;SEASHELLS;99423.0;2
0;175800;Camilla;Gary;BERRIES;SEASHELLS;3960.0;10
0;175900;Charlie;Pablo;PINA_COLADAS;SEASHELLS;15171.0;10
0;176100;Gary;Camilla;BERRIES;SEASHELLS;3967.0;11
0;176100;Charlie;Peter;PINA_COLADAS;SEASHELLS;15163.0;2
0;176300;Penelope;Charlie;PEARLS;SEASHELLS;10005.0;3
0;176700;Camilla;Paris;PEARLS;SEASHELLS;9998.0;2
0;176700;Camilla;Pablo;PEARLS;SEASHELLS;9998.0;2
0;176700;Camilla;Paris;BANANAS;SEASHELLS;4894.0;2
0;176900;Charlie;Penelope;BANANAS;SEASHELLS;4893.0;7
0;177000;Charlie;Paris;BANANAS;SEASHELLS;4893.0;1
0;177100;Caesar;Caesar;PINA_COLADAS;SEASHELLS;15159.0;34
0;177300;Charlie;Paris;DIVING_GEAR;SEASHELLS;99424.0;1
0;177500;Camilla;Paris;DIVING_GEAR;SEASHELLS;99422.0;2
0;177600;Penelope;Charlie;PEARLS;SEASHELLS;10005.0;6
0;177600;Penelope;Charlie;BANANAS;SEASHELLS;4899.0;4
0;177900;Paris;Charlie;BANANAS;SEASHELLS;4899.0;1
0;177900;Paris;Caesar;PEARLS;SEASHELLS;10004.0;1
0;178000;Charlie;Pablo;PINA_COLADAS;SEASHELLS;15156.0;14
0;178100;Caesar;Pablo;PINA_COLADAS;SEASHELLS;15157.0;15
0;178100;Pablo;Charlie;BANANAS;SEASHELLS;4898.0;1
0;178500;Charlie;Peter;PINA_COLADAS;SEASHELLS;15158.0;2
0;178600;Gina;Charlie;BANANAS;SEASHELLS;4899.0;7
0;178800;Charlie;Paris;BANANAS;SEASHELLS;4895.0;1
0;179500;Paris;Charlie;PEARLS;SEASHELLS;10002.0;1
0;179600;Paris;Charlie;BANANAS;SEASHELLS;4902.0;1
0;179600;Camilla;Paris;BERRIES;SEASHELLS;3957.0;2
0;179800;Charlie;Penelope;BANANAS;SEASHELLS;4898.0;10
0;179900;Charlie;Pablo;BANANAS;SEASHELLS;4899.0;3
0;179900;Pablo;Charlie;PEARLS;SEASHELLS;10002.0;4
0;180000;Charlie;Pablo;BANANAS;SEASHELLS;4899.0;3
0;180000;Charlie;Pablo;PEARLS;SEASHELLS;9998.0;1
0;180200;Penelope;Charlie;BANANAS;SEASHELLS;4904.0;5
0;180300;Charlie;Paris;BANANAS;SEASHELLS;4898.0;1
0;180400;Paris;Charlie;BANANAS;SEASHELLS;4903.0;1
0;180600;Charlie;Pablo;PINA_COLADAS;SEASHELLS;15159.0;9
0;180600;Pablo;Charlie;PEARLS;SEASHELLS;10002.0;1
0;180900;Paris;Caesar;PEARLS;SEASHELLS;10004.0;1
0;180900;Paris;Charlie;BANANAS;SEASHELLS;4905.0;2
0;180900;Paris;Charlie;PEARLS;SEASHELLS;10004.0;1
0;181400;Paris;Camilla;BERRIES;SEASHELLS;3968.0;5
0;181600;Paris;Camilla;BERRIES;SEASHELLS;3969.0;7
0;181600;Pablo;Charlie;PEARLS;SEASHELLS;10002.0;3
0;181800;Charlie;Penelope;BANANAS;SEASHELLS;4896.0;11
0;182000;Peter;Charlie;PINA_COLADAS;SEASHELLS;15160.0;2
0;182200;Pablo;Charlie;BANANAS;SEASHELLS;4902.0;2
0;182200;Paris;Charlie;BANANAS;SEASHELLS;4903.0;1
0;182500;Paris;Charlie;BANANAS;SEASHELLS;4904.0;1
0;182500;Pablo;Charlie;PEARLS;SEASHELLS;10002.0;1
0;182600;Gary;Camilla;BERRIES;SEASHELLS;3971.0;15
0;182800;Paris;Caesar;PEARLS;SEASHELLS;10002.0;1
0;183100;Paris;Camilla;BERRIES;SEASHELLS;3970.0;1
0;183300;Charlie;Paris;BANANAS;SEASHELLS;4899.0;1
0;183400;Charlie;Gina;PEARLS;SEASHELLS;9998.0;2
0;183400;Camilla;Gina;PEARLS;SEASHELLS;9998.0;10
0;183500;Paris;Camilla;DIVING_GEAR;SEASHELLS;99393.0;2
0;183600;Paris;Camilla;PEARLS;SEASHELLS;10002.0;1
0;183600;Charlie;Pablo;BANANAS;SEASHELLS;4900.0;5
0;183800;Charlie;Paris;BANANAS;SEASHELLS;4899.0;1
0;184100;Charlie;Pablo;COCONUTS;SEASHELLS;8091.0;18
0;184300;Caesar;Peter;PINA_COLADAS;SEASHELLS;15158.0;4
0;184700;Charlie;Peter;COCONUTS;SEASHELLS;8091.0;9
0;184800;Camilla;Paris;BANANAS;SEASHELLS;4899.0;1
0;184800;Camilla;Paris;PEARLS;SEASHELLS;9998.0;1
0;185000;Caesar;Paris;PEARLS;SEASHELLS;9996.0;1
0;185000;Gary;Camilla;BERRIES;SEASHELLS;3972.0;13
0;185000;Charlie;Paris;BANANAS;SEASHELLS;4899.0;2
0;185500;Caesar;Paris;BANANAS;SEASHELLS;4899.0;2
0;185500;Caesar;Paris;PEARLS;SEASHELLS;9996.0;2
0;185700;Charlie;Camilla;DIVING_GEAR;SEASHELLS;99412.0;2
0;185800;Paris;Camilla;BANANAS;SEASHELLS;4904.0;1
0;186200;Gary;Camilla;PEARLS;SEASHELLS;10002.0;5
0;186300;Caesar;Pablo;PINA_COLADAS;SEASHELLS;15160.0;14
0;186600;Camilla;Paris;BERRIES;SEASHELLS;3964.0;10
0;186700;Caesar;Gary;PEARLS;SEASHELLS;9996.0;1
0;186700;Charlie;Gary;PEARLS;SEASHELLS;9996.0;11
0;187000;Charlie;Paris;BANANAS;SEASHELLS;4900.0;1
0;187200;Caesar;Pablo;PEARLS;SEASHELLS;9998.0;3
0;187200;Charlie;Pablo;COCONUTS;SEASHELLS;8091.0;16
0;187300;Charlie;Paris;PEARLS;SEASHELLS;9995.0;1
0;187300;Charlie;Paris;BANANAS;SEASHELLS;4900.0;1
0;187500;Charlie;Peter;PINA_COLADAS;SEASHELLS;15161.0;2
0;187600;Charlie;Paris;BANANAS;SEASHELLS;4899.0;1
0;187600;Gina;Paris;PEARLS;SEASHELLS;10002.0;1
0;187800;Camilla;Camilla;DIVING_GEAR;SEASHELLS;99454.0;1
0;187900;Penelope;Caesar;PEARLS;SEASHELLS;10004.0;2
0;187900;Camilla;Pablo;PEARLS;SEASHELLS;9998.0;4
0;188100;Charlie;Pablo;PINA_COLADAS;SEASHELLS;15161.0;6
0;188100;Paris;Camilla;BERRIES;SEASHELLS;3970.0;3
0;188200;Charlie;Paris;BANANAS;SEASHELLS;4899.0;1
0;188200;Caesar;Paris;PEARLS;SEASHELLS;9996.0;1
0;188200;Charlie;Paris;PEARLS;SEASHELLS;9998.0;1
0;188300;Charlie;Pablo;BANANAS;SEASHELLS;4900.0;4
0;188400;Penelope;Camilla;BERRIES;SEASHELLS;3970.0;13
0;188500;Paris;Charlie;BANANAS;SEASHELLS;4906.0;1
0;188500;Paris;Charlie;PEARLS;SEASHELLS;10005.0;1
0;188600;Gary;Charlie;BANANAS;SEASHELLS;4906.0;16
0;189200;Caesar;Gary;PEARLS;SEASHELLS;9996.0;2
0;189200;Charlie;Peter;PINA_COLADAS;SEASHELLS;15160.0;3
0;189600;Gina;Caesar;PEARLS;SEASHELLS;10002.0;2
0;189700;Charlie;Pablo;PINA_COLADAS;SEASHELLS;15157.0;15
0;189800;Charlie;Paris;PEARLS;SEASHELLS;9998.0;1
0;189900;Charlie;Pablo;BANANAS;SEASHELLS;4899.0;3
0;189900;Caesar;Pablo;BANANAS;SEASHELLS;4899.0;2
0;190000;Charlie;Paris;PEARLS;SEASHELLS;9998.0;1
0;190200;Charlie;Paris;BANANAS;SEASHELLS;4897.0;1
0;190300;Caesar;Penelope;PEARLS;SEASHELLS;9996.0;2
0;190600;Charlie;Gary;BANANAS;SEASHELLS;4897.0;19
0;190900;Charlie;Paris;BANANAS;SEASHELLS;4897.0;2
0;190900;Charlie;Paris;PEARLS;SEASHELLS;9995.0;2
0;191000;Charlie;Penelope;BANANAS;SEASHELLS;4897.0;3
0;191600;Camilla;Penelope;BERRIES;SEASHELLS;3962.0;11
0;192200;Paris;Charlie;BANANAS;SEASHELLS;4904.0;1
0;192600;Peter;Charlie;COCONUTS;SEASHELLS;8091.0;10
0;192800;Peter;Caesar;PINA_COLADAS;SEASHELLS;15148.0;2
0;193000;Charlie;Paris;PEARLS;SEASHELLS;9995.0;1
0;193000;Charlie;Paris;BANANAS;SEASHELLS;4899.0;1
0;193100;Charlie;Paris;BANANAS;SEASHELLS;4899.0;1
0;193200;Charlie;Peter;PINA_COLADAS;SEASHELLS;15144.0;4
0;193200;Paris;Camilla;BANANAS;SEASHELLS;4905.0;1
0;193400;Paris;Camilla;BERRIES;SEASHELLS;3969.0;10
0;193600;Gary;Charlie;BANANAS;SEASHELLS;4906.0;14
0;193700;Gary;Charlie;PEARLS;SEASHELLS;10005.0;11
0;193800;Caesar;Caesar;COCONUTS;SEASHELLS;8085.0;43
0;193800;Camilla;Paris;PEARLS;SEASHELLS;9998.0;1
0;193900;Caesar;Penelope;PEARLS;SEASHELLS;9996.0;2
0;194200;Paris;Charlie;PEARLS;SEASHELLS;10002.0;1
0;194200;Caesar;Paris;BANANAS;SEASHELLS;4899.0;1
0;194300;Charlie;Paris;BANANAS;SEASHELLS;4899.0;1
0;194800;Charlie;Paris;PEARLS;SEASHELLS;9995.0;1
0;194800;Caesar;Pablo;PINA_COLADAS;SEASHELLS;15150.0;10
0;194800;Charlie;Paris;BANANAS;SEASHELLS;4899.0;1
0;195100;Caesar;Penelope;PEARLS;SEASHELLS;9996.0;1
0;195400;Penelope;Camilla;BERRIES;SEASHELLS;3969.0;12
0;195400;Charlie;Peter;PINA_COLADAS;SEASHELLS;15158.0;2
0;195600;Paris;Charlie;BANANAS;SEASHELLS;4907.0;2
0;195600;Paris;Caesar;PEARLS;SEASHELLS;10004.0;2
0;195700;Charlie;Pablo;BANANAS;SEASHELLS;4902.0;5
0;196200;Charlie;Penelope;BANANAS;SEASHELLS;4901.0;4
0;196700;Paris;Charlie;BANANAS;SEASHELLS;4906.0;1
0;197000;Charlie;Paris;PEARLS;SEASHELLS;9998.0;1
0;197100;Paris;Charlie;PEARLS;SEASHELLS;10002.0;1
0;197400;Caesar;Gary;PEARLS;SEASHELLS;9996.0;1
0;197500;Camilla;Penelope;PEARLS;SEASHELLS;9998.0;5
0;197700;Charlie;Paris;BANANAS;SEASHELLS;4903.0;1
0;197700;Charlie;Paris;PEARLS;SEASHELLS;9995.0;1
0;197700;Caesar;Caesar;COCONUTS;SEASHELLS;8082.0;45
0;197800;Camilla;Paris;BERRIES;SEASHELLS;3967.0;7
0;198300;Peter;Paris;BERRIES;SEASHELLS;3972.0;2
0;198400;Camilla;Paris;PEARLS;SEASHELLS;9998.0;1
0;198500;Pablo;Camilla;PEARLS;SEASHELLS;10002.0;3
0;198900;Paris;Camilla;DIVING_GEAR;SEASHELLS;99501.0;2
0;198900;Paris;Camilla;BANANAS;SEASHELLS;4910.0;1
0;199100;Charlie;Camilla;DIVING_GEAR;SEASHELLS;99490.0;2
0;199300;Paris;Charlie;BANANAS;SEASHELLS;4910.0;1
0;199400;Pablo;Charlie;PEARLS;SEASHELLS;10002.0;3
0;199400;Paris;Charlie;PEARLS;SEASHELLS;10002.0;1
0;199500;Charlie;Olivia;BANANAS;SEASHELLS;4905.0;17
0;199700;Paris;Charlie;PEARLS;SEASHELLS;10002.0;1
0;199800;Charlie;Paris;DIVING_GEAR;SEASHELLS;99493.0;1
0;199900;Camilla;Pablo;BANANAS;SEASHELLS;4906.0;3
0;200100;Pablo;Charlie;PEARLS;SEASHELLS;10002.0;5
0;200200;Paris;Camilla;DIVING_GEAR;SEASHELLS;99482.0;2
0;200300;Paris;Charlie;BANANAS;SEASHELLS;4911.0;2
0;200300;Paris;Caesar;PEARLS;SEASHELLS;10004.0;2
0;200300;Camilla;Paris;BANANAS;SEASHELLS;4905.0;1
0;200400;Paris;Charlie;BANANAS;SEASHELLS;4911.0;1
0;200400;Paris;Caesar;PEARLS;SEASHELLS;10004.0;1
0;200800;Pablo;Camilla;PEARLS;SEASHELLS;10002.0;1
0;200800;Pablo;Camilla;BANANAS;SEASHELLS;4909.0;3
0;200900;Charlie;Paris;BANANAS;SEASHELLS;4904.0;1
0;201800;Penelope;Caesar;BANANAS;SEASHELLS;4909.0;1
0;201800;Penelope;Charlie;BANANAS;SEASHELLS;4909.0;8
0;201800;Pablo;Caesar;PINA_COLADAS;SEASHELLS;15178.0;8
0;201800;Charlie;Pablo;PEARLS;SEASHELLS;9998.0;3
0;201900;Charlie;Pablo;PINA_COLADAS;SEASHELLS;15179.0;6
0;202000;Pablo;Charlie;PEARLS;SEASHELLS;10002.0;3
0;202100;Camilla;Paris;BANANAS;SEASHELLS;4904.0;1
0;202200;Gina;Camilla;PEARLS;SEASHELLS;10002.0;5
0;202300;Paris;Camilla;DIVING_GEAR;SEASHELLS;99466.0;3
0;202500;Caesar;Pablo;PINA_COLADAS;SEASHELLS;15179.0;13
0;202600;Caesar;Caesar;COCONUTS;SEASHELLS;8085.0;40
0;202600;Pablo;Charlie;PEARLS;SEASHELLS;10002.0;4
0;202900;Penelope;Charlie;BANANAS;SEASHELLS;4910.0;4
0;203000;Paris;Charlie;BANANAS;SEASHELLS;4908.0;1
0;203200;Pablo;Charlie;BANANAS;SEASHELLS;4906.0;2
0;203300;Caesar;Penelope;PEARLS;SEASHELLS;9996.0;2
0;203300;Charlie;Penelope;BANANAS;SEASHELLS;4902.0;10
0;203700;Paris;Charlie;BANANAS;SEASHELLS;4907.0;1
0;203900;Paris;Charlie;BANANAS;SEASHELLS;4908.0;2
0;203900;Paris;Caesar;PEARLS;SEASHELLS;10004.0;1
0;204000;Caesar;Caesar;PINA_COLADAS;SEASHELLS;15174.0;20
0;204000;Caesar;Caesar;PINA_COLADAS;SEASHELLS;15174.0;5
0;204800;Gary;Charlie;PEARLS;SEASHELLS;10004.0;7
0;204800;Gary;Caesar;PEARLS;SEASHELLS;10004.0;1
0;205000;Paris;Caesar;BANANAS;SEASHELLS;4905.0;2
0;205000;Peter;Charlie;COCONUTS;SEASHELLS;8085.0;7
0;205000;Paris;Caesar;PEARLS;SEASHELLS;10004.0;2
0;205000;Charlie;Paris;BANANAS;SEASHELLS;4899.0;1
0;205400;Paris;Charlie;BANANAS;SEASHELLS;4905.0;1
0;205700;Caesar;Penelope;BANANAS;SEASHELLS;4899.0;1
0;205800;Paris;Camilla;PEARLS;SEASHELLS;10002.0;1
0;206000;Gary;Camilla;BERRIES;SEASHELLS;3974.0;12
0;206200;Camilla;Paris;DIVING_GEAR;SEASHELLS;99474.0;2
0;206400;Charlie;Paris;BANANAS;SEASHELLS;4898.0;2
0;206400;Caesar;Paris;PEARLS;SEASHELLS;9996.0;2
0;206800;Paris;Charlie;DIVING_GEAR;SEASHELLS;99467.0;1
0;206900;Peter;Caesar;PINA_COLADAS;SEASHELLS;15173.0;5
0;206900;Camilla;Camilla;DIVING_GEAR;SEASHELLS;99467.0;2
0;207000;Charlie;Paris;PEARLS;SEASHELLS;9998.0;1
0;207000;Charlie;Paris;BANANAS;SEASHELLS;4896.0;1
0;207100;Charlie;Gina;BANANAS;SEASHELLS;4897.0;10
0;207200;Paris;Camilla;BERRIES;SEASHELLS;3974.0;7
0;207300;Paris;Caesar;BANANAS;SEASHELLS;4902.0;1
0;207300;Paris;Caesar;PEARLS;SEASHELLS;10004.0;1
0;207400;Pablo;Caesar;PINA_COLADAS;SEASHELLS;15172.0;7
0;207500;Caesar;Penelope;PEARLS;SEASHELLS;9996.0;2
0;207500;Charlie;Penelope;PEARLS;SEASHELLS;9996.0;5
0;207800;Camilla;Camilla;DIVING_GEAR;SEASHELLS;99449.0;1
0;207800;Paris;Charlie;BANANAS;SEASHELLS;4900.0;1
0;207900;Camilla;Paris;BANANAS;SEASHELLS;4895.0;1
0;208000;Paris;Charlie;BANANAS;SEASHELLS;4901.0;1
0;208000;Paris;Caesar;PEARLS;SEASHELLS;10004.0;1
0;208100;Paris;Charlie;BANANAS;SEASHELLS;4901.0;1
0;208100;Paris;Paris;PEARLS;SEASHELLS;9998.0;1
0;208300;Charlie;Paris;BANANAS;SEASHELLS;4894.0;1
0;208400;Pablo;Caesar;COCONUTS;SEASHELLS;8086.0;14
0;208600;Peter;Charlie;PINA_COLADAS;SEASHELLS;15185.0;4
0;208700;Camilla;Paris;BANANAS;SEASHELLS;4893.0;1
0;209000;Paris;Charlie;BANANAS;SEASHELLS;4899.0;1
0;209000;Charlie;Paris;DIVING_GEAR;SEASHELLS;99473.0;1
0;209700;Caesar;Penelope;PEARLS;SEASHELLS;9996.0;2
0;209700;Charlie;Paris;BANANAS;SEASHELLS;4895.0;1
0;209700;Charlie;Penelope;PEARLS;SEASHELLS;9996.0;5
0;209900;Gary;Paris;PEARLS;SEASHELLS;9998.0;1
0;209900;Charlie;Caesar;BANANAS;SEASHELLS;4897.0;3
0;210000;Peter;Caesar;PINA_COLADAS;SEASHELLS;15187.0;3
0;210100;Charlie;Paris;BANANAS;SEASHELLS;4895.0;1
0;210300;Charlie;Paris;BANANAS;SEASHELLS;4895.0;1
0;210300;Paris;Camilla;PEARLS;SEASHELLS;10002.0;1
0;210300;Paris;Camilla;BANANAS;SEASHELLS;4899.0;1
0;210400;Charlie;Paris;BANANAS;SEASHELLS;4895.0;1
0;210500;Charlie;Gary;BANANAS;SEASHELLS;4895.0;13
0;210600;Charlie;Paris;BANANAS;SEASHELLS;4895.0;1
0;210600;Charlie;Paris;PEARLS;SEASHELLS;9995.0;1
0;210700;Charlie;Paris;BANANAS;SEASHELLS;4896.0;1
0;210700;Caesar;Paris;PEARLS;SEASHELLS;9996.0;1
0;211000;Charlie;Paris;DIVING_GEAR;SEASHELLS;99483.0;2
0;211100;Paris;Camilla;PEARLS;SEASHELLS;10002.0;1
0;211100;Paris;Camilla;BANANAS;SEASHELLS;4900.0;1
0;211300;Charlie;Paris;PEARLS;SEASHELLS;9998.0;1
0;211400;Charlie;Penelope;PEARLS;SEASHELLS;9996.0;1
0;211400;Caesar;Penelope;PEARLS;SEASHELLS;9996.0;2
0;211600;Penelope;Camilla;BERRIES;SEASHELLS;3974.0;11
0;211700;Caesar;Caesar;PINA_COLADAS;SEASHELLS;15198.0;6
0;211700;Caesar;Caesar;PINA_COLADAS;SEASHELLS;15198.0;21
0;211800;Charlie;Paris;BANANAS;SEASHELLS;4895.0;1
0;212300;Paris;Gina;PEARLS;SEASHELLS;9998.0;1
0;212300;Paris;Caesar;BANANAS;SEASHELLS;4896.0;1
0;212800;Pablo;Paris;BANANAS;SEASHELLS;4897.0;1
0;212800;Paris;Pablo;BERRIES;SEASHELLS;3967.0;5
0;213000;Charlie;Paris;PEARLS;SEASHELLS;9998.0;1
0;213200;Camilla;Paris;DIVING_GEAR;SEASHELLS;99504.0;3
0;213700;Camilla;Paris;BERRIES;SEASHELLS;3967.0;9
0;213800;Gary;Caesar;BANANAS;SEASHELLS;4900.0;2
0;213800;Camilla;Paris;DIVING_GEAR;SEASHELLS;99514.0;3
0;213900;Charlie;Pablo;PEARLS;SEASHELLS;9998.0;3
0;213900;Charlie;Paris;BANANAS;SEASHELLS;4894.0;1
0;214100;Charlie;Pablo;PEARLS;SEASHELLS;9998.0;1
0;214100;Charlie;Paris;PEARLS;SEASHELLS;9998.0;1
0;214200;Charlie;Camilla;DIVING_GEAR;SEASHELLS;99513.0;2
0;214200;Camilla;Paris;BERRIES;SEASHELLS;3966.0;6
0;214500;Camilla;Paris;PEARLS;SEASHELLS;9998.0;1
0;214500;Camilla;Pablo;PEARLS;SEASHELLS;9998.0;3
0;214600;Peter;Penelope;BERRIES;SEASHELLS;3969.0;1
0;214700;Caesar;Penelope;PEARLS;SEASHELLS;9996.0;2
0;215000;Penelope;Camilla;BANANAS;SEASHELLS;4900.0;2
0;215100;Gary;Camilla;BANANAS;SEASHELLS;4900.0;6
0;215100;Gary;Charlie;BANANAS;SEASHELLS;4900.0;14
0;215100;Charlie;Paris;PEARLS;SEASHELLS;9998.0;1
0;215200;Charlie;Paris;DIVING_GEAR;SEASHELLS;99517.0;2
0;215500;Pablo;Charlie;BANANAS;SEASHELLS;4900.0;4
0;215700;Charlie;Pablo;PINA_COLADAS;SEASHELLS;15180.0;13
0;215800;Charlie;Paris;BANANAS;SEASHELLS;4896.0;1
0;216000;Charlie;Paris;BANANAS;SEASHELLS;4896.0;1
0;216100;Paris;Camilla;BANANAS;SEASHELLS;4902.0;1
0;216100;Paris;Camilla;PEARLS;SEASHELLS;10002.0;1
0;216600;Charlie;Paris;PEARLS;SEASHELLS;9998.0;1
0;216700;Pablo;Charlie;BANANAS;SEASHELLS;4900.0;2
0;216700;Penelope;Charlie;BANANAS;SEASHELLS;4903.0;5
0;217100;Caesar;Gary;PEARLS;SEASHELLS;9996.0;1
0;217100;Caesar;Gina;BANANAS;SEASHELLS;4897.0;5
0;217300;Charlie;Camilla;DIVING_GEAR;SEASHELLS;99523.0;1
0;217500;Charlie;Gina;BANANAS;SEASHELLS;4898.0;9
0;217500;Caesar;Paris;PEARLS;SEASHELLS;9996.0;1
0;217500;Charlie;Paris;BANANAS;SEASHELLS;4897.0;1
0;217700;Paris;Camilla;BERRIES;SEASHELLS;3976.0;10
0;217700;Paris;Camilla;BANANAS;SEASHELLS;4901.0;1
0;217700;Camilla;Paris;DIVING_GEAR;SEASHELLS;99508.0;2
0;217800;Caesar;Penelope;PEARLS;SEASHELLS;9996.0;1
0;217900;Pablo;Charlie;BANANAS;SEASHELLS;4900.0;5
0;217900;Penelope;Charlie;BANANAS;SEASHELLS;4902.0;8
0;218700;Gary;Camilla;BERRIES;SEASHELLS;3976.0;11
0;218900;Paris;Camilla;DIVING_GEAR;SEASHELLS;99482.0;3
0;219300;Paris;Camilla;BERRIES;SEASHELLS;3976.0;7
0;219400;Paris;Caesar;PEARLS;SEASHELLS;10004.0;1
0;219400;Paris;Charlie;BANANAS;SEASHELLS;4899.0;1
0;219400;Paris;Charlie;BANANAS;SEASHELLS;4901.0;1
0;219500;Charlie;Pablo;COCONUTS;SEASHELLS;8080.0;15
0;219600;Paris;Charlie;BANANAS;SEASHELLS;4899.0;1
0;220100;Gary;Charlie;BANANAS;SEASHELLS;4900.0;12
0;220200;Caesar;Caesar;COCONUTS;SEASHELLS;8086.0;47
0;220200;Caesar;Caesar;COCONUTS;SEASHELLS;8086.0;14
0;220400;Caesar;Peter;PINA_COLADAS;SEASHELLS;15183.0;5
0;220400;Camilla;Paris;BERRIES;SEASHELLS;3970.0;10
0;220800;Peter;Charlie;COCONUTS;SEASHELLS;8087.0;6
0;220900;Paris;Charlie;DIVING_GEAR;SEASHELLS;99458.0;2
0;221100;Paris;Camilla;BANANAS;SEASHELLS;4898.0;1
0;221100;Paris;Camilla;BERRIES;SEASHELLS;3976.0;6
0;221100;Paris;Camilla;PEARLS;SEASHELLS;10002.0;1
0;221200;Paris;Charlie;PEARLS;SEASHELLS;10002.0;1
0;221200;Charlie;Paris;BANANAS;SEASHELLS;4894.0;1
0;221600;Camilla;Camilla;DIVING_GEAR;SEASHELLS;99451.0;3
0;221800;Peter;Charlie;COCONUTS;SEASHELLS;8090.0;10
0;222200;Camilla;Pablo;PEARLS;SEASHELLS;9998.0;2
0;222500;Caesar;Peter;PINA_COLADAS;SEASHELLS;15176.0;5
0;222800;Charlie;Pablo;PINA_COLADAS;SEASHELLS;15172.0;11
0;222800;Paris;Charlie;BANANAS;SEASHELLS;4900.0;1
0;223000;Charlie;Paris;BANANAS;SEASHELLS;4895.0;1
0;223100;Caesar;Pablo;PEARLS;SEASHELLS;9998.0;2
0;223200;Paris;Camilla;DIVING_GEAR;SEASHELLS;99473.0;3
0;223300;Pablo;Paris;BERRIES;SEASHELLS;3971.0;2
0;223400;Gina;Charlie;BANANAS;SEASHELLS;4902.0;7
0;223600;Paris;Camilla;PEARLS;SEASHELLS;10002.0;1
0;223700;Paris;Charlie;PEARLS;SEASHELLS;10005.0;1
0;223700;Paris;Charlie;BANANAS;SEASHELLS;4903.0;1
0;223800;Paris;Charlie;PEARLS;SEASHELLS;10002.0;1
0;223800;Charlie;Paris;BANANAS;SEASHELLS;4897.0;1
0;224100;Peter;Charlie;COCONUTS;SEASHELLS;8088.0;10
0;224500;Camilla;Camilla;DIVING_GEAR;SEASHELLS;99466.0;2
0;224500;Paris;Charlie;PEARLS;SEASHELLS;10002.0;1
0;224600;Penelope;Caesar;PEARLS;SEASHELLS;10004.0;1
0;224600;Paris;Charlie;BANANAS;SEASHELLS;4903.0;1
0;224600;Paris;Charlie;PEARLS;SEASHELLS;10005.0;1
0;225000;Caesar;Penelope;PEARLS;SEASHELLS;9996.0;1
0;225600;Charlie;Penelope;BANANAS;SEASHELLS;4894.0;2
0;225700;Camilla;Gary;BERRIES;SEASHELLS;3963.0;10
0;225700;Pablo;Charlie;PEARLS;SEASHELLS;10002.0;1
0;225700;Camilla;Paris;BANANAS;SEASHELLS;4895.0;1
0;225800;Charlie;Pablo;COCONUTS;SEASHELLS;8085.0;20
0;226100;Camilla;Penelope;BERRIES;SEASHELLS;3963.0;14
0;226100;Paris;Pablo;PEARLS;SEASHELLS;9998.0;1
0;226100;Charlie;Pablo;PEARLS;SEASHELLS;9998.0;4
0;226300;Charlie;Camilla;DIVING_GEAR;SEASHELLS;99471.0;2
0;226300;Charlie;Paris;DIVING_GEAR;SEASHELLS;99471.0;3
0;226700;Gary;Charlie;BANANAS;SEASHELLS;4899.0;13
0;226700;Camilla;Paris;BANANAS;SEASHELLS;4893.0;2
0;226700;Camilla;Paris;PEARLS;SEASHELLS;9998.0;2
0;227300;Charlie;Paris;PEARLS;SEASHELLS;9998.0;1
0;227500;Camilla;Paris;DIVING_GEAR;SEASHELLS;99482.0;2
0;227700;Charlie;Caesar;BANANAS;SEASHELLS;4895.0;6
0;227700;Caesar;Paris;PEARLS;SEASHELLS;9996.0;1
0;227700;Caesar;Paris;BANANAS;SEASHELLS;4893.0;1
0;227900;Paris;Charlie;DIVING_GEAR;SEASHELLS;99485.0;3
0;228000;Paris;Charlie;DIVING_GEAR;SEASHELLS;99485.0;3
0;228400;Charlie;Paris;BANANAS;SEASHELLS;4892.0;1
0;228800;Charlie;Paris;DIVING_GEAR;SEASHELLS;99490.0;3
0;228800;Penelope;Camilla;BANANAS;SEASHELLS;4896.0;2
0;228900;Gina;Camilla;BANANAS;SEASHELLS;4896.0;5
0;229100;Paris;Camilla;BERRIES;SEASHELLS;3968.0;5
0;229400;Charlie;Paris;PEARLS;SEASHELLS;9998.0;1
0;229600;Paris;Camilla;PEARLS;SEASHELLS;10002.0;1
0;229700;Paris;Charlie;BANANAS;SEASHELLS;4896.0;1
0;229700;Penelope;Camilla;BERRIES;SEASHELLS;3967.0;11
0;229800;Paris;Charlie;DIVING_GEAR;SEASHELLS;99479.0;1
0;230000;Charlie;Paris;BANANAS;SEASHELLS;4891.0;1
0;230100;Charlie;Paris;BANANAS;SEASHELLS;4892.0;1
0;230300;Caesar;Gary;PEARLS;SEASHELLS;9996.0;1
0;230300;Charlie;Gary;PEARLS;SEASHELLS;9996.0;9
0;230300;Caesar;Peter;COCONUTS;SEASHELLS;8088.0;5
0;230400;Paris;Camilla;PEARLS;SEASHELLS;10002.0;1
0;230400;Paris;Camilla;BANANAS;SEASHELLS;4897.0;1
0;230500;Charlie;Paris;BANANAS;SEASHELLS;4893.0;1
0;230600;Charlie;Paris;DIVING_GEAR;SEASHELLS;99478.0;3
0;230700;Penelope;Charlie;BANANAS;SEASHELLS;4900.0;6
0;230900;Paris;Caesar;PEARLS;SEASHELLS;10004.0;1
0;230900;Caesar;Caesar;PINA_COLADAS;SEASHELLS;15148.0;20
0;230900;Paris;Caesar;BANANAS;SEASHELLS;4900.0;1
0;230900;Charlie;Camilla;DIVING_GEAR;SEASHELLS;99475.0;3
0;231100;Charlie;Peter;COCONUTS;SEASHELLS;8086.0;8
0;231300;Camilla;Paris;PEARLS;SEASHELLS;9998.0;1
0;231600;Charlie;Paris;BANANAS;SEASHELLS;4894.0;1
0;231700;Caesar;Paris;BANANAS;SEASHELLS;4894.0;1
0;231700;Penelope;Caesar;PEARLS;SEASHELLS;10000.0;4
0;231800;Camilla;Paris;DIVING_GEAR;SEASHELLS;99446.0;3
0;231800;Peter;Charlie;PINA_COLADAS;SEASHELLS;15150.0;3
0;231800;Camilla;Camilla;DIVING_GEAR;SEASHELLS;99446.0;1
0;232100;Charlie;Paris;DIVING_GEAR;SEASHELLS;99440.0;2
0;232100;Paris;Charlie;PEARLS;SEASHELLS;10002.0;1
0;232200;Penelope;Charlie;BANANAS;SEASHELLS;4900.0;12
0;232200;Paris;Camilla;DIVING_GEAR;SEASHELLS;99439.0;1
0;232300;Caesar;Pablo;COCONUTS;SEASHELLS;8085.0;21
0;232300;Paris;Camilla;BANANAS;SEASHELLS;4898.0;1
0;232300;Paris;Camilla;PEARLS;SEASHELLS;10002.0;1
0;232400;Charlie;Peter;PINA_COLADAS;SEASHELLS;15142.0;5
0;232600;Paris;Camilla;BERRIES;SEASHELLS;3963.0;1
0;232600;Paris;Pablo;PEARLS;SEASHELLS;9998.0;1
0;232600;Paris;Caesar;BANANAS;SEASHELLS;4899.0;1
0;232600;Camilla;Pablo;PEARLS;SEASHELLS;9998.0;2
0;233000;Pablo;Charlie;BANANAS;SEASHELLS;4896.0;5
0;233500;Penelope;Camilla;BERRIES;SEASHELLS;3963.0;14
0;233900;Paris;Camilla;BANANAS;SEASHELLS;4897.0;1
0;234100;Penelope;Charlie;BANANAS;SEASHELLS;4899.0;5
0;234200;Charlie;Paris;BANANAS;SEASHELLS;4892.0;1
0;234300;Camilla;Paris;BERRIES;SEASHELLS;3955.0;9
0;234300;Charlie;Paris;BANANAS;SEASHELLS;4892.0;1
0;234300;Charlie;Paris;PEARLS;SEASHELLS;9995.0;1
0;234400;Penelope;Charlie;BANANAS;SEASHELLS;4898.0;2
0;234500;Camilla;Paris;BERRIES;SEASHELLS;3955.0;9
0;234500;Charlie;Paris;PEARLS;SEASHELLS;9998.0;1
0;234700;Paris;Charlie;PEARLS;SEASHELLS;10004.0;1
0;234700;Paris;Caesar;PEARLS;SEASHELLS;10004.0;1
0;234700;Paris;Charlie;BANANAS;SEASHELLS;4899.0;2
0;234800;Charlie;Pablo;PINA_COLADAS;SEASHELLS;15143.0;13
0;234800;Camilla;Paris;PEARLS;SEASHELLS;9998.0;1
0;235200;Charlie;Penelope;PEARLS;SEASHELLS;9995.0;8
0;235300;Camilla;Penelope;BERRIES;SEASHELLS;3955.0;10
0;235400;Camilla;Gina;BANANAS;SEASHELLS;4892.0;7
0;235400;Charlie;Gina;BANANAS;SEASHELLS;4892.0;3
0;236200;Charlie;Pablo;PEARLS;SEASHELLS;9998.0;1
0;236300;Charlie;Gary;BANANAS;SEASHELLS;4892.0;15
0;236400;Charlie;Paris;PEARLS;SEASHELLS;9998.0;1
0;236800;Charlie;Paris;PEARLS;SEASHELLS;9998.0;1
0;237000;Paris;Pablo;PEARLS;SEASHELLS;9998.0;1
0;237000;Paris;Caesar;BANANAS;SEASHELLS;4897.0;1
0;237000;Charlie;Pablo;PEARLS;SEASHELLS;9998.0;3
0;237300;Camilla;Paris;DIVING_GEAR;SEASHELLS;99465.0;2
0;237300;Charlie;Paris;BANANAS;SEASHELLS;4890.0;1
0;237300;Caesar;Paris;PEARLS;SEASHELLS;9996.0;1
0;237400;Charlie;Paris;BANANAS;SEASHELLS;4890.0;1
0;237400;Charlie;Paris;PEARLS;SEASHELLS;9998.0;1
0;237700;Charlie;Peter;PINA_COLADAS;SEASHELLS;15136.0;3
0;237700;Camilla;Paris;PEARLS;SEASHELLS;9998.0;1
0;238000;Charlie;Paris;BANANAS;SEASHELLS;4891.0;1
0;238200;Camilla;Camilla;DIVING_GEAR;SEASHELLS;99470.0;3
0;238300;Camilla;Gary;PEARLS;SEASHELLS;9998.0;5
0;238700;Paris;Caesar;PEARLS;SEASHELLS;10004.0;1
0;238700;Paris;Camilla;BERRIES;SEASHELLS;3969.0;3
0;238700;Paris;Charlie;BANANAS;SEASHELLS;4897.0;1
0;238700;Charlie;Paris;BANANAS;SEASHELLS;4891.0;1
0;238700;Paris;Charlie;PEARLS;SEASHELLS;10002.0;1
0;239300;Gary;Caesar;PEARLS;SEASHELLS;10004.0;1
0;239300;Charlie;Peter;COCONUTS;SEASHELLS;8085.0;6
0;239300;Paris;Charlie;BANANAS;SEASHELLS;4898.0;1
0;239300;Gary;Charlie;PEARLS;SEASHELLS;10004.0;8
0;239300;Paris;Charlie;PEARLS;SEASHELLS;10005.0;1
0;239600;Penelope;Camilla;BERRIES;SEASHELLS;3969.0;12
0;239900;Pablo;Camilla;BANANAS;SEASHELLS;4897.0;5
0;240100;Camilla;Pablo;PEARLS;SEASHELLS;9998.0;3
0;240100;Charlie;Pablo;COCONUTS;SEASHELLS;8083.0;12
0;240200;Gary;Caesar;PEARLS;SEASHELLS;10000.0;2
0;240200;Camilla;Camilla;DIVING_GEAR;SEASHELLS;99443.0;3
0;240200;Penelope;Camilla;PEARLS;SEASHELLS;10002.0;5
0;240700;Paris;Charlie;BANANAS;SEASHELLS;4899.0;1
0;240900;Camilla;Gary;BERRIES;SEASHELLS;3960.0;19
0;241000;Charlie;Pablo;PEARLS;SEASHELLS;9998.0;5
0;241100;Caesar;Caesar;COCONUTS;SEASHELLS;8083.0;47
0;241200;Penelope;Charlie;PEARLS;SEASHELLS;10004.0;6
0;241200;Penelope;Caesar;PEARLS;SEASHELLS;10004.0;2
0;241400;Camilla;Paris;PEARLS;SEASHELLS;9998.0;1
0;241400;Camilla;Camilla;DIVING_GEAR;SEASHELLS;99436.0;3
0;242000;Charlie;Paris;PEARLS;SEASHELLS;9998.0;1
0;242400;Penelope;Caesar;PEARLS;SEASHELLS;10004.0;1
0;242700;Paris;Camilla;BERRIES;SEASHELLS;3968.0;5
0;243000;Charlie;Paris;BANANAS;SEASHELLS;4894.0;1
0;243500;Charlie;Penelope;BANANAS;SEASHELLS;4893.0;7
0;243500;Pablo;Charlie;PEARLS;SEASHELLS;10002.0;1
0;243600;Camilla;Paris;PEARLS;SEASHELLS;9998.0;1
0;243900;Penelope;Camilla;BANANAS;SEASHELLS;4896.0;1
0;243900;Charlie;Paris;PEARLS;SEASHELLS;9998.0;1
0;243900;Penelope;Charlie;BANANAS;SEASHELLS;4896.0;4
0;244100;Caesar;Paris;BANANAS;SEASHELLS;4892.0;1
0;244100;Caesar;Gary;PEARLS;SEASHELLS;9996.0;1
0;244300;Charlie;Paris;BANANAS;SEASHELLS;4891.0;1
0;244400;Charlie;Penelope;BANANAS;SEASHELLS;4892.0;10
0;244500;Caesar;Penelope;BANANAS;SEASHELLS;4892.0;1
0;245200;Charlie;Paris;BANANAS;SEASHELLS;4892.0;1
0;245300;Paris;Charlie;PEARLS;SEASHELLS;10002.0;1
0;245700;Charlie;Penelope;BANANAS;SEASHELLS;4892.0;6
0;246000;Paris;Charlie;BANANAS;SEASHELLS;4897.0;1
0;246200;Gary;Charlie;BANANAS;SEASHELLS;4898.0;15
0;246500;Caesar;Pablo;COCONUTS;SEASHELLS;8077.0;18
0;246500;Camilla;Paris;DIVING_GEAR;SEASHELLS;99468.0;3
0;246800;Caesar;Caesar;PINA_COLADAS;SEASHELLS;15130.0;26
0;247000;Pablo;Charlie;PEARLS;SEASHELLS;10002.0;5
0;247000;Charlie;Paris;BANANAS;SEASHELLS;4890.0;1
0;247000;Charlie;Penelope;BANANAS;SEASHELLS;4890.0;12
0;247100;Camilla;Camilla;DIVING_GEAR;SEASHELLS;99445.0;2
0;247200;Paris;Camilla;BANANAS;SEASHELLS;4895.0;1
0;247500;Charlie;Penelope;PEARLS;SEASHELLS;9995.0;8
0;247600;Charlie;Penelope;PEARLS;SEASHELLS;9995.0;7
0;247600;Charlie;Peter;PINA_COLADAS;SEASHELLS;15131.0;2
0;247900;Charlie;Penelope;BANANAS;SEASHELLS;4888.0;4
0;248100;Camilla;Paris;PEARLS;SEASHELLS;9998.0;2
0;248100;Paris;Paris;BANANAS;SEASHELLS;4892.0;1
0;248200;Camilla;Camilla;DIVING_GEAR;SEASHELLS;99429.0;1
0;248200;Charlie;Paris;BANANAS;SEASHELLS;4887.0;1
0;248300;Paris;Camilla;BERRIES;SEASHELLS;3969.0;1
0;248300;Paris;Charlie;DIVING_GEAR;SEASHELLS;99436.0;2
0;248400;Charlie;Pablo;BANANAS;SEASHELLS;4888.0;3
0;248400;Paris;Pablo;BANANAS;SEASHELLS;4888.0;2
0;248400;Paris;Charlie;PEARLS;SEASHELLS;10005.0;2
0;248700;Penelope;Charlie;PEARLS;SEASHELLS;10005.0;4
0;248800;Caesar;Paris;BANANAS;SEASHELLS;4887.0;1
0;248900;Camilla;Paris;BANANAS;SEASHELLS;4887.0;1
0;249000;Gary;Camilla;BERRIES;SEASHELLS;3971.0;18
0;249100;Charlie;Paris;PEARLS;SEASHELLS;9998.0;1
0;249200;Charlie;Caesar;BANANAS;SEASHELLS;4889.0;3
0;249400;Charlie;Paris;BANANAS;SEASHELLS;4887.0;1
0;249400;Charlie;Pablo;PEARLS;SEASHELLS;9998.0;4
0;249500;Camilla;Paris;PEARLS;SEASHELLS;9998.0;1
0;249600;Charlie;Pablo;BANANAS;SEASHELLS;4888.0;1
0;249700;Caesar;Gary;PEARLS;SEASHELLS;9996.0;1
0;249700;Paris;Camilla;PEARLS;SEASHELLS;10002.0;1
0;250000;Pablo;Charlie;PEARLS;SEASHELLS;10002.0;5
0;250100;Paris;Camilla;DIVING_GEAR;SEASHELLS;99463.0;3
0;250200;Charlie;Gary;PEARLS;SEASHELLS;9995.0;9
0;250300;Paris;Charlie;DIVING_GEAR;SEASHELLS;99471.0;2
0;250400;Paris;Pablo;BANANAS;SEASHELLS;4887.0;2
0;250400;Charlie;Pablo;BANANAS;SEASHELLS;4887.0;2
0;250400;Paris;Paris;PEARLS;SEASHELLS;9998.0;1
0;250500;Caesar;Caesar;COCONUTS;SEASHELLS;8083.0;47
0;250900;Camilla;Penelope;BERRIES;SEASHELLS;3961.0;10
0;251000;Camilla;Penelope;BERRIES;SEASHELLS;3961.0;15
0;251400;Paris;Charlie;BANANAS;SEASHELLS;4892.0;1
0;251400;Charlie;Pablo;PINA_COLADAS;SEASHELLS;15131.0;7
0;251700;Paris;Charlie;BANANAS;SEASHELLS;4892.0;1
0;252000;Charlie;Paris;BANANAS;SEASHELLS;4888.0;1
0;252000;Charlie;Paris;PEARLS;SEASHELLS;9998.0;1
0;252200;Penelope;Camilla;BANANAS;SEASHELLS;4893.0;1
0;252600;Penelope;Camilla;BERRIES;SEASHELLS;3971.0;15
0;252600;Paris;Camilla;BERRIES;SEASHELLS;3971.0;1
0;252700;Paris;Camilla;BANANAS;SEASHELLS;4893.0;1
0;252800;Paris;Caesar;BANANAS;SEASHELLS;4894.0;1
0;252800;Paris;Caesar;PEARLS;SEASHELLS;10004.0;1
0;253100;Paris;Caesar;BANANAS;SEASHELLS;4894.0;1
0;253100;Paris;Caesar;PEARLS;SEASHELLS;10004.0;1
0;253200;Charlie;Peter;PINA_COLADAS;SEASHELLS;15108.0;4
0;253200;Charlie;Peter;COCONUTS;SEASHELLS;8070.0;6
0;253400;Charlie;Paris;BANANAS;SEASHELLS;4888.0;1
0;253500;Paris;Camilla;BERRIES;SEASHELLS;3971.0;7
0;253600;Paris;Camilla;BANANAS;SEASHELLS;4893.0;1
0;253800;Paris;Camilla;PEARLS;SEASHELLS;10002.0;1
0;254000;Charlie;Paris;BANANAS;SEASHELLS;4889.0;1
0;254100;Pablo;Charlie;BANANAS;SEASHELLS;4893.0;3
0;254200;Gary;Caesar;PEARLS;SEASHELLS;10004.0;1
0;254200;Gary;Charlie;PEARLS;SEASHELLS;10004.0;10
0;254500;Camilla;Paris;BERRIES;SEASHELLS;3965.0;8
0;254800;Caesar;Penelope;PEARLS;SEASHELLS;9996.0;2
0;254900;Caesar;Pablo;PEARLS;SEASHELLS;9998.0;2
0;255100;Paris;Camilla;BANANAS;SEASHELLS;4893.0;1
0;255100;Caesar;Pablo;PEARLS;SEASHELLS;9998.0;1
0;255200;Peter;Charlie;PINA_COLADAS;SEASHELLS;15121.0;4
0;255500;Paris;Charlie;BANANAS;SEASHELLS;4895.0;1
0;255500;Paris;Charlie;PEARLS;SEASHELLS;10005.0;1
0;255500;Charlie;Paris;BANANAS;SEASHELLS;4888.0;1
0;255700;Caesar;Caesar;PINA_COLADAS;SEASHELLS;15121.0;26
0;255700;Paris;Charlie;DIVING_GEAR;SEASHELLS;99450.0;2
0;255800;Charlie;Pablo;PEARLS;SEASHELLS;9998.0;5
0;255900;Caesar;Paris;PEARLS;SEASHELLS;9998.0;1
0;255900;Charlie;Camilla;DIVING_GEAR;SEASHELLS;99443.0;3
0;256000;Paris;Charlie;BANANAS;SEASHELLS;4893.0;1
0;256000;Charlie;Pablo;PINA_COLADAS;SEASHELLS;15119.0;5
0;256100;Camilla;Pablo;PEARLS;SEASHELLS;9998.0;4
0;256100;Camilla;Paris;BANANAS;SEASHELLS;4888.0;1
0;256200;Paris;Penelope;BANANAS;SEASHELLS;4893.0;1
0;256400;Camilla;Paris;BANANAS;SEASHELLS;4888.0;1
0;256500;Pablo;Paris;BANANAS;SEASHELLS;4892.0;1
0;256600;Paris;Camilla;DIVING_GEAR;SEASHELLS;99455.0;2
0;256900;Charlie;Camilla;DIVING_GEAR;SEASHELLS;99465.0;2
0;257000;Charlie;Pablo;PINA_COLADAS;SEASHELLS;15116.0;10
0;257100;Charlie;Paris;DIVING_GEAR;SEASHELLS;99472.0;3
0;257200;Charlie;Pablo;COCONUTS;SEASHELLS;8071.0;11
0;257200;Charlie;Paris;BANANAS;SEASHELLS;4891.0;1
0;257300;Paris;Charlie;DIVING_GEAR;SEASHELLS;99492.0;1
0;257400;Charlie;Pablo;PEARLS;SEASHELLS;9998.0;4
0;257500;Paris;Charlie;PEARLS;SEASHELLS;10002.0;1
0;257800;Charlie;Penelope;PEARLS;SEASHELLS;9995.0;6
0;257800;Gina;Charlie;BANANAS;SEASHELLS;4895.0;9
0;257900;Paris;Paris;PEARLS;SEASHELLS;9998.0;1
0;257900;Paris;Charlie;BANANAS;SEASHELLS;4897.0;2
0;258000;Camilla;Pablo;PEARLS;SEASHELLS;9998.0;5
0;258300;Pablo;Caesar;COCONUTS;SEASHELLS;8072.0;24
0;258500;Paris;Camilla;PEARLS;SEASHELLS;10002.0;2
0;258500;Pablo;Camilla;PEARLS;SEASHELLS;10002.0;2
0;258500;Paris;Camilla;BANANAS;SEASHELLS;4897.0;2
0;258600;Camilla;Penelope;BERRIES;SEASHELLS;3962.0;15
0;258600;Charlie;Pablo;BANANAS;SEASHELLS;4893.0;5
0;258800;Penelope;Charlie;BANANAS;SEASHELLS;4900.0;3
0;258800;Pablo;Charlie;BANANAS;SEASHELLS;4897.0;3
0;258800;Caesar;Pablo;PINA_COLADAS;SEASHELLS;15117.0;6
0;258900;Pablo;Paris;PEARLS;SEASHELLS;10002.0;1
0;258900;Camilla;Paris;BANANAS;SEASHELLS;4893.0;1
0;259000;Paris;Caesar;BANANAS;SEASHELLS;4899.0;2
0;259000;Paris;Caesar;PEARLS;SEASHELLS;10004.0;2
0;259100;Paris;Charlie;DIVING_GEAR;SEASHELLS;99504.0;3
0;259400;Camilla;Paris;BANANAS;SEASHELLS;4892.0;1
0;259600;Caesar;Caesar;COCONUTS;SEASHELLS;8067.0;22
0;259600;Caesar;Caesar;COCONUTS;SEASHELLS;8067.0;52
0;259700;Caesar;Caesar;COCONUTS;SEASHELLS;8067.0;42
0;259700;Caesar;Caesar;COCONUTS;SEASHELLS;8067.0;12
0;259700;Camilla;Paris;BANANAS;SEASHELLS;4891.0;1
0;259800;Charlie;Peter;COCONUTS;SEASHELLS;8066.0;6
0;259900;Camilla;Camilla;DIVING_GEAR;SEASHELLS;99482.0;2
0;260300;Paris;Camilla;PEARLS;SEASHELLS;10002.0;1
0;260300;Penelope;Camilla;BERRIES;SEASHELLS;3972.0;11
0;260700;Camilla;Paris;PEARLS;SEASHELLS;9998.0;1
0;260700;Camilla;Paris;BANANAS;SEASHELLS;4892.0;1
0;260800;Paris;Charlie;BANANAS;SEASHELLS;4897.0;1
0;261000;Charlie;Paris;DIVING_GEAR;SEASHELLS;99487.0;3
0;261300;Penelope;Camilla;BERRIES;SEASHELLS;3975.0;11
0;261400;Caesar;Paris;BANANAS;SEASHELLS;4892.0;1
0;261600;Charlie;Pablo;PEARLS;SEASHELLS;9998.0;5
0;261800;Charlie;Paris;BANANAS;SEASHELLS;4891.0;1
0;261800;Charlie;Paris;PEARLS;SEASHELLS;9995.0;1
0;262100;Paris;Charlie;PEARLS;SEASHELLS;10002.0;1
0;262100;Camilla;Paris;BANANAS;SEASHELLS;4891.0;1
0;262600;Camilla;Paris;DIVING_GEAR;SEASHELLS;99474.0;3
0;262700;Camilla;Paris;BANANAS;SEASHELLS;4890.0;1
0;262700;Charlie;Caesar;BANANAS;SEASHELLS;4892.0;2
0;262700;Camilla;Paris;DIVING_GEAR;SEASHELLS;99476.0;1
0;263100;Charlie;Penelope;BANANAS;SEASHELLS;4890.0;10
0;263200;Penelope;Caesar;PEARLS;SEASHELLS;10004.0;2
0;263300;Penelope;Camilla;BERRIES;SEASHELLS;3977.0;13
0;263300;Caesar;Penelope;BANANAS;SEASHELLS;4890.0;1
0;263300;Camilla;Pablo;PEARLS;SEASHELLS;9998.0;2
0;263300;Charlie;Penelope;BANANAS;SEASHELLS;4890.0;6
0;263300;Charlie;Pablo;PEARLS;SEASHELLS;9998.0;1
0;263300;Camilla;Penelope;BANANAS;SEASHELLS;4890.0;2
0;263900;Pablo;Charlie;PEARLS;SEASHELLS;10002.0;1
0;263900;Pablo;Camilla;PEARLS;SEASHELLS;10002.0;4
0;264100;Paris;Charlie;PEARLS;SEASHELLS;10005.0;2
0;264100;Paris;Charlie;BANANAS;SEASHELLS;4897.0;2
0;264500;Camilla;Paris;PEARLS;SEASHELLS;9998.0;1
0;264500;Camilla;Paris;DIVING_GEAR;SEASHELLS;99519.0;3
0;264700;Charlie;Paris;PEARLS;SEASHELLS;9998.0;1
0;264700;Gary;Camilla;BERRIES;SEASHELLS;3978.0;16
0;264700;Charlie;Pablo;PEARLS;SEASHELLS;9998.0;4
0;264800;Gary;Caesar;PEARLS;SEASHELLS;10004.0;2
0;264800;Gary;Camilla;BERRIES;SEASHELLS;3977.0;20
0;264900;Camilla;Paris;BERRIES;SEASHELLS;3969.0;4
0;264900;Caesar;Caesar;COCONUTS;SEASHELLS;8066.0;47
0;265200;Paris;Camilla;BANANAS;SEASHELLS;4895.0;1
0;265600;Charlie;Paris;PEARLS;SEASHELLS;9998.0;1
0;265800;Penelope;Caesar;BANANAS;SEASHELLS;4895.0;1
0;265900;Charlie;Penelope;PEARLS;SEASHELLS;9995.0;4
0;266000;Charlie;Paris;PEARLS;SEASHELLS;9998.0;1
0;266600;Paris;Caesar;BANANAS;SEASHELLS;4895.0;1
0;266700;Paris;Charlie;PEARLS;SEASHELLS;10005.0;2
0;266700;Paris;Charlie;BANANAS;SEASHELLS;4897.0;2
0;266900;Camilla;Camilla;DIVING_GEAR;SEASHELLS;99568.0;3
0;267100;Pablo;Charlie;PEARLS;SEASHELLS;10002.0;2
0;267400;Charlie;Pablo;COCONUTS;SEASHELLS;8061.0;29
0;267800;Paris;Pablo;BANANAS;SEASHELLS;4893.0;1
0;267900;Penelope;Caesar;PEARLS;SEASHELLS;10004.0;1
0;267900;Penelope;Charlie;PEARLS;SEASHELLS;10004.0;4
0;267900;Paris;Charlie;DIVING_GEAR;SEASHELLS;99591.0;3
0;268200;Paris;Charlie;BANANAS;SEASHELLS;4898.0;2
0;268200;Paris;Charlie;PEARLS;SEASHELLS;10005.0;2
0;268200;Charlie;Paris;BANANAS;SEASHELLS;4891.0;1
0;268300;Charlie;Pablo;BANANAS;SEASHELLS;4892.0;1
0;268300;Charlie;Paris;BANANAS;SEASHELLS;4891.0;1
0;268300;Charlie;Paris;PEARLS;SEASHELLS;9995.0;1
0;268400;Peter;Charlie;PINA_COLADAS;SEASHELLS;15076.0;5
0;268400;Paris;Charlie;BANANAS;SEASHELLS;4896.0;1
0;268500;Charlie;Paris;BANANAS;SEASHELLS;4891.0;1
0;268600;Caesar;Caesar;PINA_COLADAS;SEASHELLS;15073.0;25
0;269100;Camilla;Camilla;DIVING_GEAR;SEASHELLS;99550.0;3
0;269200;Paris;Penelope;BANANAS;SEASHELLS;4895.0;1
0;269300;Paris;Charlie;DIVING_GEAR;SEASHELLS;99555.0;1
0;269400;Charlie;Paris;BANANAS;SEASHELLS;4890.0;1
0;269400;Camilla;Paris;BERRIES;SEASHELLS;3968.0;10
