day;timestamp;buyer;seller;symbol;currency;price;quantity
-1;0;Paris;Caesar;PEARLS;SEASHELLS;10004.0;1
-1;0;Paris;Charlie;BANANAS;SEASHELLS;4952.0;1
-1;1100;Caesar;Gary;PEARLS;SEASHELLS;9996.0;2
-1;1300;Pablo;Caesar;BANANAS;SEASHELLS;4949.0;3
-1;1600;Charlie;Pablo;COCONUTS;SEASHELLS;8000.0;30
-1;1700;Paris;Camilla;PEARLS;SEASHELLS;10002.0;1
-1;1800;Paris;Charlie;PEARLS;SEASHELLS;10002.0;1
-1;1900;Paris;Charlie;BANANAS;SEASHELLS;4950.0;1
-1;2000;Charlie;Paris;PEARLS;SEASHELLS;9998.0;1
-1;2400;Caesar;Paris;BANANAS;SEASHELLS;4947.0;1
-1;2500;Charlie;Caesar;BANANAS;SEASHELLS;4949.0;2
-1;2800;Charlie;Peter;COCONUTS;SEASHELLS;7997.0;10
-1;2900;Caesar;Gary;PEARLS;SEASHELLS;9996.0;1
-1;2900;Charlie;Gary;PEARLS;SEASHELLS;9996.0;11
-1;3000;Paris;Charlie;BANANAS;SEASHELLS;4953.0;1
-1;3000;Paris;Charlie;PEARLS;SEASHELLS;10005.0;1
-1;3100;Caesar;Paris;PEARLS;SEASHELLS;9996.0;2
-1;3100;Charlie;Paris;BANANAS;SEASHELLS;4947.0;2
-1;3200;Caesar;Paris;PEARLS;SEASHELLS;9996.0;1
-1;3200;Charlie;Paris;BANANAS;SEASHELLS;4947.0;1
-1;3200;Caesar;Paris;BANANAS;SEASHELLS;4947.0;1
-1;3200;Charlie;Paris;PEARLS;SEASHELLS;9996.0;1
-1;3400;Caesar;Caesar;COCONUTS;SEASHELLS;7996.0;40
-1;3700;Paris;Charlie;PEARLS;SEASHELLS;10002.0;1
-1;3800;Gary;Charlie;BANANAS;SEASHELLS;4952.0;9
-1;3800;Gary;Paris;BANANAS;SEASHELLS;4952.0;1
-1;3800;Caesar;Paris;PEARLS;SEASHELLS;9996.0;1
-1;3800;Gary;Camilla;BANANAS;SEASHELLS;4952.0;10
-1;4200;Caesar;Penelope;PEARLS;SEASHELLS;9996.0;2
-1;4300;Paris;Paris;BANANAS;SEASHELLS;4951.0;1
-1;4300;Charlie;Paris;PEARLS;SEASHELLS;9995.0;2
-1;4500;Charlie;Paris;BANANAS;SEASHELLS;4946.0;1
-1;4800;Paris;Caesar;BANANAS;SEASHELLS;4952.0;2
-1;4800;Paris;Caesar;PEARLS;SEASHELLS;10004.0;2
-1;4900;Gary;Camilla;BANANAS;SEASHELLS;4950.0;7
-1;4900;Gary;Charlie;BANANAS;SEASHELLS;4950.0;9
-1;5100;Pablo;Caesar;BANANAS;SEASHELLS;4951.0;4
-1;5200;Charlie;Peter;COCONUTS;SEASHELLS;7997.0;9
-1;5300;Paris;Charlie;BANANAS;SEASHELLS;4952.0;1
-1;5700;Camilla;Paris;BANANAS;SEASHELLS;4948.0;1
-1;6100;Charlie;Paris;BANANAS;SEASHELLS;4948.0;1
-1;6500;Charlie;Paris;PEARLS;SEASHELLS;9998.0;1
-1;6600;Gary;Caesar;PEARLS;SEASHELLS;10004.0;2
-1;6700;Pablo;Camilla;PEARLS;SEASHELLS;10002.0;3
-1;6900;Paris;Camilla;BANANAS;SEASHELLS;4952.0;1
-1;6900;Paris;Camilla;PEARLS;SEASHELLS;10002.0;1
-1;7000;Paris;Charlie;BANANAS;SEASHELLS;4954.0;2
-1;7000;Paris;Charlie;PEARLS;SEASHELLS;10005.0;2
-1;7200;Peter;Charlie;PINA_COLADAS;SEASHELLS;15015.0;4
-1;7200;Camilla;Penelope;BANANAS;SEASHELLS;4948.0;5
-1;7300;Paris;Caesar;PEARLS;SEASHELLS;10004.0;2
-1;7300;Paris;Charlie;BANANAS;SEASHELLS;4954.0;2
-1;7400;Charlie;Paris;BANANAS;SEASHELLS;4947.0;1
-1;7700;Charlie;Paris;BANANAS;SEASHELLS;4946.0;1
-1;8100;Caesar;Gary;PEARLS;SEASHELLS;9996.0;1
-1;8100;Paris;Gary;PEARLS;SEASHELLS;9996.0;1
-1;8100;Caesar;Pablo;PINA_COLADAS;SEASHELLS;15011.0;6
-1;8100;Paris;Charlie;BANANAS;SEASHELLS;4952.0;1
-1;8600;Charlie;Paris;BANANAS;SEASHELLS;4944.0;1
-1;8800;Charlie;Caesar;BANANAS;SEASHELLS;4948.0;1
-1;8800;Charlie;Paris;PEARLS;SEASHELLS;9998.0;1
-1;9200;Paris;Charlie;BANANAS;SEASHELLS;4951.0;1
-1;10300;Camilla;Paris;PEARLS;SEASHELLS;9998.0;1
-1;10300;Paris;Caesar;BANANAS;SEASHELLS;4951.0;1
-1;10300;Charlie;Caesar;BANANAS;SEASHELLS;4948.0;1
-1;10300;Charlie;Peter;PINA_COLADAS;SEASHELLS;15027.0;4
-1;10400;Paris;Charlie;PEARLS;SEASHELLS;10002.0;1
-1;10800;Gary;Charlie;PEARLS;SEASHELLS;10004.0;10
-1;10800;Gary;Caesar;PEARLS;SEASHELLS;10004.0;2
-1;11100;Charlie;Penelope;PEARLS;SEASHELLS;9998.0;4
-1;11100;Camilla;Penelope;PEARLS;SEASHELLS;9998.0;3
-1;11400;Caesar;Paris;PEARLS;SEASHELLS;9996.0;1
-1;11400;Charlie;Paris;BANANAS;SEASHELLS;4945.0;2
-1;11400;Caesar;Peter;COCONUTS;SEASHELLS;8004.0;10
-1;11500;Pablo;Camilla;PEARLS;SEASHELLS;10002.0;2
-1;11800;Paris;Charlie;BANANAS;SEASHELLS;4950.0;1
-1;12000;Paris;Charlie;PEARLS;SEASHELLS;10002.0;1
-1;12500;Charlie;Paris;BANANAS;SEASHELLS;4943.0;1
-1;12900;Caesar;Peter;COCONUTS;SEASHELLS;8003.0;6
-1;13000;Paris;Charlie;PEARLS;SEASHELLS;10002.0;1
-1;13000;Paris;Charlie;BANANAS;SEASHELLS;4949.0;1
-1;13200;Camilla;Pablo;PEARLS;SEASHELLS;9998.0;2
-1;13300;Paris;Charlie;BANANAS;SEASHELLS;4951.0;2
-1;13300;Paris;Charlie;PEARLS;SEASHELLS;10005.0;2
-1;13600;Charlie;Paris;BANANAS;SEASHELLS;4944.0;1
-1;14200;Charlie;Paris;BANANAS;SEASHELLS;4942.0;1
-1;14300;Gary;Caesar;BANANAS;SEASHELLS;4949.0;2
-1;14700;Caesar;Pablo;PINA_COLADAS;SEASHELLS;15025.0;8
-1;15200;Camilla;Paris;BANANAS;SEASHELLS;4943.0;1
-1;15300;Penelope;Camilla;PEARLS;SEASHELLS;10002.0;1
-1;15400;Charlie;Paris;PEARLS;SEASHELLS;9998.0;1
-1;15600;Paris;Caesar;PEARLS;SEASHELLS;10004.0;2
-1;15600;Paris;Charlie;BANANAS;SEASHELLS;4950.0;2
-1;15600;Charlie;Pablo;COCONUTS;SEASHELLS;8002.0;13
-1;15700;Gina;Camilla;PEARLS;SEASHELLS;10002.0;1
-1;15800;Paris;Charlie;BANANAS;SEASHELLS;4949.0;1
-1;16200;Paris;Charlie;BANANAS;SEASHELLS;4950.0;1
-1;16200;Charlie;Paris;PEARLS;SEASHELLS;9998.0;1
-1;16300;Gary;Caesar;PEARLS;SEASHELLS;10004.0;1
-1;16400;Pablo;Camilla;PEARLS;SEASHELLS;10002.0;1
-1;16600;Camilla;Pablo;BANANAS;SEASHELLS;4946.0;3
-1;16600;Charlie;Pablo;BANANAS;SEASHELLS;4946.0;1
-1;16600;Camilla;Paris;BANANAS;SEASHELLS;4945.0;1
-1;16700;Paris;Charlie;PEARLS;SEASHELLS;10002.0;1
-1;16700;Caesar;Caesar;PINA_COLADAS;SEASHELLS;15036.0;30
-1;16700;Paris;Pablo;BANANAS;SEASHELLS;4946.0;1
-1;16700;Charlie;Pablo;BANANAS;SEASHELLS;4946.0;4
-1;16800;Charlie;Penelope;PEARLS;SEASHELLS;9995.0;5
-1;17200;Pablo;Caesar;PINA_COLADAS;SEASHELLS;15036.0;11
-1;17300;Pablo;Camilla;BANANAS;SEASHELLS;4950.0;2
-1;17300;Pablo;Caesar;BANANAS;SEASHELLS;4950.0;1
-1;17300;Caesar;Caesar;COCONUTS;SEASHELLS;7999.0;52
-1;18100;Charlie;Pablo;COCONUTS;SEASHELLS;7996.0;22
-1;18200;Charlie;Paris;BANANAS;SEASHELLS;4945.0;1
-1;19300;Caesar;Paris;PEARLS;SEASHELLS;9996.0;1
-1;19300;Charlie;Paris;BANANAS;SEASHELLS;4945.0;1
-1;19700;Paris;Charlie;PEARLS;SEASHELLS;10002.0;1
-1;19700;Charlie;Paris;BANANAS;SEASHELLS;4946.0;1
-1;19900;Pablo;Charlie;BANANAS;SEASHELLS;4950.0;5
-1;20100;Pablo;Charlie;PEARLS;SEASHELLS;10002.0;1
-1;20100;Pablo;Camilla;PEARLS;SEASHELLS;10002.0;4
-1;20200;Charlie;Paris;PEARLS;SEASHELLS;9998.0;1
-1;20300;Charlie;Paris;BANANAS;SEASHELLS;4946.0;1
-1;20500;Caesar;Paris;PEARLS;SEASHELLS;9998.0;1
-1;20700;Paris;Gary;PEARLS;SEASHELLS;10002.0;1
-1;20800;Charlie;Pablo;PINA_COLADAS;SEASHELLS;15027.0;6
-1;21200;Charlie;Paris;PEARLS;SEASHELLS;9998.0;1
-1;21300;Caesar;Penelope;PEARLS;SEASHELLS;9996.0;1
-1;21300;Pablo;Caesar;PINA_COLADAS;SEASHELLS;15024.0;14
-1;21300;Charlie;Penelope;PEARLS;SEASHELLS;9996.0;7
-1;22100;Caesar;Paris;BANANAS;SEASHELLS;4948.0;1
-1;22200;Camilla;Gary;PEARLS;SEASHELLS;9998.0;6
-1;22300;Charlie;Gary;BANANAS;SEASHELLS;4948.0;19
-1;22400;Gary;Charlie;BANANAS;SEASHELLS;4955.0;12
-1;22400;Gary;Paris;PEARLS;SEASHELLS;9998.0;1
-1;22700;Caesar;Paris;BANANAS;SEASHELLS;4949.0;1
-1;22800;Charlie;Pablo;PEARLS;SEASHELLS;9998.0;2
-1;22800;Charlie;Paris;BANANAS;SEASHELLS;4948.0;1
-1;23200;Camilla;Paris;PEARLS;SEASHELLS;9998.0;2
-1;23200;Gina;Paris;BANANAS;SEASHELLS;4953.0;2
-1;23300;Paris;Pablo;PEARLS;SEASHELLS;9998.0;1
-1;23500;Camilla;Paris;BANANAS;SEASHELLS;4948.0;1
-1;23700;Paris;Penelope;PEARLS;SEASHELLS;10002.0;1
-1;23800;Paris;Gary;BANANAS;SEASHELLS;4953.0;1
-1;23900;Paris;Charlie;BANANAS;SEASHELLS;4953.0;1
-1;24100;Caesar;Penelope;PEARLS;SEASHELLS;9996.0;1
-1;24100;Charlie;Penelope;PEARLS;SEASHELLS;9996.0;7
-1;24100;Paris;Charlie;BANANAS;SEASHELLS;4952.0;1
-1;24300;Pablo;Charlie;BANANAS;SEASHELLS;4949.0;2
-1;24300;Pablo;Camilla;BANANAS;SEASHELLS;4949.0;1
-1;24500;Paris;Paris;PEARLS;SEASHELLS;10002.0;1
-1;24500;Caesar;Paris;BANANAS;SEASHELLS;4948.0;1
-1;24600;Charlie;Pablo;PEARLS;SEASHELLS;9998.0;2
-1;25100;Paris;Charlie;PEARLS;SEASHELLS;10002.0;1
-1;25200;Paris;Gina;PEARLS;SEASHELLS;10002.0;1
-1;25200;Camilla;Gina;PEARLS;SEASHELLS;9998.0;3
-1;25200;Charlie;Gina;PEARLS;SEASHELLS;9998.0;5
-1;25200;Paris;Charlie;BANANAS;SEASHELLS;4949.0;1
-1;25300;Charlie;Paris;BANANAS;SEASHELLS;4944.0;1
-1;25700;Penelope;Caesar;PEARLS;SEASHELLS;10004.0;2
-1;26300;Charlie;Paris;PEARLS;SEASHELLS;9998.0;1
-1;26400;Charlie;Paris;BANANAS;SEASHELLS;4945.0;1
-1;26600;Charlie;Paris;PEARLS;SEASHELLS;9998.0;1
-1;26900;Charlie;Paris;BANANAS;SEASHELLS;4945.0;1
-1;27300;Paris;Charlie;BANANAS;SEASHELLS;4951.0;1
-1;27500;Charlie;Peter;PINA_COLADAS;SEASHELLS;15023.0;2
-1;27600;Camilla;Paris;BANANAS;SEASHELLS;4946.0;1
-1;27600;Camilla;Pablo;PEARLS;SEASHELLS;9998.0;4
-1;27800;Caesar;Caesar;COCONUTS;SEASHELLS;7991.0;58
-1;27900;Paris;Camilla;BANANAS;SEASHELLS;4952.0;1
-1;28000;Camilla;Penelope;BANANAS;SEASHELLS;4947.0;2
-1;28200;Charlie;Pablo;PEARLS;SEASHELLS;9998.0;2
-1;28400;Charlie;Paris;BANANAS;SEASHELLS;4947.0;1
-1;29000;Gary;Paris;BANANAS;SEASHELLS;4950.0;1
-1;29000;Penelope;Charlie;PEARLS;SEASHELLS;10005.0;8
-1;29400;Pablo;Paris;PEARLS;SEASHELLS;10002.0;1
-1;29400;Caesar;Paris;BANANAS;SEASHELLS;4950.0;1
-1;29700;Caesar;Paris;BANANAS;SEASHELLS;4950.0;1
-1;30000;Camilla;Paris;PEARLS;SEASHELLS;9998.0;1
-1;30000;Camilla;Penelope;PEARLS;SEASHELLS;9998.0;3
-1;30000;Charlie;Pablo;COCONUTS;SEASHELLS;7995.0;26
-1;30300;Paris;Camilla;BANANAS;SEASHELLS;4954.0;1
-1;30600;Paris;Camilla;PEARLS;SEASHELLS;10002.0;1
-1;30600;Caesar;Paris;BANANAS;SEASHELLS;4949.0;1
-1;30600;Penelope;Camilla;BANANAS;SEASHELLS;4953.0;3
-1;30600;Paris;Camilla;BANANAS;SEASHELLS;4953.0;1
-1;30700;Caesar;Gina;BANANAS;SEASHELLS;4949.0;1
-1;31600;Paris;Charlie;BANANAS;SEASHELLS;4956.0;1
-1;31700;Caesar;Caesar;PINA_COLADAS;SEASHELLS;15004.0;34
-1;31900;Penelope;Charlie;PEARLS;SEASHELLS;10005.0;2
-1;32000;Peter;Charlie;COCONUTS;SEASHELLS;7999.0;8
-1;32400;Charlie;Paris;BANANAS;SEASHELLS;4951.0;1
-1;32500;Camilla;Paris;BANANAS;SEASHELLS;4950.0;1
-1;32600;Paris;Charlie;BANANAS;SEASHELLS;4957.0;2
-1;32600;Paris;Charlie;PEARLS;SEASHELLS;10005.0;2
-1;32600;Paris;Charlie;PEARLS;SEASHELLS;10002.0;1
-1;32800;Penelope;Charlie;BANANAS;SEASHELLS;4956.0;7
-1;32800;Caesar;Gary;PEARLS;SEASHELLS;9996.0;2
-1;32800;Caesar;Caesar;COCONUTS;SEASHELLS;7996.0;43
-1;33000;Paris;Camilla;BANANAS;SEASHELLS;4955.0;1
-1;33000;Gina;Camilla;PEARLS;SEASHELLS;10002.0;6
-1;33200;Charlie;Paris;BANANAS;SEASHELLS;4949.0;1
-1;33400;Pablo;Camilla;BANANAS;SEASHELLS;4954.0;1
-1;33500;Paris;Caesar;PEARLS;SEASHELLS;10004.0;1
-1;33500;Paris;Charlie;BANANAS;SEASHELLS;4956.0;1
-1;33600;Gina;Charlie;PEARLS;SEASHELLS;10002.0;6
-1;33800;Charlie;Gina;BANANAS;SEASHELLS;4949.0;7
-1;34000;Caesar;Paris;BANANAS;SEASHELLS;4949.0;1
-1;34100;Caesar;Penelope;PEARLS;SEASHELLS;9996.0;1
-1;34100;Charlie;Penelope;PEARLS;SEASHELLS;9996.0;2
-1;34300;Paris;Charlie;PEARLS;SEASHELLS;10002.0;1
-1;34600;Pablo;Charlie;BANANAS;SEASHELLS;4953.0;1
-1;34600;Pablo;Paris;BANANAS;SEASHELLS;4953.0;1
-1;35000;Paris;Charlie;BANANAS;SEASHELLS;4954.0;1
-1;35000;Paris;Charlie;PEARLS;SEASHELLS;10002.0;1
-1;35100;Pablo;Charlie;PEARLS;SEASHELLS;10002.0;3
-1;35400;Paris;Charlie;BANANAS;SEASHELLS;4956.0;1
-1;35400;Pablo;Charlie;PEARLS;SEASHELLS;10002.0;3
-1;36000;Pablo;Camilla;BANANAS;SEASHELLS;4955.0;3
-1;36100;Gina;Camilla;PEARLS;SEASHELLS;10002.0;1
-1;36200;Charlie;Paris;PEARLS;SEASHELLS;9998.0;1
-1;36200;Penelope;Charlie;BANANAS;SEASHELLS;4957.0;11
-1;36400;Paris;Charlie;BANANAS;SEASHELLS;4955.0;1
-1;36700;Caesar;Caesar;COCONUTS;SEASHELLS;7989.0;54
-1;36800;Caesar;Pablo;PINA_COLADAS;SEASHELLS;14973.0;12
-1;37300;Charlie;Paris;BANANAS;SEASHELLS;4950.0;1
-1;37500;Caesar;Paris;PEARLS;SEASHELLS;9996.0;1
-1;37500;Charlie;Paris;BANANAS;SEASHELLS;4950.0;1
-1;37800;Charlie;Paris;BANANAS;SEASHELLS;4950.0;1
-1;37900;Charlie;Pablo;BANANAS;SEASHELLS;4952.0;2
-1;38000;Charlie;Peter;PINA_COLADAS;SEASHELLS;14976.0;2
-1;38300;Charlie;Peter;PINA_COLADAS;SEASHELLS;14976.0;2
-1;38500;Paris;Charlie;PEARLS;SEASHELLS;10002.0;1
-1;38600;Caesar;Paris;BANANAS;SEASHELLS;4949.0;1
-1;38600;Caesar;Paris;PEARLS;SEASHELLS;9996.0;1
-1;38800;Caesar;Gary;PEARLS;SEASHELLS;9996.0;1
-1;39200;Peter;Caesar;COCONUTS;SEASHELLS;7991.0;5
-1;39200;Paris;Charlie;BANANAS;SEASHELLS;4955.0;1
-1;39200;Camilla;Paris;PEARLS;SEASHELLS;9998.0;1
-1;39400;Paris;Caesar;PEARLS;SEASHELLS;10004.0;1
-1;39400;Paris;Charlie;BANANAS;SEASHELLS;4956.0;1
-1;39500;Charlie;Paris;PEARLS;SEASHELLS;9998.0;1
-1;40500;Charlie;Paris;BANANAS;SEASHELLS;4948.0;1
-1;40600;Gary;Charlie;BANANAS;SEASHELLS;4954.0;13
-1;40900;Penelope;Charlie;BANANAS;SEASHELLS;4955.0;5
-1;40900;Gary;Caesar;PEARLS;SEASHELLS;10004.0;2
-1;40900;Gary;Paris;PEARLS;SEASHELLS;10004.0;1
-1;40900;Gary;Charlie;PEARLS;SEASHELLS;10004.0;8
-1;40900;Camilla;Paris;BANANAS;SEASHELLS;4949.0;1
-1;41000;Charlie;Paris;BANANAS;SEASHELLS;4948.0;1
-1;41100;Charlie;Paris;BANANAS;SEASHELLS;4947.0;1
-1;41700;Charlie;Paris;BANANAS;SEASHELLS;4948.0;1
-1;42400;Charlie;Paris;BANANAS;SEASHELLS;4948.0;1
-1;42500;Gary;Camilla;PEARLS;SEASHELLS;10002.0;3
-1;42500;Gary;Paris;PEARLS;SEASHELLS;10002.0;1
-1;42500;Charlie;Paris;BANANAS;SEASHELLS;4948.0;1
-1;42600;Charlie;Paris;BANANAS;SEASHELLS;4947.0;2
-1;42600;Charlie;Paris;PEARLS;SEASHELLS;9995.0;2
-1;42900;Paris;Charlie;PEARLS;SEASHELLS;10005.0;2
-1;42900;Paris;Charlie;BANANAS;SEASHELLS;4953.0;2
-1;43500;Camilla;Paris;BANANAS;SEASHELLS;4946.0;1
-1;43900;Pablo;Charlie;PEARLS;SEASHELLS;10002.0;4
-1;44400;Charlie;Pablo;COCONUTS;SEASHELLS;7984.0;19
-1;44500;Paris;Charlie;BANANAS;SEASHELLS;4951.0;1
-1;44800;Charlie;Paris;PEARLS;SEASHELLS;9998.0;1
-1;45000;Paris;Charlie;PEARLS;SEASHELLS;10002.0;1
-1;45400;Charlie;Paris;BANANAS;SEASHELLS;4946.0;1
-1;45500;Caesar;Penelope;BANANAS;SEASHELLS;4946.0;1
-1;45500;Charlie;Penelope;BANANAS;SEASHELLS;4946.0;3
-1;45600;Charlie;Peter;COCONUTS;SEASHELLS;7977.0;7
-1;45700;Penelope;Charlie;BANANAS;SEASHELLS;4952.0;8
-1;45800;Caesar;Paris;BANANAS;SEASHELLS;4946.0;1
-1;45900;Paris;Charlie;BANANAS;SEASHELLS;4952.0;2
-1;45900;Paris;Charlie;PEARLS;SEASHELLS;10004.0;1
-1;45900;Paris;Caesar;PEARLS;SEASHELLS;10004.0;1
-1;46600;Camilla;Paris;BANANAS;SEASHELLS;4945.0;2
-1;46600;Camilla;Paris;PEARLS;SEASHELLS;9998.0;2
-1;46900;Paris;Charlie;BANANAS;SEASHELLS;4950.0;1
-1;47100;Charlie;Paris;PEARLS;SEASHELLS;9998.0;1
-1;47100;Penelope;Charlie;BANANAS;SEASHELLS;4951.0;5
-1;47500;Pablo;Camilla;PEARLS;SEASHELLS;10002.0;4
-1;48100;Charlie;Paris;PEARLS;SEASHELLS;9995.0;2
-1;48100;Charlie;Paris;BANANAS;SEASHELLS;4942.0;2
-1;48600;Charlie;Pablo;BANANAS;SEASHELLS;4943.0;4
-1;48600;Caesar;Paris;PEARLS;SEASHELLS;9996.0;1
-1;48600;Charlie;Paris;BANANAS;SEASHELLS;4942.0;1
-1;48700;Gary;Charlie;BANANAS;SEASHELLS;4948.0;20
-1;49000;Charlie;Paris;BANANAS;SEASHELLS;4942.0;1
-1;49300;Camilla;Paris;BANANAS;SEASHELLS;4940.0;1
-1;49600;Paris;Charlie;BANANAS;SEASHELLS;4946.0;1
-1;49700;Penelope;Charlie;BANANAS;SEASHELLS;4947.0;4
-1;49700;Penelope;Caesar;BANANAS;SEASHELLS;4947.0;2
-1;49900;Paris;Charlie;PEARLS;SEASHELLS;10005.0;2
-1;49900;Camilla;Gina;PEARLS;SEASHELLS;9998.0;6
-1;49900;Paris;Charlie;BANANAS;SEASHELLS;4948.0;2
-1;50400;Camilla;Paris;PEARLS;SEASHELLS;9998.0;1
-1;50600;Charlie;Paris;BANANAS;SEASHELLS;4942.0;1
-1;50600;Paris;Paris;PEARLS;SEASHELLS;10002.0;1
-1;50800;Peter;Charlie;COCONUTS;SEASHELLS;7979.0;7
-1;50900;Caesar;Caesar;PINA_COLADAS;SEASHELLS;14960.0;28
-1;51100;Camilla;Gary;BANANAS;SEASHELLS;4942.0;6
-1;51300;Charlie;Gina;BANANAS;SEASHELLS;4942.0;12
-1;51600;Paris;Camilla;PEARLS;SEASHELLS;10002.0;1
-1;51600;Pablo;Charlie;BANANAS;SEASHELLS;4945.0;5
-1;51600;Paris;Charlie;BANANAS;SEASHELLS;4946.0;1
-1;51600;Paris;Camilla;BANANAS;SEASHELLS;4946.0;1
-1;51600;Paris;Charlie;PEARLS;SEASHELLS;10002.0;1
-1;51700;Charlie;Gary;PEARLS;SEASHELLS;9995.0;11
-1;51900;Caesar;Penelope;PEARLS;SEASHELLS;9996.0;1
-1;52100;Charlie;Penelope;PEARLS;SEASHELLS;9995.0;8
-1;52300;Paris;Charlie;BANANAS;SEASHELLS;4946.0;1
-1;52300;Paris;Charlie;PEARLS;SEASHELLS;10002.0;1
-1;52600;Camilla;Gary;BANANAS;SEASHELLS;4942.0;1
-1;52600;Charlie;Gary;BANANAS;SEASHELLS;4942.0;19
-1;52700;Charlie;Paris;BANANAS;SEASHELLS;4941.0;1
-1;52900;Penelope;Charlie;PEARLS;SEASHELLS;10005.0;6
-1;53900;Paris;Caesar;BANANAS;SEASHELLS;4950.0;2
-1;53900;Paris;Caesar;PEARLS;SEASHELLS;10004.0;2
-1;54100;Camilla;Paris;BANANAS;SEASHELLS;4945.0;1
-1;54100;Camilla;Paris;PEARLS;SEASHELLS;9998.0;1
-1;54200;Charlie;Gina;BANANAS;SEASHELLS;4944.0;8
-1;54300;Penelope;Paris;PEARLS;SEASHELLS;10004.0;1
-1;54300;Penelope;Caesar;PEARLS;SEASHELLS;10004.0;2
-1;54300;Paris;Paris;BANANAS;SEASHELLS;4949.0;1
-1;54600;Pablo;Charlie;PEARLS;SEASHELLS;10002.0;3
-1;55000;Charlie;Paris;BANANAS;SEASHELLS;4943.0;1
-1;55100;Gary;Charlie;BANANAS;SEASHELLS;4950.0;12
-1;55100;Paris;Charlie;BANANAS;SEASHELLS;4950.0;2
-1;55100;Paris;Charlie;PEARLS;SEASHELLS;10005.0;2
-1;55500;Paris;Camilla;BANANAS;SEASHELLS;4948.0;1
-1;55700;Charlie;Paris;BANANAS;SEASHELLS;4943.0;1
-1;55700;Caesar;Paris;PEARLS;SEASHELLS;9996.0;1
-1;55900;Caesar;Pablo;COCONUTS;SEASHELLS;7977.0;29
-1;57200;Pablo;Charlie;PEARLS;SEASHELLS;10002.0;2
-1;57200;Paris;Charlie;BANANAS;SEASHELLS;4948.0;1
-1;57500;Peter;Charlie;COCONUTS;SEASHELLS;7976.0;9
-1;57500;Charlie;Pablo;PINA_COLADAS;SEASHELLS;14923.0;12
-1;57700;Charlie;Pablo;COCONUTS;SEASHELLS;7972.0;27
-1;57800;Camilla;Paris;PEARLS;SEASHELLS;9998.0;1
-1;57900;Paris;Caesar;BANANAS;SEASHELLS;4950.0;2
-1;57900;Paris;Paris;PEARLS;SEASHELLS;9998.0;1
-1;58000;Charlie;Pablo;PEARLS;SEASHELLS;9998.0;4
-1;58100;Penelope;Charlie;PEARLS;SEASHELLS;10005.0;3
-1;58600;Paris;Charlie;PEARLS;SEASHELLS;10002.0;1
-1;58800;Charlie;Gary;PEARLS;SEASHELLS;9995.0;12
-1;59100;Paris;Charlie;PEARLS;SEASHELLS;10005.0;1
-1;59100;Paris;Charlie;BANANAS;SEASHELLS;4951.0;1
-1;59300;Charlie;Paris;BANANAS;SEASHELLS;4944.0;1
-1;59900;Charlie;Gary;BANANAS;SEASHELLS;4945.0;19
-1;60000;Camilla;Penelope;PEARLS;SEASHELLS;9998.0;2
-1;60000;Paris;Charlie;PEARLS;SEASHELLS;10005.0;1
-1;60000;Paris;Charlie;BANANAS;SEASHELLS;4952.0;1
-1;60200;Pablo;Paris;BANANAS;SEASHELLS;4950.0;1
-1;60200;Charlie;Gary;PEARLS;SEASHELLS;9995.0;8
-1;60200;Pablo;Charlie;BANANAS;SEASHELLS;4950.0;3
-1;60500;Caesar;Caesar;COCONUTS;SEASHELLS;7964.0;70
-1;60700;Paris;Charlie;BANANAS;SEASHELLS;4951.0;1
-1;60700;Pablo;Charlie;BANANAS;SEASHELLS;4950.0;2
-1;60800;Charlie;Paris;BANANAS;SEASHELLS;4945.0;1
-1;60900;Penelope;Charlie;BANANAS;SEASHELLS;4951.0;4
-1;61400;Charlie;Gina;BANANAS;SEASHELLS;4945.0;11
-1;61700;Charlie;Paris;BANANAS;SEASHELLS;4945.0;1
-1;61900;Paris;Charlie;BANANAS;SEASHELLS;4951.0;2
-1;61900;Paris;Paris;PEARLS;SEASHELLS;9998.0;1
-1;62000;Paris;Charlie;BANANAS;SEASHELLS;4949.0;1
-1;62100;Charlie;Penelope;BANANAS;SEASHELLS;4944.0;2
-1;62200;Pablo;Camilla;PEARLS;SEASHELLS;10002.0;4
-1;62300;Penelope;Charlie;PEARLS;SEASHELLS;10005.0;2
-1;62900;Charlie;Pablo;PEARLS;SEASHELLS;9998.0;4
-1;63000;Paris;Charlie;BANANAS;SEASHELLS;4948.0;1
-1;63100;Charlie;Paris;BANANAS;SEASHELLS;4943.0;1
-1;63500;Penelope;Charlie;BANANAS;SEASHELLS;4950.0;8
-1;63600;Paris;Charlie;BANANAS;SEASHELLS;4948.0;1
-1;63800;Gary;Charlie;BANANAS;SEASHELLS;4949.0;16
-1;63800;Caesar;Paris;BANANAS;SEASHELLS;4943.0;1
-1;63900;Charlie;Gary;PEARLS;SEASHELLS;9995.0;12
-1;64000;Camilla;Paris;PEARLS;SEASHELLS;9998.0;1
-1;64000;Camilla;Paris;BANANAS;SEASHELLS;4943.0;1
-1;64200;Charlie;Penelope;PEARLS;SEASHELLS;9996.0;2
-1;64200;Caesar;Penelope;PEARLS;SEASHELLS;9996.0;1
-1;64400;Camilla;Penelope;PEARLS;SEASHELLS;9998.0;4
-1;64500;Camilla;Paris;PEARLS;SEASHELLS;9998.0;1
-1;65000;Charlie;Paris;PEARLS;SEASHELLS;9998.0;1
-1;65100;Caesar;Penelope;PEARLS;SEASHELLS;9996.0;2
-1;65100;Charlie;Penelope;PEARLS;SEASHELLS;9996.0;1
-1;65300;Penelope;Camilla;PEARLS;SEASHELLS;10002.0;2
-1;65400;Pablo;Charlie;BANANAS;SEASHELLS;4945.0;2
-1;65900;Penelope;Caesar;BANANAS;SEASHELLS;4946.0;1
-1;66000;Camilla;Paris;PEARLS;SEASHELLS;9998.0;1
-1;66300;Paris;Charlie;BANANAS;SEASHELLS;4946.0;1
-1;66900;Paris;Charlie;BANANAS;SEASHELLS;4944.0;1
-1;66900;Gina;Charlie;BANANAS;SEASHELLS;4943.0;11
-1;67200;Charlie;Paris;BANANAS;SEASHELLS;4937.0;1
-1;67300;Camilla;Gina;PEARLS;SEASHELLS;9998.0;5
-1;67500;Caesar;Caesar;COCONUTS;SEASHELLS;7957.0;56
-1;67500;Charlie;Paris;BANANAS;SEASHELLS;4938.0;1
-1;67500;Caesar;Caesar;COCONUTS;SEASHELLS;7957.0;21
-1;67900;Charlie;Pablo;BANANAS;SEASHELLS;4939.0;5
-1;68100;Camilla;Pablo;PEARLS;SEASHELLS;9998.0;2
-1;68200;Paris;Charlie;BANANAS;SEASHELLS;4943.0;1
-1;68300;Paris;Charlie;BANANAS;SEASHELLS;4943.0;1
-1;68600;Charlie;Paris;BANANAS;SEASHELLS;4938.0;1
-1;68900;Paris;Charlie;BANANAS;SEASHELLS;4943.0;1
-1;69100;Camilla;Pablo;BANANAS;SEASHELLS;4939.0;1
-1;69100;Paris;Pablo;BANANAS;SEASHELLS;4939.0;1
-1;69200;Paris;Charlie;BANANAS;SEASHELLS;4943.0;1
-1;69300;Paris;Charlie;BANANAS;SEASHELLS;4944.0;1
-1;69300;Charlie;Paris;PEARLS;SEASHELLS;9998.0;1
-1;69600;Charlie;Paris;BANANAS;SEASHELLS;4938.0;1
-1;69700;Paris;Paris;PEARLS;SEASHELLS;10002.0;1
-1;69700;Charlie;Paris;BANANAS;SEASHELLS;4938.0;1
-1;69700;Caesar;Paris;BANANAS;SEASHELLS;4938.0;1
-1;69700;Charlie;Peter;COCONUTS;SEASHELLS;7963.0;8
-1;70100;Charlie;Paris;BANANAS;SEASHELLS;4937.0;1
-1;70300;Camilla;Pablo;PEARLS;SEASHELLS;9998.0;2
-1;70600;Caesar;Paris;BANANAS;SEASHELLS;4936.0;1
-1;70600;Caesar;Paris;PEARLS;SEASHELLS;9996.0;1
-1;70800;Charlie;Paris;BANANAS;SEASHELLS;4935.0;1
-1;71200;Paris;Charlie;PEARLS;SEASHELLS;10002.0;1
-1;71200;Charlie;Pablo;COCONUTS;SEASHELLS;7963.0;13
-1;71200;Caesar;Paris;BANANAS;SEASHELLS;4935.0;1
-1;71500;Pablo;Camilla;PEARLS;SEASHELLS;10002.0;3
-1;71900;Paris;Charlie;PEARLS;SEASHELLS;10002.0;1
-1;72400;Paris;Charlie;PEARLS;SEASHELLS;10002.0;1
-1;72500;Paris;Charlie;BANANAS;SEASHELLS;4942.0;1
-1;72500;Paris;Caesar;PEARLS;SEASHELLS;10004.0;1
-1;72900;Paris;Charlie;BANANAS;SEASHELLS;4943.0;1
-1;72900;Paris;Caesar;PEARLS;SEASHELLS;10004.0;1
-1;73000;Charlie;Paris;BANANAS;SEASHELLS;4937.0;1
-1;73000;Paris;Camilla;PEARLS;SEASHELLS;10002.0;1
-1;73100;Paris;Camilla;PEARLS;SEASHELLS;10002.0;1
-1;73500;Caesar;Peter;COCONUTS;SEASHELLS;7965.0;9
-1;74000;Paris;Charlie;PEARLS;SEASHELLS;10002.0;1
-1;74300;Charlie;Penelope;BANANAS;SEASHELLS;4938.0;2
-1;74300;Charlie;Paris;BANANAS;SEASHELLS;4938.0;1
-1;74800;Peter;Charlie;PINA_COLADAS;SEASHELLS;14909.0;2
-1;74900;Charlie;Gina;BANANAS;SEASHELLS;4938.0;10
-1;74900;Paris;Charlie;PEARLS;SEASHELLS;10002.0;1
-1;75000;Charlie;Gary;PEARLS;SEASHELLS;9995.0;9
-1;75000;Charlie;Paris;PEARLS;SEASHELLS;9998.0;1
-1;75000;Paris;Charlie;BANANAS;SEASHELLS;4942.0;1
-1;75200;Peter;Charlie;COCONUTS;SEASHELLS;7972.0;9
-1;75500;Caesar;Paris;PEARLS;SEASHELLS;9996.0;2
-1;75500;Caesar;Paris;BANANAS;SEASHELLS;4937.0;2
-1;75600;Paris;Charlie;PEARLS;SEASHELLS;10002.0;1
-1;76100;Charlie;Paris;PEARLS;SEASHELLS;9998.0;1
-1;76400;Penelope;Charlie;BANANAS;SEASHELLS;4942.0;8
-1;77000;Paris;Camilla;PEARLS;SEASHELLS;10002.0;2
-1;77000;Paris;Camilla;BANANAS;SEASHELLS;4940.0;2
-1;77800;Caesar;Caesar;COCONUTS;SEASHELLS;7964.0;58
-1;77900;Pablo;Charlie;PEARLS;SEASHELLS;10002.0;3
-1;78000;Peter;Charlie;PINA_COLADAS;SEASHELLS;14901.0;3
-1;78100;Paris;Charlie;PEARLS;SEASHELLS;10002.0;1
-1;78100;Charlie;Paris;BANANAS;SEASHELLS;4936.0;1
-1;78300;Gina;Pablo;BANANAS;SEASHELLS;4936.0;3
-1;78500;Gary;Charlie;PEARLS;SEASHELLS;10004.0;10
-1;78500;Gary;Caesar;PEARLS;SEASHELLS;10004.0;1
-1;78800;Paris;Charlie;PEARLS;SEASHELLS;10002.0;1
-1;78900;Paris;Charlie;BANANAS;SEASHELLS;4940.0;1
-1;78900;Paris;Charlie;PEARLS;SEASHELLS;10002.0;1
-1;79200;Charlie;Pablo;PEARLS;SEASHELLS;9998.0;3
-1;79400;Camilla;Paris;BANANAS;SEASHELLS;4935.0;1
-1;79900;Charlie;Pablo;COCONUTS;SEASHELLS;7961.0;19
-1;79900;Camilla;Paris;BANANAS;SEASHELLS;4935.0;1
-1;79900;Camilla;Pablo;PEARLS;SEASHELLS;9998.0;3
-1;80400;Caesar;Gary;BANANAS;SEASHELLS;4934.0;1
-1;80800;Caesar;Penelope;BANANAS;SEASHELLS;4934.0;1
-1;80800;Paris;Camilla;BANANAS;SEASHELLS;4939.0;1
-1;80900;Pablo;Charlie;BANANAS;SEASHELLS;4938.0;1
-1;80900;Pablo;Paris;BANANAS;SEASHELLS;4938.0;1
-1;81100;Paris;Charlie;BANANAS;SEASHELLS;4940.0;1
-1;81400;Gary;Caesar;PEARLS;SEASHELLS;10004.0;1
-1;81800;Pablo;Charlie;PEARLS;SEASHELLS;10002.0;1
-1;81900;Charlie;Pablo;PEARLS;SEASHELLS;9998.0;1
-1;82300;Peter;Charlie;PINA_COLADAS;SEASHELLS;14908.0;5
-1;82500;Charlie;Penelope;BANANAS;SEASHELLS;4936.0;9
-1;82600;Paris;Camilla;BANANAS;SEASHELLS;4941.0;1
-1;82800;Paris;Camilla;BANANAS;SEASHELLS;4940.0;1
-1;82800;Paris;Camilla;PEARLS;SEASHELLS;10002.0;1
-1;83100;Paris;Charlie;BANANAS;SEASHELLS;4939.0;1
-1;83100;Charlie;Paris;PEARLS;SEASHELLS;9998.0;1
-1;83700;Charlie;Paris;BANANAS;SEASHELLS;4934.0;1
-1;84100;Caesar;Gary;PEARLS;SEASHELLS;9996.0;1
-1;84100;Charlie;Gary;PEARLS;SEASHELLS;9996.0;8
-1;84200;Caesar;Penelope;PEARLS;SEASHELLS;9996.0;2
-1;84200;Charlie;Penelope;PEARLS;SEASHELLS;9996.0;1
-1;84200;Charlie;Paris;BANANAS;SEASHELLS;4934.0;1
-1;84300;Penelope;Caesar;PEARLS;SEASHELLS;10004.0;2
-1;84500;Camilla;Paris;BANANAS;SEASHELLS;4935.0;1
-1;84900;Penelope;Charlie;BANANAS;SEASHELLS;4941.0;3
-1;85100;Charlie;Gary;BANANAS;SEASHELLS;4934.0;16
-1;85800;Charlie;Peter;PINA_COLADAS;SEASHELLS;14919.0;3
-1;85800;Camilla;Paris;BANANAS;SEASHELLS;4933.0;1
-1;85900;Charlie;Paris;PEARLS;SEASHELLS;9998.0;1
-1;86100;Paris;Charlie;PEARLS;SEASHELLS;10002.0;1
-1;86200;Caesar;Gina;BANANAS;SEASHELLS;4933.0;1
-1;86200;Charlie;Gina;BANANAS;SEASHELLS;4933.0;11
-1;86600;Charlie;Penelope;BANANAS;SEASHELLS;4932.0;7
-1;86700;Charlie;Paris;BANANAS;SEASHELLS;4932.0;1
-1;86700;Caesar;Paris;PEARLS;SEASHELLS;9998.0;1
-1;87200;Caesar;Gary;PEARLS;SEASHELLS;9996.0;1
-1;87400;Charlie;Paris;BANANAS;SEASHELLS;4933.0;1
-1;87700;Gina;Paris;BANANAS;SEASHELLS;4932.0;1
-1;87700;Gina;Charlie;BANANAS;SEASHELLS;4937.0;11
-1;87900;Paris;Charlie;PEARLS;SEASHELLS;10005.0;1
-1;87900;Paris;Charlie;BANANAS;SEASHELLS;4939.0;1
-1;88000;Caesar;Paris;PEARLS;SEASHELLS;9996.0;2
-1;88000;Caesar;Paris;BANANAS;SEASHELLS;4932.0;2
-1;88300;Camilla;Paris;BANANAS;SEASHELLS;4933.0;1
-1;88500;Paris;Gina;BANANAS;SEASHELLS;4938.0;1
-1;88500;Charlie;Gina;BANANAS;SEASHELLS;4933.0;12
-1;88900;Charlie;Paris;BANANAS;SEASHELLS;4933.0;1
-1;89100;Camilla;Paris;PEARLS;SEASHELLS;9998.0;1
-1;89100;Camilla;Paris;BANANAS;SEASHELLS;4934.0;1
-1;89200;Paris;Camilla;PEARLS;SEASHELLS;10002.0;1
-1;89300;Charlie;Peter;PINA_COLADAS;SEASHELLS;14898.0;3
-1;89300;Peter;Caesar;COCONUTS;SEASHELLS;7955.0;8
-1;89600;Caesar;Paris;BANANAS;SEASHELLS;4934.0;1
-1;89600;Caesar;Paris;PEARLS;SEASHELLS;9996.0;1
-1;89800;Camilla;Paris;BANANAS;SEASHELLS;4934.0;1
-1;89900;Charlie;Paris;PEARLS;SEASHELLS;9995.0;2
-1;89900;Charlie;Paris;BANANAS;SEASHELLS;4934.0;2
-1;90000;Camilla;Paris;PEARLS;SEASHELLS;9998.0;1
-1;90000;Camilla;Pablo;PEARLS;SEASHELLS;9998.0;1
-1;90100;Pablo;Camilla;PEARLS;SEASHELLS;10002.0;3
-1;90300;Camilla;Paris;PEARLS;SEASHELLS;9998.0;1
-1;90400;Gary;Caesar;BANANAS;SEASHELLS;4935.0;6
-1;90900;Paris;Charlie;BANANAS;SEASHELLS;4939.0;1
-1;91000;Paris;Charlie;BANANAS;SEASHELLS;4939.0;1
-1;91100;Pablo;Paris;BANANAS;SEASHELLS;4938.0;1
-1;91100;Caesar;Paris;PEARLS;SEASHELLS;9996.0;1
-1;91200;Charlie;Paris;PEARLS;SEASHELLS;9995.0;1
-1;91200;Charlie;Paris;BANANAS;SEASHELLS;4932.0;1
-1;91700;Paris;Charlie;BANANAS;SEASHELLS;4938.0;1
-1;91700;Penelope;Charlie;BANANAS;SEASHELLS;4939.0;12
-1;91700;Charlie;Pablo;PEARLS;SEASHELLS;9998.0;1
-1;91800;Paris;Caesar;BANANAS;SEASHELLS;4938.0;1
-1;92100;Charlie;Pablo;BANANAS;SEASHELLS;4934.0;2
-1;92100;Charlie;Paris;PEARLS;SEASHELLS;9998.0;1
-1;92200;Caesar;Paris;PEARLS;SEASHELLS;9996.0;1
-1;92200;Charlie;Paris;PEARLS;SEASHELLS;9996.0;1
-1;92200;Charlie;Paris;BANANAS;SEASHELLS;4933.0;2
-1;92300;Charlie;Pablo;COCONUTS;SEASHELLS;7955.0;18
-1;92700;Pablo;Camilla;PEARLS;SEASHELLS;10002.0;2
-1;92700;Pablo;Paris;PEARLS;SEASHELLS;10002.0;1
-1;92700;Caesar;Paris;BANANAS;SEASHELLS;4933.0;1
-1;92900;Camilla;Paris;PEARLS;SEASHELLS;9998.0;1
-1;92900;Camilla;Paris;BANANAS;SEASHELLS;4933.0;1
-1;93300;Paris;Camilla;BANANAS;SEASHELLS;4937.0;1
-1;93400;Penelope;Pablo;PEARLS;SEASHELLS;9998.0;3
-1;93600;Paris;Caesar;PEARLS;SEASHELLS;10004.0;1
-1;93600;Paris;Caesar;BANANAS;SEASHELLS;4939.0;1
-1;93800;Charlie;Pablo;PEARLS;SEASHELLS;9998.0;1
-1;93800;Gina;Charlie;BANANAS;SEASHELLS;4937.0;8
-1;93800;Gina;Camilla;BANANAS;SEASHELLS;4937.0;5
-1;94200;Paris;Camilla;PEARLS;SEASHELLS;10002.0;1
-1;94300;Paris;Charlie;PEARLS;SEASHELLS;10002.0;1
-1;94400;Paris;Charlie;PEARLS;SEASHELLS;10005.0;1
-1;94400;Paris;Charlie;BANANAS;SEASHELLS;4939.0;1
-1;94600;Camilla;Paris;PEARLS;SEASHELLS;9998.0;1
-1;95000;Penelope;Caesar;PEARLS;SEASHELLS;10004.0;1
-1;95000;Paris;Charlie;PEARLS;SEASHELLS;10005.0;1
-1;95000;Paris;Caesar;BANANAS;SEASHELLS;4937.0;1
-1;95100;Charlie;Caesar;BANANAS;SEASHELLS;4933.0;4
-1;95600;Charlie;Paris;BANANAS;SEASHELLS;4931.0;1
-1;95700;Pablo;Charlie;PEARLS;SEASHELLS;10002.0;1
-1;95800;Peter;Charlie;COCONUTS;SEASHELLS;7961.0;10
-1;95800;Penelope;Charlie;PEARLS;SEASHELLS;10005.0;7
-1;96000;Caesar;Paris;PEARLS;SEASHELLS;9996.0;1
-1;96000;Charlie;Paris;BANANAS;SEASHELLS;4930.0;2
-1;96200;Charlie;Pablo;PEARLS;SEASHELLS;9998.0;5
-1;96200;Charlie;Paris;BANANAS;SEASHELLS;4931.0;1
-1;96300;Charlie;Paris;BANANAS;SEASHELLS;4932.0;1
-1;96400;Penelope;Charlie;BANANAS;SEASHELLS;4938.0;6
-1;96800;Caesar;Caesar;COCONUTS;SEASHELLS;7961.0;13
-1;96800;Caesar;Caesar;COCONUTS;SEASHELLS;7961.0;40
-1;96800;Pablo;Charlie;PEARLS;SEASHELLS;10002.0;3
-1;97000;Penelope;Charlie;BANANAS;SEASHELLS;4938.0;3
-1;97100;Charlie;Paris;PEARLS;SEASHELLS;9995.0;1
-1;97100;Charlie;Paris;BANANAS;SEASHELLS;4932.0;1
-1;97300;Camilla;Paris;BANANAS;SEASHELLS;4932.0;1
-1;97600;Peter;Charlie;COCONUTS;SEASHELLS;7964.0;9
-1;97600;Gary;Camilla;PEARLS;SEASHELLS;10002.0;7
-1;97900;Charlie;Paris;BANANAS;SEASHELLS;4932.0;1
-1;98800;Paris;Charlie;PEARLS;SEASHELLS;10002.0;1
-1;98800;Paris;Charlie;BANANAS;SEASHELLS;4937.0;1
-1;99000;Charlie;Paris;BANANAS;SEASHELLS;4931.0;1
-1;99400;Paris;Charlie;BANANAS;SEASHELLS;4939.0;2
-1;99400;Paris;Charlie;PEARLS;SEASHELLS;10005.0;2
-1;100000;Paris;Caesar;PEARLS;SEASHELLS;10004.0;1
-1;100000;Paris;Charlie;BANANAS;SEASHELLS;4938.0;1
-1;100200;Camilla;Paris;PEARLS;SEASHELLS;9998.0;1
-1;100500;Charlie;Penelope;PEARLS;SEASHELLS;9995.0;8
-1;100600;Charlie;Pablo;COCONUTS;SEASHELLS;7968.0;22
-1;100600;Penelope;Caesar;BANANAS;SEASHELLS;4937.0;1
-1;100700;Pablo;Charlie;PEARLS;SEASHELLS;10002.0;1
-1;100800;Caesar;Caesar;PINA_COLADAS;SEASHELLS;14936.0;23
-1;100900;Charlie;Pablo;COCONUTS;SEASHELLS;7966.0;12
-1;101200;Paris;Paris;BANANAS;SEASHELLS;4931.0;1
-1;101200;Paris;Charlie;PEARLS;SEASHELLS;10005.0;2
-1;101500;Caesar;Pablo;PEARLS;SEASHELLS;9998.0;3
-1;101500;Paris;Charlie;BANANAS;SEASHELLS;4937.0;2
-1;101500;Caesar;Paris;BANANAS;SEASHELLS;4931.0;1
-1;101500;Paris;Caesar;PEARLS;SEASHELLS;10004.0;2
-1;101600;Charlie;Paris;BANANAS;SEASHELLS;4931.0;1
-1;102200;Paris;Charlie;PEARLS;SEASHELLS;10005.0;2
-1;102200;Paris;Charlie;BANANAS;SEASHELLS;4939.0;2
-1;102300;Caesar;Pablo;PEARLS;SEASHELLS;9998.0;4
-1;102600;Camilla;Pablo;PEARLS;SEASHELLS;9998.0;1
-1;102600;Caesar;Pablo;PEARLS;SEASHELLS;9998.0;2
-1;102700;Penelope;Charlie;PEARLS;SEASHELLS;10005.0;6
-1;103100;Paris;Charlie;BANANAS;SEASHELLS;4938.0;1
-1;103300;Pablo;Penelope;BANANAS;SEASHELLS;4936.0;1
-1;103400;Paris;Caesar;PEARLS;SEASHELLS;10002.0;1
-1;103400;Caesar;Caesar;COCONUTS;SEASHELLS;7965.0;66
-1;103400;Camilla;Paris;BANANAS;SEASHELLS;4932.0;1
-1;103700;Gina;Charlie;BANANAS;SEASHELLS;4936.0;10
-1;103900;Gina;Camilla;BANANAS;SEASHELLS;4936.0;7
-1;104000;Paris;Charlie;BANANAS;SEASHELLS;4936.0;1
-1;104200;Charlie;Paris;BANANAS;SEASHELLS;4930.0;1
-1;104300;Charlie;Paris;BANANAS;SEASHELLS;4930.0;1
-1;104500;Charlie;Caesar;BANANAS;SEASHELLS;4932.0;5
-1;104700;Paris;Charlie;PEARLS;SEASHELLS;10002.0;1
-1;104900;Paris;Charlie;BANANAS;SEASHELLS;4935.0;1
-1;104900;Paris;Caesar;PEARLS;SEASHELLS;10004.0;1
-1;105000;Charlie;Penelope;BANANAS;SEASHELLS;4928.0;8
-1;105200;Camilla;Paris;BANANAS;SEASHELLS;4928.0;1
-1;105300;Paris;Camilla;BANANAS;SEASHELLS;4934.0;1
-1;105400;Paris;Charlie;PEARLS;SEASHELLS;10002.0;1
-1;105700;Paris;Charlie;BANANAS;SEASHELLS;4934.0;1
-1;106100;Charlie;Penelope;PEARLS;SEASHELLS;9996.0;5
-1;106100;Caesar;Penelope;PEARLS;SEASHELLS;9996.0;2
-1;106300;Paris;Pablo;PEARLS;SEASHELLS;9998.0;1
-1;106300;Caesar;Paris;BANANAS;SEASHELLS;4929.0;1
-1;106500;Gary;Charlie;PEARLS;SEASHELLS;10005.0;10
-1;106600;Camilla;Pablo;PEARLS;SEASHELLS;9998.0;2
-1;107400;Charlie;Paris;BANANAS;SEASHELLS;4928.0;1
-1;107400;Charlie;Paris;PEARLS;SEASHELLS;9995.0;1
-1;107600;Paris;Charlie;BANANAS;SEASHELLS;4933.0;1
-1;108100;Charlie;Paris;PEARLS;SEASHELLS;9998.0;1
-1;108400;Paris;Camilla;BANANAS;SEASHELLS;4934.0;1
-1;108500;Charlie;Paris;BANANAS;SEASHELLS;4928.0;1
-1;108600;Charlie;Paris;PEARLS;SEASHELLS;9998.0;1
-1;108600;Charlie;Pablo;PEARLS;SEASHELLS;9998.0;3
-1;108800;Charlie;Pablo;BANANAS;SEASHELLS;4930.0;2
-1;109100;Pablo;Paris;BANANAS;SEASHELLS;4933.0;1
-1;109200;Caesar;Gary;BANANAS;SEASHELLS;4932.0;5
-1;109300;Charlie;Paris;BANANAS;SEASHELLS;4929.0;1
-1;109700;Charlie;Paris;BANANAS;SEASHELLS;4930.0;1
-1;110000;Caesar;Penelope;PEARLS;SEASHELLS;9996.0;1
-1;110400;Caesar;Pablo;PINA_COLADAS;SEASHELLS;14949.0;11
-1;110400;Gary;Charlie;PEARLS;SEASHELLS;10005.0;10
-1;110800;Charlie;Penelope;BANANAS;SEASHELLS;4929.0;4
-1;111000;Penelope;Pablo;PEARLS;SEASHELLS;9998.0;1
-1;111100;Charlie;Pablo;PEARLS;SEASHELLS;9998.0;4
-1;111100;Charlie;Caesar;BANANAS;SEASHELLS;4931.0;4
-1;111700;Caesar;Paris;BANANAS;SEASHELLS;4929.0;1
-1;112100;Charlie;Pablo;PEARLS;SEASHELLS;9998.0;5
-1;112200;Paris;Charlie;BANANAS;SEASHELLS;4935.0;1
-1;112500;Charlie;Caesar;BANANAS;SEASHELLS;4931.0;4
-1;113000;Gina;Camilla;PEARLS;SEASHELLS;10002.0;6
-1;113000;Caesar;Caesar;COCONUTS;SEASHELLS;7972.0;46
-1;113700;Charlie;Paris;BANANAS;SEASHELLS;4928.0;1
-1;113800;Paris;Paris;PEARLS;SEASHELLS;10002.0;1
-1;113800;Charlie;Paris;BANANAS;SEASHELLS;4928.0;2
-1;113900;Gina;Charlie;BANANAS;SEASHELLS;4932.0;12
-1;114100;Paris;Charlie;BANANAS;SEASHELLS;4932.0;1
-1;114400;Caesar;Caesar;COCONUTS;SEASHELLS;7966.0;53
-1;114400;Gary;Camilla;PEARLS;SEASHELLS;10002.0;2
-1;114700;Caesar;Pablo;BANANAS;SEASHELLS;4928.0;4
-1;115000;Caesar;Pablo;BANANAS;SEASHELLS;4926.0;2
-1;115100;Paris;Charlie;BANANAS;SEASHELLS;4930.0;1
-1;115300;Charlie;Paris;PEARLS;SEASHELLS;9998.0;1
-1;115400;Charlie;Pablo;BANANAS;SEASHELLS;4926.0;1
-1;115700;Paris;Charlie;BANANAS;SEASHELLS;4930.0;1
-1;116000;Charlie;Peter;PINA_COLADAS;SEASHELLS;14938.0;5
-1;116200;Charlie;Paris;BANANAS;SEASHELLS;4924.0;1
-1;116200;Charlie;Paris;PEARLS;SEASHELLS;9995.0;1
-1;116600;Charlie;Penelope;BANANAS;SEASHELLS;4925.0;9
-1;116700;Charlie;Peter;COCONUTS;SEASHELLS;7958.0;6
-1;116800;Pablo;Charlie;PEARLS;SEASHELLS;10002.0;3
-1;116900;Caesar;Gary;PEARLS;SEASHELLS;9996.0;1
-1;116900;Charlie;Gary;PEARLS;SEASHELLS;9996.0;7
-1;117000;Peter;Caesar;COCONUTS;SEASHELLS;7962.0;9
-1;117300;Pablo;Caesar;PINA_COLADAS;SEASHELLS;14928.0;6
-1;118100;Pablo;Camilla;PEARLS;SEASHELLS;10002.0;1
-1;118200;Charlie;Paris;BANANAS;SEASHELLS;4925.0;1
-1;118300;Charlie;Paris;BANANAS;SEASHELLS;4925.0;1
-1;118500;Charlie;Paris;BANANAS;SEASHELLS;4925.0;1
-1;119100;Charlie;Gary;BANANAS;SEASHELLS;4926.0;16
-1;119200;Camilla;Penelope;BANANAS;SEASHELLS;4927.0;2
-1;119200;Charlie;Penelope;BANANAS;SEASHELLS;4927.0;10
-1;119300;Gary;Paris;PEARLS;SEASHELLS;9998.0;1
-1;119600;Caesar;Paris;BANANAS;SEASHELLS;4926.0;1
-1;119800;Paris;Paris;BANANAS;SEASHELLS;4931.0;1
-1;119800;Caesar;Paris;PEARLS;SEASHELLS;10000.0;1
-1;119900;Caesar;Paris;BANANAS;SEASHELLS;4926.0;1
-1;120000;Paris;Charlie;PEARLS;SEASHELLS;10002.0;1
-1;120300;Caesar;Paris;BANANAS;SEASHELLS;4926.0;2
-1;120300;Caesar;Paris;PEARLS;SEASHELLS;9996.0;2
-1;120500;Paris;Camilla;PEARLS;SEASHELLS;10002.0;1
-1;120500;Paris;Camilla;BANANAS;SEASHELLS;4930.0;1
-1;120600;Camilla;Paris;BANANAS;SEASHELLS;4925.0;1
-1;120600;Caesar;Pablo;PINA_COLADAS;SEASHELLS;14917.0;7
-1;121100;Camilla;Paris;BANANAS;SEASHELLS;4926.0;1
-1;121500;Pablo;Paris;PEARLS;SEASHELLS;10002.0;1
-1;121500;Paris;Charlie;BANANAS;SEASHELLS;4931.0;1
-1;121800;Paris;Camilla;PEARLS;SEASHELLS;10002.0;1
-1;121900;Paris;Charlie;BANANAS;SEASHELLS;4931.0;1
-1;122100;Peter;Charlie;COCONUTS;SEASHELLS;7965.0;8
-1;122600;Paris;Charlie;BANANAS;SEASHELLS;4934.0;1
-1;122700;Peter;Charlie;PINA_COLADAS;SEASHELLS;14912.0;2
-1;122900;Paris;Charlie;BANANAS;SEASHELLS;4935.0;1
-1;123000;Camilla;Paris;PEARLS;SEASHELLS;9998.0;1
-1;123000;Camilla;Paris;BANANAS;SEASHELLS;4931.0;1
-1;123600;Gary;Caesar;BANANAS;SEASHELLS;4935.0;1
-1;123700;Gina;Charlie;PEARLS;SEASHELLS;10002.0;6
-1;123800;Charlie;Paris;PEARLS;SEASHELLS;9998.0;1
-1;123800;Paris;Camilla;BANANAS;SEASHELLS;4935.0;1
-1;124000;Paris;Charlie;PEARLS;SEASHELLS;10005.0;2
-1;124000;Paris;Charlie;BANANAS;SEASHELLS;4936.0;2
-1;125100;Caesar;Peter;COCONUTS;SEASHELLS;7966.0;10
-1;125200;Pablo;Charlie;PEARLS;SEASHELLS;10002.0;4
-1;125200;Caesar;Caesar;COCONUTS;SEASHELLS;7965.0;46
-1;125200;Caesar;Caesar;COCONUTS;SEASHELLS;7965.0;29
-1;125300;Charlie;Paris;BANANAS;SEASHELLS;4928.0;1
-1;125400;Paris;Pablo;PEARLS;SEASHELLS;9998.0;1
-1;125400;Caesar;Caesar;COCONUTS;SEASHELLS;7965.0;43
-1;125400;Camilla;Pablo;PEARLS;SEASHELLS;9998.0;1
-1;126200;Caesar;Caesar;PINA_COLADAS;SEASHELLS;14901.0;36
-1;126300;Charlie;Paris;PEARLS;SEASHELLS;9995.0;2
-1;126300;Charlie;Paris;BANANAS;SEASHELLS;4928.0;2
-1;126400;Pablo;Paris;BANANAS;SEASHELLS;4932.0;1
-1;126400;Charlie;Peter;COCONUTS;SEASHELLS;7963.0;6
-1;126400;Charlie;Paris;PEARLS;SEASHELLS;9995.0;2
-1;126400;Pablo;Paris;BANANAS;SEASHELLS;4932.0;2
-1;126700;Pablo;Charlie;PEARLS;SEASHELLS;10002.0;2
-1;127000;Charlie;Paris;PEARLS;SEASHELLS;9995.0;2
-1;127000;Charlie;Paris;BANANAS;SEASHELLS;4930.0;2
-1;127400;Paris;Charlie;BANANAS;SEASHELLS;4938.0;2
-1;127400;Paris;Charlie;PEARLS;SEASHELLS;10005.0;2
-1;127500;Caesar;Pablo;COCONUTS;SEASHELLS;7966.0;26
-1;127900;Gary;Charlie;PEARLS;SEASHELLS;10004.0;7
-1;127900;Caesar;Pablo;PINA_COLADAS;SEASHELLS;14893.0;14
-1;127900;Gary;Caesar;PEARLS;SEASHELLS;10004.0;2
-1;128200;Paris;Charlie;PEARLS;SEASHELLS;10002.0;1
-1;128400;Charlie;Paris;BANANAS;SEASHELLS;4929.0;1
-1;128400;Caesar;Paris;PEARLS;SEASHELLS;9996.0;1
-1;128700;Penelope;Charlie;PEARLS;SEASHELLS;10005.0;6
-1;128900;Pablo;Charlie;PEARLS;SEASHELLS;10002.0;2
-1;128900;Paris;Charlie;BANANAS;SEASHELLS;4936.0;1
-1;129600;Camilla;Paris;BANANAS;SEASHELLS;4932.0;1
-1;130300;Paris;Charlie;PEARLS;SEASHELLS;10002.0;1
-1;130500;Caesar;Caesar;COCONUTS;SEASHELLS;7967.0;65
-1;130700;Charlie;Pablo;BANANAS;SEASHELLS;4932.0;1
-1;130700;Paris;Pablo;BANANAS;SEASHELLS;4932.0;1
-1;131400;Charlie;Peter;PINA_COLADAS;SEASHELLS;14887.0;2
-1;131800;Charlie;Paris;BANANAS;SEASHELLS;4931.0;1
-1;132100;Camilla;Pablo;PEARLS;SEASHELLS;9998.0;3
-1;132100;Paris;Pablo;PEARLS;SEASHELLS;9998.0;1
-1;132300;Pablo;Charlie;PEARLS;SEASHELLS;10002.0;4
-1;132400;Paris;Caesar;PEARLS;SEASHELLS;10004.0;1
-1;132400;Charlie;Pablo;COCONUTS;SEASHELLS;7969.0;21
-1;132400;Paris;Charlie;BANANAS;SEASHELLS;4938.0;1
-1;132500;Camilla;Paris;BANANAS;SEASHELLS;4932.0;1
-1;132500;Camilla;Paris;PEARLS;SEASHELLS;9998.0;1
-1;132500;Camilla;Pablo;BANANAS;SEASHELLS;4932.0;3
-1;133100;Pablo;Charlie;PEARLS;SEASHELLS;10002.0;5
-1;133100;Caesar;Caesar;COCONUTS;SEASHELLS;7970.0;47
-1;133100;Penelope;Caesar;PEARLS;SEASHELLS;10004.0;1
-1;133100;Penelope;Charlie;PEARLS;SEASHELLS;10004.0;4
-1;133200;Caesar;Penelope;PEARLS;SEASHELLS;9996.0;1
-1;133400;Camilla;Penelope;PEARLS;SEASHELLS;9998.0;2
-1;133400;Camilla;Paris;BANANAS;SEASHELLS;4930.0;1
-1;133700;Charlie;Paris;BANANAS;SEASHELLS;4929.0;1
-1;133900;Camilla;Penelope;BANANAS;SEASHELLS;4930.0;7
-1;134000;Gary;Charlie;BANANAS;SEASHELLS;4936.0;17
-1;134000;Paris;Charlie;BANANAS;SEASHELLS;4935.0;1
-1;134100;Camilla;Pablo;PEARLS;SEASHELLS;9998.0;2
-1;134200;Paris;Charlie;PEARLS;SEASHELLS;10002.0;1
-1;134300;Paris;Charlie;PEARLS;SEASHELLS;10002.0;1
-1;134600;Penelope;Charlie;PEARLS;SEASHELLS;10004.0;1
-1;134600;Penelope;Caesar;PEARLS;SEASHELLS;10004.0;1
-1;134700;Penelope;Caesar;PEARLS;SEASHELLS;10004.0;1
-1;134700;Pablo;Charlie;PEARLS;SEASHELLS;10002.0;4
-1;134700;Penelope;Charlie;PEARLS;SEASHELLS;10004.0;1
-1;134800;Charlie;Caesar;BANANAS;SEASHELLS;4933.0;1
-1;134900;Paris;Pablo;PEARLS;SEASHELLS;9998.0;1
-1;134900;Charlie;Pablo;PEARLS;SEASHELLS;9998.0;1
-1;135500;Charlie;Pablo;PINA_COLADAS;SEASHELLS;14911.0;7
-1;135500;Paris;Charlie;BANANAS;SEASHELLS;4936.0;1
-1;135600;Paris;Charlie;PEARLS;SEASHELLS;10002.0;1
-1;135700;Caesar;Pablo;BANANAS;SEASHELLS;4931.0;2
-1;135800;Peter;Charlie;PINA_COLADAS;SEASHELLS;14914.0;2
-1;135800;Charlie;Caesar;BANANAS;SEASHELLS;4932.0;1
-1;135900;Paris;Charlie;PEARLS;SEASHELLS;10005.0;2
-1;135900;Paris;Charlie;BANANAS;SEASHELLS;4936.0;2
-1;136000;Charlie;Paris;PEARLS;SEASHELLS;9998.0;1
-1;136300;Paris;Penelope;PEARLS;SEASHELLS;10002.0;1
-1;136500;Paris;Charlie;BANANAS;SEASHELLS;4934.0;1
-1;136500;Paris;Charlie;BANANAS;SEASHELLS;4935.0;2
-1;136500;Paris;Caesar;PEARLS;SEASHELLS;10004.0;2
-1;137000;Caesar;Penelope;PEARLS;SEASHELLS;9996.0;1
-1;137100;Gary;Camilla;PEARLS;SEASHELLS;10002.0;3
-1;137200;Penelope;Charlie;BANANAS;SEASHELLS;4934.0;5
-1;137400;Charlie;Penelope;BANANAS;SEASHELLS;4928.0;5
-1;137400;Penelope;Camilla;PEARLS;SEASHELLS;10002.0;3
-1;137600;Paris;Charlie;BANANAS;SEASHELLS;4933.0;1
-1;137700;Camilla;Penelope;BANANAS;SEASHELLS;4928.0;2
-1;137700;Camilla;Gina;PEARLS;SEASHELLS;9998.0;2
-1;137900;Paris;Charlie;BANANAS;SEASHELLS;4934.0;1
-1;137900;Paris;Caesar;PEARLS;SEASHELLS;10004.0;1
-1;138100;Charlie;Gary;PEARLS;SEASHELLS;9996.0;7
-1;138100;Caesar;Gary;PEARLS;SEASHELLS;9996.0;2
-1;138300;Charlie;Penelope;PEARLS;SEASHELLS;9995.0;7
-1;138500;Charlie;Paris;BANANAS;SEASHELLS;4929.0;1
-1;138600;Caesar;Paris;BANANAS;SEASHELLS;4929.0;1
-1;139000;Charlie;Paris;BANANAS;SEASHELLS;4928.0;1
-1;139100;Peter;Charlie;PINA_COLADAS;SEASHELLS;14899.0;4
-1;139400;Charlie;Paris;BANANAS;SEASHELLS;4928.0;1
-1;139400;Paris;Charlie;PEARLS;SEASHELLS;10004.0;1
-1;139400;Pablo;Charlie;PEARLS;SEASHELLS;10002.0;5
-1;139400;Paris;Charlie;BANANAS;SEASHELLS;4934.0;1
-1;139400;Paris;Caesar;BANANAS;SEASHELLS;4934.0;1
-1;139400;Paris;Caesar;PEARLS;SEASHELLS;10004.0;1
-1;139600;Charlie;Paris;PEARLS;SEASHELLS;9998.0;1
-1;139700;Charlie;Paris;BANANAS;SEASHELLS;4928.0;1
-1;140100;Charlie;Paris;BANANAS;SEASHELLS;4928.0;1
-1;140200;Penelope;Charlie;BANANAS;SEASHELLS;4934.0;3
-1;140400;Charlie;Paris;BANANAS;SEASHELLS;4928.0;1
-1;140600;Caesar;Paris;BANANAS;SEASHELLS;4929.0;1
-1;140700;Charlie;Pablo;BANANAS;SEASHELLS;4931.0;2
-1;140800;Peter;Charlie;PINA_COLADAS;SEASHELLS;14909.0;4
-1;140900;Charlie;Peter;COCONUTS;SEASHELLS;7970.0;10
-1;141600;Paris;Camilla;PEARLS;SEASHELLS;10002.0;1
-1;141800;Penelope;Charlie;BANANAS;SEASHELLS;4934.0;9
-1;141800;Penelope;Caesar;BANANAS;SEASHELLS;4934.0;2
-1;142300;Paris;Charlie;BANANAS;SEASHELLS;4934.0;1
-1;142600;Charlie;Paris;BANANAS;SEASHELLS;4929.0;1
-1;142800;Camilla;Pablo;PEARLS;SEASHELLS;9998.0;2
-1;143100;Pablo;Paris;PEARLS;SEASHELLS;10002.0;1
-1;143100;Caesar;Paris;BANANAS;SEASHELLS;4930.0;1
-1;143600;Charlie;Paris;PEARLS;SEASHELLS;9995.0;1
-1;143600;Charlie;Paris;BANANAS;SEASHELLS;4929.0;1
-1;143600;Charlie;Peter;PINA_COLADAS;SEASHELLS;14902.0;4
-1;143700;Charlie;Gary;BANANAS;SEASHELLS;4930.0;19
-1;144000;Caesar;Caesar;COCONUTS;SEASHELLS;7968.0;23
-1;144000;Paris;Charlie;BANANAS;SEASHELLS;4936.0;1
-1;144000;Caesar;Caesar;COCONUTS;SEASHELLS;7968.0;50
-1;144100;Charlie;Penelope;BANANAS;SEASHELLS;4930.0;7
-1;144200;Paris;Camilla;BANANAS;SEASHELLS;4936.0;1
-1;144300;Charlie;Gina;BANANAS;SEASHELLS;4931.0;6
-1;144300;Camilla;Gina;BANANAS;SEASHELLS;4931.0;6
-1;144300;Caesar;Pablo;PINA_COLADAS;SEASHELLS;14898.0;6
-1;144600;Pablo;Charlie;PEARLS;SEASHELLS;10002.0;2
-1;145000;Camilla;Paris;BANANAS;SEASHELLS;4933.0;1
-1;145000;Camilla;Paris;PEARLS;SEASHELLS;9998.0;1
-1;145000;Peter;Charlie;PINA_COLADAS;SEASHELLS;14899.0;5
-1;145100;Charlie;Penelope;BANANAS;SEASHELLS;4932.0;7
-1;145300;Charlie;Pablo;PEARLS;SEASHELLS;9998.0;3
-1;145400;Camilla;Paris;PEARLS;SEASHELLS;9998.0;1
-1;145400;Camilla;Paris;BANANAS;SEASHELLS;4932.0;1
-1;145500;Paris;Charlie;BANANAS;SEASHELLS;4936.0;1
-1;145500;Paris;Charlie;PEARLS;SEASHELLS;10002.0;1
-1;145600;Charlie;Paris;BANANAS;SEASHELLS;4931.0;1
-1;145700;Gary;Caesar;PEARLS;SEASHELLS;10004.0;2
-1;145700;Gary;Charlie;PEARLS;SEASHELLS;10004.0;8
-1;146300;Camilla;Paris;PEARLS;SEASHELLS;9998.0;1
-1;146500;Paris;Charlie;PEARLS;SEASHELLS;10005.0;1
-1;146500;Paris;Charlie;BANANAS;SEASHELLS;4937.0;1
-1;146600;Caesar;Penelope;PEARLS;SEASHELLS;10000.0;4
-1;146700;Charlie;Pablo;COCONUTS;SEASHELLS;7966.0;10
-1;146900;Charlie;Paris;BANANAS;SEASHELLS;4929.0;1
-1;147600;Charlie;Paris;BANANAS;SEASHELLS;4930.0;1
-1;147700;Paris;Charlie;PEARLS;SEASHELLS;10002.0;1
-1;147800;Paris;Camilla;BANANAS;SEASHELLS;4934.0;1
-1;148000;Pablo;Camilla;BANANAS;SEASHELLS;4934.0;3
-1;148200;Camilla;Paris;BANANAS;SEASHELLS;4930.0;1
-1;148400;Charlie;Pablo;BANANAS;SEASHELLS;4931.0;2
-1;148700;Camilla;Paris;BANANAS;SEASHELLS;4930.0;1
-1;148700;Paris;Charlie;PEARLS;SEASHELLS;10005.0;2
-1;148700;Paris;Charlie;BANANAS;SEASHELLS;4936.0;2
-1;149500;Paris;Charlie;BANANAS;SEASHELLS;4933.0;1
-1;149800;Pablo;Paris;PEARLS;SEASHELLS;10002.0;2
-1;149800;Paris;Paris;BANANAS;SEASHELLS;4933.0;1
-1;149800;Pablo;Charlie;PEARLS;SEASHELLS;10002.0;3
-1;150000;Caesar;Penelope;PEARLS;SEASHELLS;9996.0;1
-1;150200;Caesar;Penelope;BANANAS;SEASHELLS;4929.0;2
-1;150200;Paris;Pablo;PEARLS;SEASHELLS;9998.0;1
-1;150400;Charlie;Paris;BANANAS;SEASHELLS;4929.0;1
-1;150500;Paris;Charlie;PEARLS;SEASHELLS;10002.0;1
-1;150600;Charlie;Paris;BANANAS;SEASHELLS;4928.0;1
-1;150700;Penelope;Charlie;BANANAS;SEASHELLS;4935.0;2
-1;151000;Charlie;Gina;BANANAS;SEASHELLS;4930.0;9
-1;151500;Charlie;Paris;BANANAS;SEASHELLS;4929.0;1
-1;151500;Caesar;Pablo;PINA_COLADAS;SEASHELLS;14913.0;12
-1;151600;Pablo;Penelope;PEARLS;SEASHELLS;10002.0;3
-1;151600;Paris;Charlie;BANANAS;SEASHELLS;4934.0;1
-1;152300;Paris;Charlie;BANANAS;SEASHELLS;4936.0;2
-1;152300;Paris;Caesar;PEARLS;SEASHELLS;10004.0;2
-1;152400;Caesar;Caesar;COCONUTS;SEASHELLS;7972.0;69
-1;152500;Gina;Camilla;BANANAS;SEASHELLS;4934.0;5
-1;152500;Gina;Charlie;BANANAS;SEASHELLS;4934.0;5
-1;152500;Gina;Pablo;BANANAS;SEASHELLS;4931.0;1
-1;153000;Charlie;Penelope;PEARLS;SEASHELLS;9995.0;3
-1;153000;Paris;Caesar;BANANAS;SEASHELLS;4935.0;1
-1;153000;Charlie;Penelope;BANANAS;SEASHELLS;4929.0;4
-1;153500;Paris;Charlie;BANANAS;SEASHELLS;4937.0;1
-1;153500;Paris;Pablo;PEARLS;SEASHELLS;9998.0;1
-1;153700;Caesar;Penelope;BANANAS;SEASHELLS;4931.0;1
-1;153800;Penelope;Charlie;BANANAS;SEASHELLS;4938.0;3
-1;154300;Charlie;Paris;BANANAS;SEASHELLS;4931.0;2
-1;154300;Caesar;Paris;PEARLS;SEASHELLS;9996.0;1
-1;154800;Paris;Charlie;PEARLS;SEASHELLS;10002.0;1
-1;155100;Charlie;Paris;BANANAS;SEASHELLS;4930.0;1
-1;155200;Paris;Charlie;PEARLS;SEASHELLS;10002.0;1
-1;155500;Charlie;Paris;PEARLS;SEASHELLS;9998.0;1
-1;155700;Paris;Charlie;BANANAS;SEASHELLS;4936.0;1
-1;155700;Paris;Charlie;PEARLS;SEASHELLS;10005.0;1
-1;156500;Pablo;Camilla;PEARLS;SEASHELLS;10002.0;3
-1;156600;Caesar;Paris;PEARLS;SEASHELLS;9996.0;1
-1;156600;Charlie;Paris;PEARLS;SEASHELLS;9996.0;1
-1;156600;Charlie;Paris;BANANAS;SEASHELLS;4931.0;1
-1;156600;Charlie;Paris;BANANAS;SEASHELLS;4930.0;2
-1;156900;Charlie;Paris;BANANAS;SEASHELLS;4930.0;1
-1;157000;Caesar;Paris;BANANAS;SEASHELLS;4930.0;1
-1;157400;Gina;Camilla;PEARLS;SEASHELLS;10002.0;10
-1;157700;Paris;Camilla;BANANAS;SEASHELLS;4934.0;1
-1;158000;Charlie;Pablo;BANANAS;SEASHELLS;4930.0;4
-1;158100;Charlie;Paris;BANANAS;SEASHELLS;4930.0;1
-1;158200;Paris;Charlie;PEARLS;SEASHELLS;10002.0;1
-1;158300;Camilla;Gina;PEARLS;SEASHELLS;9998.0;7
-1;158400;Charlie;Peter;COCONUTS;SEASHELLS;7977.0;8
-1;158800;Charlie;Paris;BANANAS;SEASHELLS;4930.0;1
-1;159200;Charlie;Gary;PEARLS;SEASHELLS;9995.0;9
-1;160000;Paris;Charlie;BANANAS;SEASHELLS;4937.0;2
-1;160000;Paris;Caesar;PEARLS;SEASHELLS;10004.0;2
-1;160100;Pablo;Charlie;BANANAS;SEASHELLS;4934.0;5
-1;160300;Charlie;Paris;PEARLS;SEASHELLS;9998.0;1
-1;160400;Paris;Camilla;BANANAS;SEASHELLS;4934.0;1
-1;160400;Charlie;Paris;PEARLS;SEASHELLS;9998.0;1
-1;160600;Paris;Charlie;PEARLS;SEASHELLS;10002.0;1
-1;160700;Peter;Charlie;COCONUTS;SEASHELLS;7981.0;6
-1;160900;Peter;Charlie;COCONUTS;SEASHELLS;7980.0;7
-1;161600;Charlie;Paris;PEARLS;SEASHELLS;9998.0;1
-1;161900;Caesar;Penelope;BANANAS;SEASHELLS;4927.0;1
-1;161900;Camilla;Penelope;BANANAS;SEASHELLS;4927.0;9
-1;162300;Pablo;Gina;BANANAS;SEASHELLS;4931.0;3
-1;162600;Paris;Camilla;BANANAS;SEASHELLS;4932.0;1
-1;162900;Charlie;Penelope;PEARLS;SEASHELLS;9995.0;4
-1;163500;Pablo;Charlie;PEARLS;SEASHELLS;10002.0;3
-1;163500;Caesar;Caesar;COCONUTS;SEASHELLS;7978.0;53
-1;163500;Caesar;Caesar;COCONUTS;SEASHELLS;7978.0;1
-1;163600;Charlie;Pablo;BANANAS;SEASHELLS;4928.0;5
-1;163800;Caesar;Paris;BANANAS;SEASHELLS;4927.0;1
-1;163900;Charlie;Gary;BANANAS;SEASHELLS;4927.0;17
-1;163900;Charlie;Paris;BANANAS;SEASHELLS;4927.0;2
-1;163900;Caesar;Paris;PEARLS;SEASHELLS;9996.0;1
-1;164000;Caesar;Pablo;COCONUTS;SEASHELLS;7978.0;17
-1;164600;Paris;Penelope;BANANAS;SEASHELLS;4931.0;1
-1;164700;Penelope;Caesar;BANANAS;SEASHELLS;4932.0;2
-1;164700;Penelope;Charlie;BANANAS;SEASHELLS;4932.0;8
-1;164800;Gary;Caesar;PEARLS;SEASHELLS;10004.0;2
-1;164800;Gary;Charlie;PEARLS;SEASHELLS;10004.0;6
-1;165000;Paris;Camilla;BANANAS;SEASHELLS;4931.0;1
-1;165100;Charlie;Pablo;BANANAS;SEASHELLS;4927.0;3
-1;165100;Paris;Pablo;BANANAS;SEASHELLS;4927.0;1
-1;165700;Paris;Camilla;BANANAS;SEASHELLS;4930.0;1
-1;165800;Charlie;Pablo;BANANAS;SEASHELLS;4926.0;1
-1;166000;Paris;Charlie;BANANAS;SEASHELLS;4930.0;1
-1;166200;Charlie;Peter;COCONUTS;SEASHELLS;7981.0;6
-1;166400;Paris;Pablo;PEARLS;SEASHELLS;9998.0;1
-1;167100;Caesar;Gary;PEARLS;SEASHELLS;9996.0;1
-1;167500;Charlie;Peter;PINA_COLADAS;SEASHELLS;14930.0;2
-1;167800;Gary;Paris;PEARLS;SEASHELLS;9998.0;1
-1;167800;Paris;Charlie;BANANAS;SEASHELLS;4932.0;1
-1;167900;Charlie;Paris;PEARLS;SEASHELLS;9998.0;1
-1;168000;Gary;Charlie;PEARLS;SEASHELLS;10005.0;8
-1;168100;Pablo;Gary;BANANAS;SEASHELLS;4931.0;4
-1;169100;Penelope;Charlie;BANANAS;SEASHELLS;4934.0;4
-1;169300;Gary;Charlie;BANANAS;SEASHELLS;4934.0;15
-1;169600;Peter;Charlie;COCONUTS;SEASHELLS;7981.0;10
-1;169900;Charlie;Paris;BANANAS;SEASHELLS;4927.0;1
-1;170200;Pablo;Camilla;PEARLS;SEASHELLS;10002.0;3
-1;170200;Charlie;Paris;BANANAS;SEASHELLS;4927.0;1
-1;170400;Gary;Charlie;BANANAS;SEASHELLS;4934.0;15
-1;170700;Camilla;Pablo;BANANAS;SEASHELLS;4928.0;1
-1;170800;Charlie;Peter;PINA_COLADAS;SEASHELLS;14918.0;2
-1;171100;Pablo;Paris;PEARLS;SEASHELLS;10002.0;1
-1;171400;Pablo;Charlie;PEARLS;SEASHELLS;10002.0;5
-1;171600;Gary;Charlie;BANANAS;SEASHELLS;4933.0;20
-1;171900;Charlie;Paris;BANANAS;SEASHELLS;4927.0;1
-1;171900;Paris;Paris;PEARLS;SEASHELLS;10002.0;1
-1;172100;Caesar;Peter;PINA_COLADAS;SEASHELLS;14931.0;5
-1;172100;Pablo;Caesar;COCONUTS;SEASHELLS;7982.0;10
-1;172100;Paris;Charlie;PEARLS;SEASHELLS;10002.0;1
-1;172600;Charlie;Paris;BANANAS;SEASHELLS;4926.0;2
-1;172600;Caesar;Paris;PEARLS;SEASHELLS;9996.0;1
-1;172700;Charlie;Pablo;PEARLS;SEASHELLS;9998.0;3
-1;173200;Charlie;Paris;BANANAS;SEASHELLS;4927.0;1
-1;173300;Caesar;Gina;BANANAS;SEASHELLS;4927.0;1
-1;173400;Caesar;Paris;PEARLS;SEASHELLS;9996.0;1
-1;173400;Charlie;Paris;BANANAS;SEASHELLS;4927.0;2
-1;173400;Paris;Camilla;PEARLS;SEASHELLS;10002.0;1
-1;173500;Charlie;Pablo;PEARLS;SEASHELLS;9998.0;3
-1;173600;Charlie;Pablo;COCONUTS;SEASHELLS;7980.0;19
-1;173900;Gary;Charlie;PEARLS;SEASHELLS;10005.0;9
-1;174000;Caesar;Paris;BANANAS;SEASHELLS;4931.0;1
-1;174000;Camilla;Paris;PEARLS;SEASHELLS;9998.0;1
-1;174300;Paris;Camilla;PEARLS;SEASHELLS;10002.0;1
-1;174400;Pablo;Charlie;BANANAS;SEASHELLS;4932.0;4
-1;174400;Pablo;Paris;BANANAS;SEASHELLS;4932.0;1
-1;174500;Gina;Charlie;BANANAS;SEASHELLS;4932.0;9
-1;174900;Camilla;Gina;BANANAS;SEASHELLS;4928.0;2
-1;175600;Caesar;Caesar;COCONUTS;SEASHELLS;7983.0;41
-1;175800;Paris;Charlie;BANANAS;SEASHELLS;4933.0;1
-1;175800;Paris;Caesar;PEARLS;SEASHELLS;10004.0;1
-1;176000;Charlie;Paris;BANANAS;SEASHELLS;4927.0;1
-1;176000;Paris;Paris;PEARLS;SEASHELLS;10002.0;1
-1;176100;Paris;Charlie;PEARLS;SEASHELLS;10004.0;1
-1;176100;Paris;Caesar;PEARLS;SEASHELLS;10004.0;1
-1;176100;Paris;Charlie;BANANAS;SEASHELLS;4933.0;2
-1;176900;Charlie;Peter;COCONUTS;SEASHELLS;7979.0;6
-1;176900;Penelope;Camilla;BANANAS;SEASHELLS;4932.0;7
-1;177400;Charlie;Paris;BANANAS;SEASHELLS;4928.0;1
-1;177600;Charlie;Paris;PEARLS;SEASHELLS;9998.0;1
-1;177700;Charlie;Paris;BANANAS;SEASHELLS;4929.0;1
-1;177700;Caesar;Paris;PEARLS;SEASHELLS;9996.0;1
-1;177900;Charlie;Penelope;BANANAS;SEASHELLS;4929.0;4
-1;178000;Camilla;Paris;PEARLS;SEASHELLS;9998.0;1
-1;178500;Peter;Caesar;COCONUTS;SEASHELLS;7982.0;8
-1;178600;Caesar;Caesar;COCONUTS;SEASHELLS;7980.0;45
-1;178700;Charlie;Paris;BANANAS;SEASHELLS;4928.0;1
-1;178800;Caesar;Caesar;COCONUTS;SEASHELLS;7983.0;57
-1;178900;Charlie;Paris;BANANAS;SEASHELLS;4927.0;1
-1;179000;Paris;Caesar;PEARLS;SEASHELLS;10004.0;1
-1;179000;Paris;Caesar;BANANAS;SEASHELLS;4932.0;1
-1;179100;Charlie;Paris;BANANAS;SEASHELLS;4926.0;1
-1;179300;Camilla;Penelope;PEARLS;SEASHELLS;9998.0;2
-1;179400;Pablo;Charlie;BANANAS;SEASHELLS;4930.0;4
-1;179600;Camilla;Pablo;PEARLS;SEASHELLS;9998.0;4
-1;179800;Charlie;Gary;PEARLS;SEASHELLS;9995.0;8
-1;179900;Caesar;Penelope;PEARLS;SEASHELLS;9996.0;2
-1;180100;Charlie;Pablo;PEARLS;SEASHELLS;9998.0;3
-1;180300;Charlie;Pablo;PEARLS;SEASHELLS;9998.0;4
-1;180500;Pablo;Caesar;PEARLS;SEASHELLS;10002.0;3
-1;180600;Gary;Charlie;BANANAS;SEASHELLS;4934.0;18
-1;180800;Paris;Camilla;PEARLS;SEASHELLS;10002.0;1
-1;180900;Camilla;Paris;PEARLS;SEASHELLS;9998.0;1
-1;181400;Paris;Camilla;BANANAS;SEASHELLS;4931.0;1
-1;181400;Paris;Camilla;PEARLS;SEASHELLS;10002.0;1
-1;181400;Caesar;Caesar;COCONUTS;SEASHELLS;7977.0;63
-1;181500;Camilla;Paris;PEARLS;SEASHELLS;9998.0;2
-1;181500;Camilla;Paris;BANANAS;SEASHELLS;4927.0;1
-1;181500;Camilla;Paris;BANANAS;SEASHELLS;4927.0;2
-1;181600;Charlie;Pablo;COCONUTS;SEASHELLS;7976.0;10
-1;181900;Paris;Charlie;PEARLS;SEASHELLS;10002.0;1
-1;182000;Paris;Charlie;PEARLS;SEASHELLS;10002.0;1
-1;182200;Paris;Charlie;BANANAS;SEASHELLS;4931.0;1
-1;182300;Caesar;Penelope;PEARLS;SEASHELLS;9996.0;1
-1;182500;Pablo;Charlie;PEARLS;SEASHELLS;10002.0;4
-1;183100;Paris;Caesar;PEARLS;SEASHELLS;10004.0;1
-1;183100;Paris;Charlie;BANANAS;SEASHELLS;4934.0;2
-1;183500;Paris;Camilla;BANANAS;SEASHELLS;4933.0;1
-1;183900;Charlie;Penelope;PEARLS;SEASHELLS;9995.0;6
-1;184100;Paris;Camilla;BANANAS;SEASHELLS;4933.0;1
-1;184300;Caesar;Pablo;COCONUTS;SEASHELLS;7981.0;20
-1;184400;Charlie;Gary;BANANAS;SEASHELLS;4927.0;14
-1;184600;Charlie;Paris;PEARLS;SEASHELLS;9995.0;1
-1;184600;Charlie;Paris;BANANAS;SEASHELLS;4927.0;1
-1;184800;Gina;Camilla;PEARLS;SEASHELLS;10002.0;3
-1;184800;Gina;Charlie;PEARLS;SEASHELLS;10002.0;5
-1;185400;Caesar;Paris;PEARLS;SEASHELLS;9996.0;1
-1;185400;Caesar;Paris;BANANAS;SEASHELLS;4929.0;1
-1;185800;Peter;Caesar;PINA_COLADAS;SEASHELLS;14930.0;4
-1;185800;Camilla;Pablo;BANANAS;SEASHELLS;4930.0;4
-1;185800;Camilla;Paris;PEARLS;SEASHELLS;9998.0;1
-1;186100;Paris;Camilla;BANANAS;SEASHELLS;4933.0;1
-1;186200;Charlie;Gary;BANANAS;SEASHELLS;4927.0;12
-1;186300;Gary;Charlie;PEARLS;SEASHELLS;10004.0;10
-1;186300;Gary;Caesar;PEARLS;SEASHELLS;10004.0;1
-1;186300;Charlie;Pablo;BANANAS;SEASHELLS;4929.0;3
-1;186900;Caesar;Peter;PINA_COLADAS;SEASHELLS;14945.0;2
-1;187100;Gina;Charlie;BANANAS;SEASHELLS;4933.0;8
-1;187200;Charlie;Caesar;BANANAS;SEASHELLS;4930.0;4
-1;187300;Paris;Camilla;BANANAS;SEASHELLS;4933.0;1
-1;187300;Caesar;Pablo;PINA_COLADAS;SEASHELLS;14939.0;14
-1;187400;Paris;Charlie;BANANAS;SEASHELLS;4933.0;1
-1;187700;Charlie;Paris;BANANAS;SEASHELLS;4929.0;1
-1;188000;Paris;Charlie;PEARLS;SEASHELLS;10002.0;1
-1;188300;Charlie;Caesar;BANANAS;SEASHELLS;4931.0;1
-1;188400;Camilla;Pablo;PEARLS;SEASHELLS;9998.0;1
-1;188500;Paris;Camilla;PEARLS;SEASHELLS;10002.0;1
-1;189000;Charlie;Paris;BANANAS;SEASHELLS;4928.0;1
-1;189500;Penelope;Paris;PEARLS;SEASHELLS;9998.0;1
-1;189500;Paris;Charlie;PEARLS;SEASHELLS;10005.0;2
-1;189500;Paris;Charlie;BANANAS;SEASHELLS;4936.0;2
-1;189800;Paris;Gary;BANANAS;SEASHELLS;4929.0;2
-1;189800;Paris;Charlie;PEARLS;SEASHELLS;10004.0;1
-1;189800;Paris;Caesar;PEARLS;SEASHELLS;10004.0;1
-1;189800;Caesar;Gary;BANANAS;SEASHELLS;4929.0;1
-1;189800;Charlie;Gary;BANANAS;SEASHELLS;4929.0;13
-1;189900;Paris;Gina;BANANAS;SEASHELLS;4934.0;1
-1;189900;Charlie;Gina;BANANAS;SEASHELLS;4929.0;1
-1;189900;Camilla;Gina;BANANAS;SEASHELLS;4929.0;5
-1;189900;Caesar;Gina;BANANAS;SEASHELLS;4929.0;1
-1;190300;Paris;Charlie;BANANAS;SEASHELLS;4935.0;1
-1;190600;Charlie;Paris;BANANAS;SEASHELLS;4930.0;1
-1;190800;Charlie;Pablo;PEARLS;SEASHELLS;9998.0;5
-1;190900;Paris;Charlie;BANANAS;SEASHELLS;4934.0;1
-1;190900;Paris;Charlie;PEARLS;SEASHELLS;10005.0;1
-1;190900;Paris;Charlie;BANANAS;SEASHELLS;4936.0;1
-1;190900;Paris;Charlie;PEARLS;SEASHELLS;10002.0;1
-1;191000;Caesar;Caesar;COCONUTS;SEASHELLS;7981.0;46
-1;191000;Paris;Camilla;PEARLS;SEASHELLS;10002.0;1
-1;191400;Camilla;Paris;PEARLS;SEASHELLS;9998.0;1
-1;191700;Penelope;Charlie;PEARLS;SEASHELLS;10004.0;4
-1;191700;Penelope;Caesar;PEARLS;SEASHELLS;10004.0;2
-1;191800;Paris;Charlie;BANANAS;SEASHELLS;4934.0;1
-1;192000;Paris;Camilla;BANANAS;SEASHELLS;4933.0;1
-1;192000;Paris;Camilla;PEARLS;SEASHELLS;10002.0;1
-1;192000;Pablo;Camilla;BANANAS;SEASHELLS;4933.0;4
-1;192100;Charlie;Paris;PEARLS;SEASHELLS;9998.0;1
-1;192200;Charlie;Pablo;PEARLS;SEASHELLS;9998.0;2
-1;192400;Camilla;Paris;BANANAS;SEASHELLS;4929.0;1
-1;192400;Camilla;Paris;PEARLS;SEASHELLS;9998.0;1
-1;192500;Charlie;Pablo;COCONUTS;SEASHELLS;7982.0;16
-1;192500;Paris;Camilla;BANANAS;SEASHELLS;4933.0;1
-1;192700;Caesar;Penelope;PEARLS;SEASHELLS;9996.0;1
-1;192700;Charlie;Penelope;PEARLS;SEASHELLS;9996.0;5
-1;192800;Charlie;Pablo;BANANAS;SEASHELLS;4929.0;4
-1;193100;Caesar;Gina;BANANAS;SEASHELLS;4928.0;1
-1;193300;Pablo;Charlie;PEARLS;SEASHELLS;10002.0;4
-1;193300;Pablo;Paris;PEARLS;SEASHELLS;10002.0;1
-1;193400;Gary;Caesar;BANANAS;SEASHELLS;4935.0;1
-1;193400;Gary;Charlie;BANANAS;SEASHELLS;4935.0;15
-1;193700;Charlie;Pablo;PEARLS;SEASHELLS;9998.0;1
-1;193800;Paris;Camilla;BANANAS;SEASHELLS;4934.0;1
-1;194000;Charlie;Paris;BANANAS;SEASHELLS;4929.0;1
-1;194400;Paris;Camilla;PEARLS;SEASHELLS;10002.0;2
-1;194400;Paris;Camilla;BANANAS;SEASHELLS;4933.0;2
-1;194600;Caesar;Paris;BANANAS;SEASHELLS;4929.0;1
-1;195100;Pablo;Charlie;PEARLS;SEASHELLS;10002.0;1
-1;195100;Pablo;Camilla;PEARLS;SEASHELLS;10002.0;4
-1;195400;Pablo;Camilla;BANANAS;SEASHELLS;4934.0;5
-1;195700;Paris;Charlie;PEARLS;SEASHELLS;10002.0;1
-1;195700;Gina;Charlie;BANANAS;SEASHELLS;4934.0;11
-1;195700;Gina;Caesar;BANANAS;SEASHELLS;4934.0;2
-1;195800;Paris;Caesar;PEARLS;SEASHELLS;10004.0;1
-1;195800;Paris;Caesar;BANANAS;SEASHELLS;4935.0;1
-1;196000;Pablo;Paris;PEARLS;SEASHELLS;10002.0;1
-1;196400;Charlie;Pablo;COCONUTS;SEASHELLS;7982.0;25
-1;196500;Paris;Pablo;BANANAS;SEASHELLS;4929.0;1
-1;197300;Paris;Penelope;PEARLS;SEASHELLS;9996.0;1
-1;197300;Caesar;Penelope;PEARLS;SEASHELLS;9996.0;1
-1;197300;Paris;Charlie;BANANAS;SEASHELLS;4936.0;1
-1;197500;Charlie;Paris;BANANAS;SEASHELLS;4929.0;1
-1;197700;Caesar;Caesar;PINA_COLADAS;SEASHELLS;14920.0;16
-1;197700;Caesar;Caesar;PINA_COLADAS;SEASHELLS;14920.0;24
-1;197700;Paris;Camilla;PEARLS;SEASHELLS;10002.0;2
-1;197700;Paris;Camilla;BANANAS;SEASHELLS;4934.0;2
-1;198500;Paris;Charlie;BANANAS;SEASHELLS;4936.0;2
-1;198500;Paris;Gina;PEARLS;SEASHELLS;9998.0;2
-1;198800;Caesar;Paris;BANANAS;SEASHELLS;4930.0;1
-1;198900;Paris;Charlie;PEARLS;SEASHELLS;10002.0;1
-1;199000;Charlie;Paris;BANANAS;SEASHELLS;4929.0;2
-1;199000;Caesar;Paris;PEARLS;SEASHELLS;9996.0;2
-1;199100;Charlie;Paris;BANANAS;SEASHELLS;4930.0;1
-1;199400;Paris;Caesar;PEARLS;SEASHELLS;10004.0;1
-1;199400;Paris;Charlie;BANANAS;SEASHELLS;4937.0;1
-1;199400;Paris;Charlie;BANANAS;SEASHELLS;4935.0;1
-1;199500;Peter;Caesar;PINA_COLADAS;SEASHELLS;14923.0;5
-1;199500;Paris;Charlie;PEARLS;SEASHELLS;10002.0;1
-1;199600;Paris;Camilla;PEARLS;SEASHELLS;10002.0;2
-1;199600;Paris;Camilla;BANANAS;SEASHELLS;4935.0;2
-1;199900;Charlie;Caesar;BANANAS;SEASHELLS;4933.0;2
-1;200000;Paris;Charlie;BANANAS;SEASHELLS;4936.0;1
-1;200200;Penelope;Caesar;PEARLS;SEASHELLS;10004.0;1
-1;200200;Charlie;Peter;PINA_COLADAS;SEASHELLS;14911.0;3
-1;200300;Charlie;Penelope;BANANAS;SEASHELLS;4930.0;5
-1;201200;Penelope;Charlie;PEARLS;SEASHELLS;10005.0;8
-1;201200;Gary;Caesar;PEARLS;SEASHELLS;10004.0;1
-1;201400;Penelope;Camilla;BANANAS;SEASHELLS;4934.0;1
-1;201400;Penelope;Charlie;BANANAS;SEASHELLS;4934.0;9
-1;201500;Charlie;Paris;BANANAS;SEASHELLS;4929.0;1
-1;201800;Paris;Camilla;BANANAS;SEASHELLS;4934.0;1
-1;202100;Paris;Pablo;BANANAS;SEASHELLS;4930.0;2
-1;202100;Paris;Charlie;PEARLS;SEASHELLS;10002.0;1
-1;202100;Charlie;Pablo;BANANAS;SEASHELLS;4930.0;1
-1;202100;Paris;Caesar;PEARLS;SEASHELLS;10004.0;1
-1;202100;Paris;Charlie;PEARLS;SEASHELLS;10004.0;1
-1;202600;Charlie;Paris;PEARLS;SEASHELLS;9995.0;2
-1;202600;Charlie;Paris;BANANAS;SEASHELLS;4928.0;2
-1;202700;Paris;Charlie;BANANAS;SEASHELLS;4933.0;1
-1;203200;Paris;Charlie;BANANAS;SEASHELLS;4934.0;1
-1;203200;Caesar;Caesar;COCONUTS;SEASHELLS;7982.0;20
-1;203200;Caesar;Caesar;COCONUTS;SEASHELLS;7982.0;46
-1;203300;Caesar;Paris;BANANAS;SEASHELLS;4929.0;1
-1;203700;Charlie;Gary;PEARLS;SEASHELLS;9996.0;7
-1;203700;Caesar;Gary;PEARLS;SEASHELLS;9996.0;2
-1;203800;Paris;Caesar;PEARLS;SEASHELLS;10004.0;1
-1;203800;Paris;Charlie;BANANAS;SEASHELLS;4933.0;1
-1;204000;Camilla;Paris;PEARLS;SEASHELLS;9998.0;1
-1;204100;Caesar;Peter;PINA_COLADAS;SEASHELLS;14904.0;3
-1;204100;Camilla;Paris;PEARLS;SEASHELLS;9998.0;1
-1;204200;Caesar;Caesar;PINA_COLADAS;SEASHELLS;14902.0;32
-1;204200;Pablo;Camilla;BANANAS;SEASHELLS;4931.0;1
-1;204500;Pablo;Charlie;PEARLS;SEASHELLS;10002.0;4
-1;204500;Penelope;Charlie;BANANAS;SEASHELLS;4935.0;5
-1;205400;Paris;Charlie;PEARLS;SEASHELLS;10002.0;1
-1;205600;Gina;Camilla;PEARLS;SEASHELLS;10002.0;5
-1;205700;Charlie;Penelope;BANANAS;SEASHELLS;4929.0;12
-1;205800;Camilla;Paris;PEARLS;SEASHELLS;9998.0;1
-1;206000;Pablo;Paris;BANANAS;SEASHELLS;4933.0;1
-1;206000;Pablo;Charlie;BANANAS;SEASHELLS;4933.0;4
-1;206100;Caesar;Penelope;PEARLS;SEASHELLS;9996.0;2
-1;206200;Charlie;Peter;COCONUTS;SEASHELLS;7978.0;7
-1;206300;Caesar;Gary;PEARLS;SEASHELLS;9996.0;1
-1;206300;Peter;Charlie;COCONUTS;SEASHELLS;7981.0;10
-1;206700;Caesar;Gary;PEARLS;SEASHELLS;9996.0;2
-1;206800;Peter;Charlie;COCONUTS;SEASHELLS;7981.0;5
-1;206900;Camilla;Paris;PEARLS;SEASHELLS;9998.0;1
-1;207100;Charlie;Peter;COCONUTS;SEASHELLS;7976.0;5
-1;207100;Charlie;Peter;PINA_COLADAS;SEASHELLS;14909.0;3
-1;207300;Paris;Charlie;PEARLS;SEASHELLS;10002.0;1
-1;207400;Peter;Charlie;COCONUTS;SEASHELLS;7980.0;9
-1;207400;Paris;Charlie;PEARLS;SEASHELLS;10002.0;1
-1;207400;Paris;Charlie;BANANAS;SEASHELLS;4934.0;1
-1;207500;Charlie;Pablo;COCONUTS;SEASHELLS;7976.0;16
-1;207800;Camilla;Penelope;PEARLS;SEASHELLS;9998.0;4
-1;207900;Charlie;Pablo;COCONUTS;SEASHELLS;7976.0;15
-1;207900;Paris;Charlie;PEARLS;SEASHELLS;10002.0;1
-1;207900;Charlie;Paris;BANANAS;SEASHELLS;4928.0;1
-1;208000;Paris;Charlie;BANANAS;SEASHELLS;4934.0;1
-1;208100;Paris;Caesar;PEARLS;SEASHELLS;10004.0;2
-1;208100;Paris;Charlie;BANANAS;SEASHELLS;4935.0;2
-1;208200;Charlie;Peter;COCONUTS;SEASHELLS;7974.0;9
-1;208500;Charlie;Penelope;BANANAS;SEASHELLS;4928.0;4
-1;208800;Paris;Pablo;BANANAS;SEASHELLS;4930.0;1
-1;209600;Charlie;Pablo;PEARLS;SEASHELLS;9998.0;1
-1;209800;Camilla;Paris;PEARLS;SEASHELLS;9998.0;1
-1;210200;Paris;Camilla;BANANAS;SEASHELLS;4934.0;1
-1;210200;Paris;Camilla;PEARLS;SEASHELLS;10002.0;1
-1;210600;Caesar;Caesar;PINA_COLADAS;SEASHELLS;14906.0;33
-1;210600;Penelope;Charlie;BANANAS;SEASHELLS;4936.0;7
-1;210700;Charlie;Pablo;BANANAS;SEASHELLS;4931.0;5
-1;211100;Pablo;Charlie;BANANAS;SEASHELLS;4934.0;4
-1;211500;Caesar;Caesar;COCONUTS;SEASHELLS;7974.0;45
-1;212100;Caesar;Caesar;COCONUTS;SEASHELLS;7974.0;74
-1;212300;Caesar;Paris;BANANAS;SEASHELLS;4929.0;1
-1;212600;Paris;Camilla;BANANAS;SEASHELLS;4933.0;1
-1;212700;Gary;Charlie;BANANAS;SEASHELLS;4934.0;18
-1;212800;Charlie;Penelope;PEARLS;SEASHELLS;9995.0;8
-1;213400;Charlie;Paris;BANANAS;SEASHELLS;4927.0;1
-1;213500;Charlie;Penelope;PEARLS;SEASHELLS;9995.0;3
-1;213600;Peter;Caesar;PINA_COLADAS;SEASHELLS;14889.0;3
-1;214100;Paris;Charlie;BANANAS;SEASHELLS;4932.0;1
-1;214200;Peter;Charlie;COCONUTS;SEASHELLS;7976.0;7
-1;214600;Pablo;Charlie;BANANAS;SEASHELLS;4930.0;2
-1;214700;Paris;Charlie;BANANAS;SEASHELLS;4931.0;1
-1;214800;Charlie;Pablo;PEARLS;SEASHELLS;9998.0;4
-1;214800;Paris;Charlie;BANANAS;SEASHELLS;4932.0;1
-1;214800;Paris;Pablo;PEARLS;SEASHELLS;9998.0;1
-1;215000;Camilla;Paris;BANANAS;SEASHELLS;4927.0;1
-1;215000;Camilla;Paris;PEARLS;SEASHELLS;9998.0;1
-1;215100;Penelope;Charlie;PEARLS;SEASHELLS;10005.0;3
-1;215100;Penelope;Charlie;BANANAS;SEASHELLS;4934.0;11
-1;215200;Paris;Charlie;BANANAS;SEASHELLS;4933.0;1
-1;215200;Pablo;Charlie;PEARLS;SEASHELLS;10002.0;3
-1;215200;Paris;Caesar;PEARLS;SEASHELLS;10004.0;1
-1;215400;Paris;Pablo;PEARLS;SEASHELLS;9998.0;1
-1;215700;Caesar;Penelope;PEARLS;SEASHELLS;9996.0;2
-1;215800;Pablo;Charlie;PEARLS;SEASHELLS;10002.0;1
-1;215800;Pablo;Paris;PEARLS;SEASHELLS;10002.0;1
-1;215900;Charlie;Pablo;BANANAS;SEASHELLS;4929.0;4
-1;216200;Penelope;Charlie;BANANAS;SEASHELLS;4935.0;8
-1;216300;Camilla;Paris;BANANAS;SEASHELLS;4930.0;1
-1;216400;Gary;Charlie;PEARLS;SEASHELLS;10005.0;8
-1;216500;Pablo;Charlie;BANANAS;SEASHELLS;4933.0;5
-1;216700;Caesar;Gary;BANANAS;SEASHELLS;4931.0;2
-1;216800;Caesar;Paris;BANANAS;SEASHELLS;4929.0;2
-1;216800;Caesar;Paris;PEARLS;SEASHELLS;9996.0;2
-1;217300;Charlie;Penelope;PEARLS;SEASHELLS;9996.0;5
-1;217300;Caesar;Penelope;PEARLS;SEASHELLS;9996.0;1
-1;217700;Charlie;Paris;BANANAS;SEASHELLS;4931.0;1
-1;217800;Caesar;Paris;PEARLS;SEASHELLS;10000.0;2
-1;217800;Charlie;Paris;BANANAS;SEASHELLS;4931.0;2
-1;218200;Caesar;Peter;PINA_COLADAS;SEASHELLS;14904.0;3
-1;218400;Penelope;Pablo;BANANAS;SEASHELLS;4934.0;3
-1;218500;Caesar;Penelope;PEARLS;SEASHELLS;9996.0;1
-1;218500;Paris;Camilla;PEARLS;SEASHELLS;10002.0;1
-1;218500;Charlie;Penelope;PEARLS;SEASHELLS;9996.0;7
-1;218900;Charlie;Gina;BANANAS;SEASHELLS;4934.0;10
-1;219000;Charlie;Pablo;PEARLS;SEASHELLS;9998.0;2
-1;219000;Caesar;Peter;PINA_COLADAS;SEASHELLS;14897.0;4
-1;219200;Paris;Camilla;BANANAS;SEASHELLS;4938.0;1
-1;219600;Paris;Camilla;PEARLS;SEASHELLS;10002.0;1
-1;219700;Gary;Charlie;PEARLS;SEASHELLS;10004.0;11
-1;219700;Gary;Caesar;PEARLS;SEASHELLS;10004.0;1
-1;219900;Charlie;Paris;BANANAS;SEASHELLS;4932.0;1
-1;220000;Paris;Charlie;BANANAS;SEASHELLS;4937.0;1
-1;220200;Paris;Caesar;BANANAS;SEASHELLS;4938.0;1
-1;220200;Paris;Caesar;PEARLS;SEASHELLS;10004.0;1
-1;220300;Charlie;Paris;PEARLS;SEASHELLS;9995.0;2
-1;220300;Charlie;Paris;BANANAS;SEASHELLS;4933.0;2
-1;220500;Caesar;Paris;BANANAS;SEASHELLS;4932.0;1
-1;220800;Caesar;Paris;BANANAS;SEASHELLS;4932.0;1
-1;220900;Pablo;Charlie;BANANAS;SEASHELLS;4936.0;1
-1;221000;Caesar;Paris;BANANAS;SEASHELLS;4932.0;1
-1;221100;Pablo;Gina;PEARLS;SEASHELLS;10002.0;1
-1;221300;Penelope;Caesar;BANANAS;SEASHELLS;4937.0;1
-1;221500;Pablo;Penelope;PEARLS;SEASHELLS;10002.0;5
-1;221600;Charlie;Paris;BANANAS;SEASHELLS;4932.0;1
-1;221800;Camilla;Paris;PEARLS;SEASHELLS;9998.0;1
-1;222500;Charlie;Pablo;COCONUTS;SEASHELLS;7970.0;13
-1;222500;Gina;Charlie;PEARLS;SEASHELLS;10002.0;4
-1;222500;Gina;Camilla;PEARLS;SEASHELLS;10002.0;3
-1;222600;Penelope;Charlie;BANANAS;SEASHELLS;4939.0;6
-1;222600;Paris;Charlie;BANANAS;SEASHELLS;4939.0;2
-1;222600;Paris;Charlie;PEARLS;SEASHELLS;10005.0;2
-1;222800;Caesar;Caesar;COCONUTS;SEASHELLS;7971.0;45
-1;222900;Penelope;Camilla;BANANAS;SEASHELLS;4936.0;5
-1;222900;Penelope;Charlie;BANANAS;SEASHELLS;4936.0;6
-1;223700;Paris;Charlie;PEARLS;SEASHELLS;10002.0;1
-1;223800;Paris;Camilla;PEARLS;SEASHELLS;10002.0;1
-1;224000;Charlie;Peter;PINA_COLADAS;SEASHELLS;14892.0;4
-1;224100;Penelope;Charlie;BANANAS;SEASHELLS;4938.0;8
-1;224300;Paris;Camilla;BANANAS;SEASHELLS;4937.0;1
-1;224400;Charlie;Paris;BANANAS;SEASHELLS;4931.0;1
-1;224600;Camilla;Paris;PEARLS;SEASHELLS;9998.0;1
-1;224800;Caesar;Gary;PEARLS;SEASHELLS;9996.0;1
-1;224800;Charlie;Gary;PEARLS;SEASHELLS;9996.0;9
-1;225000;Paris;Penelope;BANANAS;SEASHELLS;4937.0;1
-1;225000;Charlie;Paris;PEARLS;SEASHELLS;9998.0;1
-1;225100;Charlie;Paris;BANANAS;SEASHELLS;4933.0;1
-1;225900;Charlie;Pablo;PEARLS;SEASHELLS;9998.0;1
-1;226100;Charlie;Peter;COCONUTS;SEASHELLS;7967.0;6
-1;226200;Gina;Charlie;BANANAS;SEASHELLS;4937.0;9
-1;226400;Penelope;Charlie;PEARLS;SEASHELLS;10005.0;3
-1;226700;Charlie;Paris;BANANAS;SEASHELLS;4933.0;1
-1;226700;Charlie;Gina;BANANAS;SEASHELLS;4933.0;7
-1;226900;Caesar;Paris;BANANAS;SEASHELLS;4933.0;1
-1;227000;Paris;Pablo;PEARLS;SEASHELLS;9998.0;1
-1;227000;Charlie;Pablo;PEARLS;SEASHELLS;9998.0;3
-1;227100;Charlie;Paris;PEARLS;SEASHELLS;9998.0;1
-1;227700;Paris;Charlie;PEARLS;SEASHELLS;10005.0;2
-1;227700;Paris;Charlie;BANANAS;SEASHELLS;4942.0;2
-1;227900;Charlie;Paris;PEARLS;SEASHELLS;9998.0;1
-1;228200;Peter;Charlie;PINA_COLADAS;SEASHELLS;14888.0;4
-1;228700;Caesar;Paris;BANANAS;SEASHELLS;4935.0;1
-1;228700;Caesar;Paris;PEARLS;SEASHELLS;10000.0;2
-1;228700;Charlie;Paris;BANANAS;SEASHELLS;4935.0;1
-1;228800;Paris;Camilla;PEARLS;SEASHELLS;10002.0;1
-1;228800;Paris;Camilla;BANANAS;SEASHELLS;4940.0;1
-1;228800;Charlie;Paris;BANANAS;SEASHELLS;4935.0;1
-1;229200;Charlie;Paris;BANANAS;SEASHELLS;4935.0;1
-1;229500;Charlie;Pablo;BANANAS;SEASHELLS;4935.0;1
-1;229900;Charlie;Paris;BANANAS;SEASHELLS;4934.0;2
-1;229900;Caesar;Paris;PEARLS;SEASHELLS;9996.0;1
-1;229900;Charlie;Paris;PEARLS;SEASHELLS;9996.0;1
-1;229900;Charlie;Paris;BANANAS;SEASHELLS;4934.0;1
-1;230100;Caesar;Paris;BANANAS;SEASHELLS;4933.0;1
-1;230200;Paris;Camilla;BANANAS;SEASHELLS;4938.0;1
-1;230300;Camilla;Gary;BANANAS;SEASHELLS;4933.0;7
-1;230300;Penelope;Charlie;PEARLS;SEASHELLS;10005.0;3
-1;230600;Paris;Charlie;BANANAS;SEASHELLS;4939.0;2
-1;230600;Paris;Caesar;PEARLS;SEASHELLS;10004.0;2
-1;230800;Charlie;Paris;BANANAS;SEASHELLS;4932.0;1
-1;231000;Charlie;Paris;PEARLS;SEASHELLS;9998.0;1
-1;231000;Paris;Charlie;BANANAS;SEASHELLS;4937.0;1
-1;231200;Paris;Camilla;PEARLS;SEASHELLS;10002.0;1
-1;231200;Charlie;Peter;PINA_COLADAS;SEASHELLS;14900.0;5
-1;232000;Pablo;Charlie;BANANAS;SEASHELLS;4936.0;5
-1;232100;Gina;Camilla;BANANAS;SEASHELLS;4937.0;10
-1;232200;Camilla;Paris;PEARLS;SEASHELLS;9998.0;1
-1;232300;Charlie;Peter;COCONUTS;SEASHELLS;7969.0;6
-1;232600;Caesar;Penelope;PEARLS;SEASHELLS;9996.0;2
-1;232600;Penelope;Charlie;BANANAS;SEASHELLS;4939.0;7
-1;232800;Penelope;Charlie;BANANAS;SEASHELLS;4938.0;10
-1;232800;Paris;Charlie;BANANAS;SEASHELLS;4937.0;1
-1;233100;Caesar;Penelope;PEARLS;SEASHELLS;9996.0;2
-1;233400;Pablo;Charlie;BANANAS;SEASHELLS;4936.0;5
-1;233900;Caesar;Paris;PEARLS;SEASHELLS;9996.0;1
-1;233900;Gina;Paris;BANANAS;SEASHELLS;4935.0;2
-1;233900;Caesar;Caesar;COCONUTS;SEASHELLS;7971.0;56
-1;234300;Pablo;Caesar;PINA_COLADAS;SEASHELLS;14907.0;8
-1;234500;Olga;Gina;BANANAS;SEASHELLS;4930.0;9
-1;234500;Charlie;Gina;BANANAS;SEASHELLS;4930.0;2
-1;234600;Camilla;Pablo;PEARLS;SEASHELLS;9998.0;4
-1;234700;Paris;Charlie;PEARLS;SEASHELLS;10002.0;1
-1;234800;Paris;Camilla;BANANAS;SEASHELLS;4937.0;1
-1;235100;Charlie;Gina;BANANAS;SEASHELLS;4933.0;13
-1;235500;Pablo;Charlie;PEARLS;SEASHELLS;10002.0;4
-1;235800;Camilla;Paris;BANANAS;SEASHELLS;4933.0;1
-1;235900;Charlie;Paris;BANANAS;SEASHELLS;4934.0;1
-1;235900;Charlie;Paris;PEARLS;SEASHELLS;9998.0;1
-1;236000;Paris;Charlie;PEARLS;SEASHELLS;10002.0;1
-1;236300;Paris;Charlie;BANANAS;SEASHELLS;4939.0;1
-1;236600;Charlie;Paris;BANANAS;SEASHELLS;4934.0;1
-1;236800;Charlie;Paris;PEARLS;SEASHELLS;9998.0;1
-1;236800;Charlie;Peter;COCONUTS;SEASHELLS;7972.0;6
-1;237000;Penelope;Charlie;BANANAS;SEASHELLS;4941.0;2
-1;237300;Caesar;Caesar;COCONUTS;SEASHELLS;7971.0;56
-1;237300;Caesar;Caesar;COCONUTS;SEASHELLS;7971.0;6
-1;237300;Pablo;Charlie;PEARLS;SEASHELLS;10002.0;1
-1;237400;Pablo;Charlie;BANANAS;SEASHELLS;4939.0;2
-1;237400;Pablo;Paris;BANANAS;SEASHELLS;4939.0;1
-1;237600;Caesar;Pablo;PEARLS;SEASHELLS;9998.0;1
-1;237800;Penelope;Paris;PEARLS;SEASHELLS;10004.0;1
-1;237800;Peter;Charlie;COCONUTS;SEASHELLS;7975.0;7
-1;237800;Penelope;Caesar;PEARLS;SEASHELLS;10004.0;1
-1;237800;Caesar;Paris;BANANAS;SEASHELLS;4935.0;1
-1;238000;Paris;Charlie;BANANAS;SEASHELLS;4940.0;1
-1;238400;Paris;Charlie;BANANAS;SEASHELLS;4941.0;1
-1;238500;Paris;Charlie;BANANAS;SEASHELLS;4942.0;2
-1;238500;Paris;Caesar;PEARLS;SEASHELLS;10004.0;2
-1;238600;Charlie;Paris;BANANAS;SEASHELLS;4936.0;1
-1;238700;Charlie;Paris;BANANAS;SEASHELLS;4935.0;1
-1;239000;Charlie;Paris;PEARLS;SEASHELLS;9998.0;1
-1;239400;Gary;Caesar;PEARLS;SEASHELLS;10004.0;2
-1;239400;Gary;Charlie;PEARLS;SEASHELLS;10004.0;6
-1;239400;Paris;Charlie;BANANAS;SEASHELLS;4942.0;1
-1;239900;Paris;Charlie;PEARLS;SEASHELLS;10002.0;1
-1;240000;Paris;Charlie;BANANAS;SEASHELLS;4945.0;2
-1;240000;Paris;Charlie;PEARLS;SEASHELLS;10005.0;2
-1;240000;Penelope;Caesar;PEARLS;SEASHELLS;10004.0;2
-1;240200;Charlie;Paris;BANANAS;SEASHELLS;4939.0;1
-1;240400;Camilla;Paris;PEARLS;SEASHELLS;9998.0;1
-1;240400;Caesar;Caesar;PINA_COLADAS;SEASHELLS;14913.0;25
-1;240700;Paris;Charlie;PEARLS;SEASHELLS;10002.0;1
-1;241000;Charlie;Pablo;PEARLS;SEASHELLS;9998.0;4
-1;241000;Paris;Charlie;BANANAS;SEASHELLS;4944.0;1
-1;241100;Penelope;Caesar;BANANAS;SEASHELLS;4945.0;2
-1;241100;Penelope;Charlie;BANANAS;SEASHELLS;4945.0;10
-1;241300;Charlie;Paris;BANANAS;SEASHELLS;4939.0;1
-1;241500;Paris;Charlie;BANANAS;SEASHELLS;4944.0;1
-1;241600;Paris;Caesar;PEARLS;SEASHELLS;10004.0;1
-1;241600;Paris;Charlie;BANANAS;SEASHELLS;4946.0;1
-1;241700;Penelope;Charlie;PEARLS;SEASHELLS;10004.0;5
-1;241700;Penelope;Charlie;BANANAS;SEASHELLS;4947.0;9
-1;241700;Gina;Paris;BANANAS;SEASHELLS;4941.0;1
-1;241700;Gina;Charlie;BANANAS;SEASHELLS;4945.0;9
-1;241700;Penelope;Caesar;PEARLS;SEASHELLS;10004.0;1
-1;241900;Charlie;Pablo;COCONUTS;SEASHELLS;7967.0;19
-1;242200;Charlie;Paris;BANANAS;SEASHELLS;4940.0;2
-1;242200;Charlie;Paris;PEARLS;SEASHELLS;9995.0;2
-1;242400;Charlie;Peter;PINA_COLADAS;SEASHELLS;14889.0;3
-1;242500;Paris;Camilla;BANANAS;SEASHELLS;4946.0;1
-1;242500;Paris;Pablo;PEARLS;SEASHELLS;9998.0;2
-1;242500;Paris;Charlie;BANANAS;SEASHELLS;4946.0;1
-1;242600;Penelope;Camilla;PEARLS;SEASHELLS;10002.0;1
-1;242600;Paris;Camilla;BANANAS;SEASHELLS;4947.0;1
-1;242700;Charlie;Paris;PEARLS;SEASHELLS;9998.0;1
-1;242800;Camilla;Paris;BANANAS;SEASHELLS;4942.0;1
-1;242900;Charlie;Gary;PEARLS;SEASHELLS;9995.0;11
-1;243000;Camilla;Paris;BANANAS;SEASHELLS;4942.0;1
-1;243500;Paris;Charlie;BANANAS;SEASHELLS;4948.0;1
-1;243500;Camilla;Paris;PEARLS;SEASHELLS;9998.0;1
-1;243900;Peter;Charlie;COCONUTS;SEASHELLS;7972.0;7
-1;243900;Charlie;Pablo;PINA_COLADAS;SEASHELLS;14898.0;13
-1;244000;Charlie;Gary;BANANAS;SEASHELLS;4942.0;20
-1;244800;Paris;Charlie;PEARLS;SEASHELLS;10002.0;1
-1;244800;Charlie;Gary;BANANAS;SEASHELLS;4943.0;7
-1;244800;Camilla;Gary;BANANAS;SEASHELLS;4943.0;10
-1;244900;Paris;Charlie;BANANAS;SEASHELLS;4948.0;1
-1;245100;Charlie;Gary;BANANAS;SEASHELLS;4943.0;12
-1;245200;Paris;Charlie;BANANAS;SEASHELLS;4950.0;2
-1;245200;Paris;Charlie;PEARLS;SEASHELLS;10005.0;2
-1;245200;Penelope;Caesar;PEARLS;SEASHELLS;10004.0;2
-1;245200;Charlie;Peter;COCONUTS;SEASHELLS;7969.0;7
-1;245300;Gary;Charlie;BANANAS;SEASHELLS;4949.0;13
-1;245300;Gary;Camilla;BANANAS;SEASHELLS;4949.0;2
-1;245500;Camilla;Gina;PEARLS;SEASHELLS;9998.0;8
-1;245500;Paris;Gina;PEARLS;SEASHELLS;10002.0;1
-1;245700;Caesar;Penelope;PEARLS;SEASHELLS;10000.0;4
-1;245800;Caesar;Paris;PEARLS;SEASHELLS;9998.0;1
-1;245800;Penelope;Charlie;BANANAS;SEASHELLS;4952.0;9
-1;246100;Charlie;Gary;PEARLS;SEASHELLS;9995.0;11
-1;246200;Paris;Charlie;PEARLS;SEASHELLS;10002.0;1
-1;246300;Charlie;Paris;PEARLS;SEASHELLS;9996.0;1
-1;246300;Caesar;Paris;PEARLS;SEASHELLS;9996.0;1
-1;246300;Paris;Paris;BANANAS;SEASHELLS;4950.0;1
-1;246400;Peter;Charlie;PINA_COLADAS;SEASHELLS;14887.0;3
-1;246800;Charlie;Peter;COCONUTS;SEASHELLS;7963.0;6
-1;246900;Pablo;Caesar;COCONUTS;SEASHELLS;7966.0;11
-1;247200;Camilla;Paris;BANANAS;SEASHELLS;4944.0;1
-1;247400;Camilla;Paris;BANANAS;SEASHELLS;4945.0;1
-1;247700;Paris;Charlie;BANANAS;SEASHELLS;4950.0;1
-1;247800;Charlie;Paris;BANANAS;SEASHELLS;4945.0;1
-1;247800;Paris;Pablo;PEARLS;SEASHELLS;9998.0;1
-1;248000;Paris;Charlie;PEARLS;SEASHELLS;10005.0;2
-1;248000;Paris;Charlie;BANANAS;SEASHELLS;4951.0;2
-1;248100;Gina;Charlie;BANANAS;SEASHELLS;4949.0;12
-1;249200;Charlie;Penelope;PEARLS;SEASHELLS;9996.0;3
-1;249200;Caesar;Penelope;PEARLS;SEASHELLS;9996.0;1
-1;249400;Charlie;Paris;PEARLS;SEASHELLS;9998.0;1
-1;249400;Caesar;Peter;COCONUTS;SEASHELLS;7960.0;5
-1;249600;Charlie;Caesar;BANANAS;SEASHELLS;4948.0;5
-1;249600;Pablo;Charlie;PEARLS;SEASHELLS;10002.0;4
-1;249700;Camilla;Penelope;BANANAS;SEASHELLS;4947.0;3
-1;250000;Caesar;Paris;BANANAS;SEASHELLS;4947.0;1
-1;250000;Caesar;Paris;PEARLS;SEASHELLS;9996.0;1
-1;250400;Gina;Caesar;BANANAS;SEASHELLS;4953.0;4
-1;250500;Paris;Paris;PEARLS;SEASHELLS;9998.0;1
-1;250500;Paris;Charlie;BANANAS;SEASHELLS;4955.0;1
-1;250800;Charlie;Pablo;PINA_COLADAS;SEASHELLS;14884.0;5
-1;251200;Paris;Paris;PEARLS;SEASHELLS;10002.0;1
-1;251200;Charlie;Paris;BANANAS;SEASHELLS;4948.0;2
-1;251200;Caesar;Pablo;PINA_COLADAS;SEASHELLS;14891.0;6
-1;251300;Paris;Charlie;BANANAS;SEASHELLS;4953.0;1
-1;251600;Paris;Charlie;BANANAS;SEASHELLS;4953.0;1
-1;252000;Charlie;Pablo;PEARLS;SEASHELLS;9998.0;2
-1;252000;Camilla;Pablo;PEARLS;SEASHELLS;9998.0;2
-1;252300;Paris;Charlie;PEARLS;SEASHELLS;10005.0;1
-1;252300;Paris;Charlie;BANANAS;SEASHELLS;4954.0;1
-1;252400;Paris;Charlie;PEARLS;SEASHELLS;10002.0;1
-1;253000;Penelope;Charlie;BANANAS;SEASHELLS;4954.0;5
-1;253100;Caesar;Paris;PEARLS;SEASHELLS;9996.0;1
-1;253100;Peter;Caesar;COCONUTS;SEASHELLS;7966.0;6
-1;253100;Pablo;Camilla;BANANAS;SEASHELLS;4952.0;4
-1;253100;Caesar;Paris;BANANAS;SEASHELLS;4948.0;1
-1;253500;Charlie;Paris;BANANAS;SEASHELLS;4947.0;1
-1;253600;Charlie;Gary;BANANAS;SEASHELLS;4947.0;17
-1;253900;Caesar;Caesar;PINA_COLADAS;SEASHELLS;14889.0;27
-1;253900;Penelope;Camilla;BANANAS;SEASHELLS;4952.0;5
-1;254200;Penelope;Charlie;BANANAS;SEASHELLS;4954.0;4
-1;254400;Paris;Camilla;BANANAS;SEASHELLS;4952.0;1
-1;255000;Charlie;Paris;PEARLS;SEASHELLS;9998.0;1
-1;255400;Paris;Caesar;BANANAS;SEASHELLS;4953.0;1
-1;255400;Caesar;Caesar;COCONUTS;SEASHELLS;7966.0;50
-1;255400;Paris;Caesar;PEARLS;SEASHELLS;10004.0;1
-1;255700;Paris;Charlie;BANANAS;SEASHELLS;4953.0;1
-1;256100;Gina;Camilla;PEARLS;SEASHELLS;10002.0;1
-1;256200;Paris;Charlie;PEARLS;SEASHELLS;10002.0;1
-1;256300;Charlie;Paris;PEARLS;SEASHELLS;9995.0;1
-1;256300;Charlie;Paris;BANANAS;SEASHELLS;4947.0;1
-1;256400;Paris;Pablo;BANANAS;SEASHELLS;4948.0;1
-1;256400;Charlie;Pablo;BANANAS;SEASHELLS;4948.0;2
-1;256700;Charlie;Paris;PEARLS;SEASHELLS;9998.0;1
-1;257500;Charlie;Paris;PEARLS;SEASHELLS;9998.0;1
-1;257500;Caesar;Caesar;PINA_COLADAS;SEASHELLS;14892.0;23
-1;257500;Caesar;Paris;BANANAS;SEASHELLS;4948.0;1
-1;257800;Paris;Charlie;BANANAS;SEASHELLS;4952.0;1
-1;257900;Pablo;Penelope;PEARLS;SEASHELLS;10002.0;3
-1;258200;Charlie;Paris;PEARLS;SEASHELLS;9995.0;1
-1;258200;Charlie;Paris;BANANAS;SEASHELLS;4947.0;1
-1;258500;Charlie;Paris;BANANAS;SEASHELLS;4947.0;1
-1;258500;Caesar;Paris;PEARLS;SEASHELLS;9996.0;1
-1;258700;Charlie;Gina;BANANAS;SEASHELLS;4947.0;11
-1;258700;Caesar;Gina;BANANAS;SEASHELLS;4947.0;2
-1;258900;Paris;Penelope;PEARLS;SEASHELLS;10002.0;1
-1;259000;Caesar;Penelope;PEARLS;SEASHELLS;9996.0;2
-1;259100;Charlie;Penelope;PEARLS;SEASHELLS;9995.0;5
-1;259600;Paris;Charlie;BANANAS;SEASHELLS;4953.0;2
-1;259600;Caesar;Paris;BANANAS;SEASHELLS;4947.0;1
-1;259600;Paris;Caesar;PEARLS;SEASHELLS;10004.0;1
-1;259700;Pablo;Penelope;BANANAS;SEASHELLS;4951.0;2
-1;259700;Paris;Camilla;BANANAS;SEASHELLS;4952.0;1
-1;259700;Paris;Paris;PEARLS;SEASHELLS;9998.0;1
-1;259800;Penelope;Charlie;PEARLS;SEASHELLS;10004.0;7
-1;259800;Penelope;Caesar;PEARLS;SEASHELLS;10004.0;1
-1;259900;Gary;Charlie;PEARLS;SEASHELLS;10004.0;10
-1;259900;Gary;Caesar;PEARLS;SEASHELLS;10004.0;2
-1;260000;Caesar;Pablo;COCONUTS;SEASHELLS;7972.0;12
-1;260000;Caesar;Paris;BANANAS;SEASHELLS;4948.0;1
-1;260700;Charlie;Pablo;COCONUTS;SEASHELLS;7975.0;30
-1;260700;Paris;Pablo;PEARLS;SEASHELLS;9998.0;1
-1;261000;Paris;Charlie;PEARLS;SEASHELLS;10002.0;1
-1;261100;Caesar;Paris;PEARLS;SEASHELLS;9996.0;1
-1;261100;Charlie;Paris;BANANAS;SEASHELLS;4947.0;1
-1;261500;Paris;Caesar;PEARLS;SEASHELLS;10004.0;1
-1;261500;Paris;Charlie;BANANAS;SEASHELLS;4953.0;1
-1;261600;Paris;Charlie;BANANAS;SEASHELLS;4951.0;1
-1;261700;Gary;Caesar;PEARLS;SEASHELLS;10004.0;1
-1;261700;Charlie;Pablo;PINA_COLADAS;SEASHELLS;14913.0;7
-1;262400;Gary;Charlie;BANANAS;SEASHELLS;4953.0;19
-1;262600;Paris;Charlie;BANANAS;SEASHELLS;4951.0;1
-1;262600;Paris;Caesar;BANANAS;SEASHELLS;4951.0;1
-1;262600;Paris;Caesar;PEARLS;SEASHELLS;10004.0;1
-1;262600;Paris;Charlie;PEARLS;SEASHELLS;10004.0;1
-1;262900;Penelope;Charlie;BANANAS;SEASHELLS;4952.0;9
-1;263200;Gina;Charlie;BANANAS;SEASHELLS;4949.0;7
-1;263900;Paris;Charlie;BANANAS;SEASHELLS;4949.0;1
-1;263900;Paris;Charlie;PEARLS;SEASHELLS;10002.0;1
-1;264000;Pablo;Charlie;PEARLS;SEASHELLS;10002.0;1
-1;264200;Gina;Charlie;BANANAS;SEASHELLS;4949.0;11
-1;264300;Charlie;Paris;BANANAS;SEASHELLS;4945.0;1
-1;264800;Paris;Charlie;BANANAS;SEASHELLS;4950.0;1
-1;264800;Paris;Charlie;PEARLS;SEASHELLS;10002.0;1
-1;264900;Peter;Charlie;COCONUTS;SEASHELLS;7976.0;6
-1;265100;Caesar;Paris;BANANAS;SEASHELLS;4945.0;1
-1;265200;Caesar;Penelope;BANANAS;SEASHELLS;4945.0;2
-1;265200;Paris;Charlie;PEARLS;SEASHELLS;10002.0;1
-1;265300;Gary;Charlie;BANANAS;SEASHELLS;4951.0;12
-1;265300;Charlie;Paris;PEARLS;SEASHELLS;9998.0;1
-1;265900;Pablo;Charlie;BANANAS;SEASHELLS;4948.0;4
-1;266000;Paris;Charlie;BANANAS;SEASHELLS;4949.0;1
-1;266100;Penelope;Charlie;BANANAS;SEASHELLS;4950.0;8
-1;266200;Penelope;Charlie;BANANAS;SEASHELLS;4950.0;10
-1;266300;Charlie;Paris;PEARLS;SEASHELLS;9995.0;2
-1;266300;Charlie;Paris;BANANAS;SEASHELLS;4943.0;2
-1;266700;Charlie;Gina;BANANAS;SEASHELLS;4945.0;12
-1;267100;Charlie;Paris;BANANAS;SEASHELLS;4943.0;1
-1;267200;Charlie;Paris;BANANAS;SEASHELLS;4943.0;1
-1;267300;Camilla;Paris;PEARLS;SEASHELLS;9998.0;2
-1;267300;Camilla;Paris;BANANAS;SEASHELLS;4943.0;2
-1;267500;Caesar;Paris;PEARLS;SEASHELLS;9996.0;1
-1;267500;Charlie;Paris;BANANAS;SEASHELLS;4943.0;2
-1;268500;Charlie;Pablo;PEARLS;SEASHELLS;9998.0;2
-1;268700;Gina;Charlie;PEARLS;SEASHELLS;10002.0;6
-1;269200;Pablo;Caesar;COCONUTS;SEASHELLS;7984.0;30
-1;269300;Paris;Caesar;PEARLS;SEASHELLS;10004.0;1
-1;269300;Paris;Charlie;BANANAS;SEASHELLS;4953.0;1
-1;269800;Caesar;Caesar;COCONUTS;SEASHELLS;7982.0;50
-1;269800;Caesar;Caesar;COCONUTS;SEASHELLS;7982.0;26
-1;269800;Charlie;Paris;BANANAS;SEASHELLS;4948.0;1
-1;270000;Paris;Charlie;BANANAS;SEASHELLS;4952.0;1
-1;270200;Paris;Charlie;BANANAS;SEASHELLS;4953.0;1
-1;270500;Charlie;Penelope;BANANAS;SEASHELLS;4947.0;10
-1;270900;Camilla;Paris;PEARLS;SEASHELLS;9998.0;1
-1;271100;Camilla;Gary;PEARLS;SEASHELLS;9998.0;1
-1;271100;Camilla;Paris;PEARLS;SEASHELLS;9998.0;1
-1;271200;Caesar;Caesar;PINA_COLADAS;SEASHELLS;14924.0;33
-1;271400;Pablo;Charlie;PEARLS;SEASHELLS;10002.0;5
-1;271500;Paris;Charlie;BANANAS;SEASHELLS;4953.0;1
-1;271900;Paris;Charlie;BANANAS;SEASHELLS;4953.0;1
-1;272000;Paris;Charlie;BANANAS;SEASHELLS;4954.0;2
-1;272000;Paris;Caesar;PEARLS;SEASHELLS;10004.0;1
-1;272500;Charlie;Penelope;BANANAS;SEASHELLS;4948.0;11
-1;272900;Paris;Charlie;BANANAS;SEASHELLS;4954.0;1
-1;273100;Caesar;Pablo;PINA_COLADAS;SEASHELLS;14929.0;13
-1;273100;Caesar;Paris;PEARLS;SEASHELLS;9996.0;1
-1;273100;Charlie;Paris;BANANAS;SEASHELLS;4949.0;1
-1;273200;Pablo;Charlie;BANANAS;SEASHELLS;4953.0;5
-1;273600;Charlie;Paris;BANANAS;SEASHELLS;4948.0;1
-1;273600;Charlie;Paris;PEARLS;SEASHELLS;9995.0;1
-1;273900;Pablo;Camilla;PEARLS;SEASHELLS;10002.0;2
-1;273900;Caesar;Caesar;PINA_COLADAS;SEASHELLS;14935.0;35
-1;273900;Paris;Penelope;PEARLS;SEASHELLS;10002.0;1
-1;273900;Pablo;Penelope;PEARLS;SEASHELLS;10002.0;1
-1;274200;Gary;Camilla;BANANAS;SEASHELLS;4952.0;4
-1;274300;Caesar;Paris;PEARLS;SEASHELLS;9998.0;1
-1;274400;Camilla;Paris;PEARLS;SEASHELLS;9998.0;1
-1;274500;Charlie;Pablo;PINA_COLADAS;SEASHELLS;14937.0;8
-1;274500;Caesar;Penelope;PEARLS;SEASHELLS;9996.0;2
-1;274700;Charlie;Peter;COCONUTS;SEASHELLS;7986.0;10
-1;274900;Peter;Charlie;COCONUTS;SEASHELLS;7988.0;5
-1;274900;Pablo;Caesar;PINA_COLADAS;SEASHELLS;14936.0;14
-1;275000;Camilla;Paris;BANANAS;SEASHELLS;4948.0;1
-1;275100;Paris;Camilla;PEARLS;SEASHELLS;10002.0;1
-1;275100;Paris;Camilla;BANANAS;SEASHELLS;4952.0;1
-1;275400;Pablo;Charlie;PEARLS;SEASHELLS;10002.0;5
-1;275500;Camilla;Paris;BANANAS;SEASHELLS;4949.0;2
-1;275500;Camilla;Paris;PEARLS;SEASHELLS;9998.0;2
-1;275800;Gary;Charlie;BANANAS;SEASHELLS;4955.0;16
-1;276300;Paris;Camilla;PEARLS;SEASHELLS;10002.0;1
-1;276300;Caesar;Gina;BANANAS;SEASHELLS;4949.0;1
-1;276500;Paris;Charlie;PEARLS;SEASHELLS;10002.0;1
-1;276700;Charlie;Paris;BANANAS;SEASHELLS;4949.0;2
-1;276700;Charlie;Paris;PEARLS;SEASHELLS;9995.0;2
-1;276800;Pablo;Charlie;BANANAS;SEASHELLS;4953.0;3
-1;277200;Paris;Paris;PEARLS;SEASHELLS;9998.0;1
-1;277200;Paris;Charlie;BANANAS;SEASHELLS;4955.0;2
-1;277300;Paris;Camilla;PEARLS;SEASHELLS;10002.0;1
-1;277300;Charlie;Paris;BANANAS;SEASHELLS;4948.0;1
-1;277500;Charlie;Penelope;BANANAS;SEASHELLS;4948.0;11
-1;278300;Camilla;Paris;PEARLS;SEASHELLS;9998.0;2
-1;278300;Camilla;Paris;BANANAS;SEASHELLS;4951.0;2
-1;278400;Charlie;Penelope;BANANAS;SEASHELLS;4950.0;4
-1;279100;Caesar;Paris;BANANAS;SEASHELLS;4951.0;1
-1;279600;Charlie;Olivia;BANANAS;SEASHELLS;4953.0;17
-1;279600;Charlie;Pablo;PEARLS;SEASHELLS;9998.0;2
-1;279700;Charlie;Pablo;PEARLS;SEASHELLS;9998.0;2
-1;280000;Gary;Charlie;BANANAS;SEASHELLS;4958.0;15
-1;280100;Charlie;Paris;BANANAS;SEASHELLS;4952.0;2
-1;280100;Charlie;Paris;PEARLS;SEASHELLS;9995.0;2
-1;280400;Charlie;Gary;BANANAS;SEASHELLS;4951.0;14
-1;280500;Paris;Camilla;BANANAS;SEASHELLS;4956.0;1
-1;280500;Paris;Paris;PEARLS;SEASHELLS;9998.0;1
-1;280600;Caesar;Caesar;PINA_COLADAS;SEASHELLS;14946.0;28
-1;280700;Charlie;Paris;PEARLS;SEASHELLS;9998.0;1
-1;281500;Gina;Penelope;PEARLS;SEASHELLS;10002.0;7
-1;281500;Paris;Penelope;PEARLS;SEASHELLS;10002.0;1
-1;281700;Charlie;Pablo;BANANAS;SEASHELLS;4952.0;3
-1;281900;Paris;Charlie;BANANAS;SEASHELLS;4957.0;1
-1;281900;Paris;Charlie;PEARLS;SEASHELLS;10005.0;1
-1;282300;Paris;Charlie;BANANAS;SEASHELLS;4955.0;1
-1;282300;Paris;Charlie;PEARLS;SEASHELLS;10002.0;1
-1;282700;Charlie;Paris;PEARLS;SEASHELLS;9995.0;1
-1;282700;Charlie;Paris;BANANAS;SEASHELLS;4951.0;1
-1;283200;Peter;Charlie;COCONUTS;SEASHELLS;7994.0;9
-1;283300;Caesar;Caesar;COCONUTS;SEASHELLS;7992.0;58
-1;283400;Charlie;Paris;BANANAS;SEASHELLS;4949.0;1
-1;283800;Gary;Paris;BANANAS;SEASHELLS;4949.0;1
-1;284000;Caesar;Paris;BANANAS;SEASHELLS;4949.0;1
-1;284300;Paris;Charlie;BANANAS;SEASHELLS;4953.0;1
-1;284300;Charlie;Paris;PEARLS;SEASHELLS;9998.0;1
-1;284300;Peter;Caesar;PINA_COLADAS;SEASHELLS;14947.0;2
-1;284600;Caesar;Caesar;COCONUTS;SEASHELLS;7995.0;59
-1;284600;Paris;Charlie;BANANAS;SEASHELLS;4954.0;1
-1;284600;Caesar;Caesar;COCONUTS;SEASHELLS;7995.0;1
-1;284700;Caesar;Caesar;COCONUTS;SEASHELLS;7995.0;63
-1;284700;Caesar;Caesar;COCONUTS;SEASHELLS;7995.0;12
-1;284700;Charlie;Caesar;BANANAS;SEASHELLS;4950.0;4
-1;284800;Charlie;Paris;BANANAS;SEASHELLS;4948.0;1
-1;285000;Paris;Charlie;BANANAS;SEASHELLS;4952.0;1
-1;285500;Charlie;Paris;BANANAS;SEASHELLS;4945.0;1
-1;285800;Camilla;Pablo;PEARLS;SEASHELLS;9998.0;3
-1;285800;Penelope;Caesar;PEARLS;SEASHELLS;10004.0;2
-1;286200;Charlie;Paris;PEARLS;SEASHELLS;9998.0;1
-1;286300;Charlie;Peter;COCONUTS;SEASHELLS;7998.0;5
-1;286300;Pablo;Charlie;PEARLS;SEASHELLS;10002.0;1
-1;286400;Pablo;Camilla;PEARLS;SEASHELLS;10002.0;2
-1;286500;Charlie;Paris;BANANAS;SEASHELLS;4947.0;1
-1;286800;Penelope;Caesar;BANANAS;SEASHELLS;4953.0;2
-1;286900;Caesar;Paris;BANANAS;SEASHELLS;4947.0;1
-1;287300;Charlie;Pablo;COCONUTS;SEASHELLS;8002.0;18
-1;287500;Charlie;Caesar;BANANAS;SEASHELLS;4948.0;6
-1;287700;Charlie;Paris;PEARLS;SEASHELLS;9998.0;1
-1;287700;Charlie;Pablo;BANANAS;SEASHELLS;4947.0;2
-1;287900;Charlie;Paris;PEARLS;SEASHELLS;9998.0;1
-1;288100;Paris;Charlie;PEARLS;SEASHELLS;10002.0;1
-1;288100;Paris;Charlie;BANANAS;SEASHELLS;4951.0;1
-1;288900;Paris;Charlie;BANANAS;SEASHELLS;4952.0;1
-1;289400;Charlie;Paris;BANANAS;SEASHELLS;4946.0;1
-1;289400;Charlie;Paris;PEARLS;SEASHELLS;9995.0;1
-1;289700;Charlie;Gina;BANANAS;SEASHELLS;4946.0;13
-1;289700;Charlie;Pablo;PEARLS;SEASHELLS;9998.0;1
-1;289800;Caesar;Paris;PEARLS;SEASHELLS;10000.0;2
-1;289800;Caesar;Paris;BANANAS;SEASHELLS;4946.0;2
-1;289800;Caesar;Pablo;PEARLS;SEASHELLS;9998.0;1
-1;289900;Charlie;Paris;PEARLS;SEASHELLS;9998.0;1
-1;290500;Charlie;Pablo;PEARLS;SEASHELLS;9998.0;2
-1;290700;Paris;Gary;PEARLS;SEASHELLS;10002.0;1
-1;290800;Paris;Charlie;PEARLS;SEASHELLS;10002.0;1
-1;290800;Gary;Charlie;PEARLS;SEASHELLS;10004.0;10
-1;290800;Gary;Caesar;PEARLS;SEASHELLS;10004.0;2
-1;291000;Charlie;Paris;PEARLS;SEASHELLS;9998.0;1
-1;291000;Caesar;Caesar;COCONUTS;SEASHELLS;8011.0;14
-1;291000;Caesar;Caesar;COCONUTS;SEASHELLS;8011.0;40
-1;291100;Pablo;Charlie;PEARLS;SEASHELLS;10002.0;2
-1;291100;Pablo;Charlie;BANANAS;SEASHELLS;4950.0;5
-1;291100;Paris;Charlie;BANANAS;SEASHELLS;4951.0;1
-1;291800;Peter;Charlie;COCONUTS;SEASHELLS;8017.0;6
-1;292000;Caesar;Peter;COCONUTS;SEASHELLS;8013.0;7
-1;292300;Paris;Charlie;BANANAS;SEASHELLS;4951.0;1
-1;292800;Charlie;Pablo;PEARLS;SEASHELLS;9998.0;5
-1;293600;Charlie;Paris;BANANAS;SEASHELLS;4947.0;2
-1;293600;Charlie;Paris;PEARLS;SEASHELLS;9996.0;1
-1;293600;Caesar;Paris;PEARLS;SEASHELLS;9996.0;1
-1;294100;Paris;Charlie;PEARLS;SEASHELLS;10002.0;1
-1;294400;Paris;Paris;BANANAS;SEASHELLS;4945.0;1
-1;294400;Paris;Charlie;PEARLS;SEASHELLS;10002.0;1
-1;294400;Paris;Caesar;PEARLS;SEASHELLS;10004.0;1
-1;294600;Charlie;Gary;PEARLS;SEASHELLS;9995.0;8
-1;294600;Pablo;Charlie;BANANAS;SEASHELLS;4948.0;5
-1;294700;Charlie;Paris;BANANAS;SEASHELLS;4944.0;1
-1;295300;Paris;Charlie;BANANAS;SEASHELLS;4949.0;1
-1;295300;Paris;Caesar;PEARLS;SEASHELLS;10004.0;1
-1;295600;Paris;Charlie;BANANAS;SEASHELLS;4948.0;1
-1;295800;Pablo;Caesar;COCONUTS;SEASHELLS;8021.0;19
-1;295800;Caesar;Paris;PEARLS;SEASHELLS;9996.0;2
-1;295800;Charlie;Paris;BANANAS;SEASHELLS;4943.0;2
-1;296000;Charlie;Paris;PEARLS;SEASHELLS;9998.0;1
-1;296100;Paris;Charlie;BANANAS;SEASHELLS;4949.0;1
-1;296100;Charlie;Paris;PEARLS;SEASHELLS;9998.0;1
-1;296200;Caesar;Caesar;PINA_COLADAS;SEASHELLS;15007.0;20
-1;296200;Gary;Caesar;BANANAS;SEASHELLS;4950.0;2
-1;296300;Paris;Charlie;BANANAS;SEASHELLS;4951.0;1
-1;296300;Paris;Charlie;PEARLS;SEASHELLS;10005.0;1
-1;296500;Penelope;Caesar;PEARLS;SEASHELLS;10004.0;2
-1;296700;Penelope;Camilla;PEARLS;SEASHELLS;10002.0;5
-1;296700;Charlie;Penelope;BANANAS;SEASHELLS;4944.0;5
-1;297200;Paris;Charlie;BANANAS;SEASHELLS;4951.0;2
-1;297200;Paris;Caesar;PEARLS;SEASHELLS;10004.0;1
-1;297200;Pablo;Paris;BANANAS;SEASHELLS;4949.0;1
-1;297200;Paris;Charlie;PEARLS;SEASHELLS;10004.0;1
-1;297800;Charlie;Paris;BANANAS;SEASHELLS;4945.0;1
-1;297900;Charlie;Peter;PINA_COLADAS;SEASHELLS;15012.0;4
-1;298400;Peter;Charlie;PINA_COLADAS;SEASHELLS;15017.0;4
-1;298800;Camilla;Pablo;PEARLS;SEASHELLS;9998.0;1
-1;299000;Gina;Paris;BANANAS;SEASHELLS;4946.0;1
-1;299000;Gina;Charlie;BANANAS;SEASHELLS;4950.0;9
-1;299000;Peter;Charlie;PINA_COLADAS;SEASHELLS;15018.0;3
-1;299100;Paris;Paris;PEARLS;SEASHELLS;9998.0;1
-1;299100;Paris;Charlie;BANANAS;SEASHELLS;4952.0;2
-1;299400;Paris;Charlie;BANANAS;SEASHELLS;4950.0;1
-1;299500;Caesar;Paris;PEARLS;SEASHELLS;9996.0;1
-1;299500;Charlie;Paris;BANANAS;SEASHELLS;4945.0;1
-1;299600;Penelope;Caesar;PEARLS;SEASHELLS;10004.0;1
-1;299800;Charlie;Paris;BANANAS;SEASHELLS;4946.0;1
-1;300900;Camilla;Paris;BANANAS;SEASHELLS;4946.0;1
-1;301000;Caesar;Gary;PEARLS;SEASHELLS;9996.0;2
-1;301000;Charlie;Paris;PEARLS;SEASHELLS;9995.0;2
-1;301000;Caesar;Paris;BANANAS;SEASHELLS;4946.0;2
-1;301100;Paris;Camilla;BANANAS;SEASHELLS;4951.0;1
-1;301100;Caesar;Caesar;COCONUTS;SEASHELLS;8023.0;49
-1;301100;Caesar;Caesar;COCONUTS;SEASHELLS;8023.0;2
-1;301500;Camilla;Penelope;PEARLS;SEASHELLS;9998.0;3
-1;301500;Charlie;Penelope;PEARLS;SEASHELLS;9998.0;5
-1;301500;Camilla;Paris;BANANAS;SEASHELLS;4946.0;1
-1;301500;Peter;Charlie;COCONUTS;SEASHELLS;8026.0;6
-1;301600;Charlie;Paris;BANANAS;SEASHELLS;4945.0;1
-1;301600;Paris;Charlie;PEARLS;SEASHELLS;10002.0;1
-1;302000;Charlie;Paris;BANANAS;SEASHELLS;4945.0;1
-1;302000;Caesar;Paris;PEARLS;SEASHELLS;9996.0;1
-1;302700;Charlie;Pablo;COCONUTS;SEASHELLS;8027.0;20
-1;302800;Gina;Camilla;PEARLS;SEASHELLS;10002.0;6
-1;302800;Paris;Camilla;BANANAS;SEASHELLS;4948.0;1
-1;303300;Charlie;Paris;BANANAS;SEASHELLS;4943.0;1
-1;303400;Pablo;Camilla;PEARLS;SEASHELLS;10002.0;5
-1;303500;Pablo;Camilla;PEARLS;SEASHELLS;10002.0;2
-1;304000;Charlie;Paris;PEARLS;SEASHELLS;9998.0;1
-1;304300;Paris;Camilla;BANANAS;SEASHELLS;4949.0;1
-1;304600;Camilla;Paris;PEARLS;SEASHELLS;9998.0;1
-1;304600;Pablo;Caesar;COCONUTS;SEASHELLS;8026.0;18
-1;304600;Paris;Charlie;BANANAS;SEASHELLS;4947.0;1
-1;305300;Pablo;Caesar;PINA_COLADAS;SEASHELLS;15043.0;5
-1;305600;Gary;Charlie;BANANAS;SEASHELLS;4948.0;15
-1;305700;Paris;Camilla;PEARLS;SEASHELLS;10002.0;1
-1;305800;Charlie;Paris;BANANAS;SEASHELLS;4941.0;2
-1;305800;Charlie;Paris;PEARLS;SEASHELLS;9995.0;2
-1;305800;Charlie;Penelope;BANANAS;SEASHELLS;4941.0;8
-1;306200;Charlie;Paris;BANANAS;SEASHELLS;4943.0;1
-1;306400;Paris;Caesar;PEARLS;SEASHELLS;10004.0;1
-1;306400;Paris;Charlie;PEARLS;SEASHELLS;10004.0;1
-1;306400;Paris;Charlie;BANANAS;SEASHELLS;4949.0;2
-1;306700;Pablo;Camilla;BANANAS;SEASHELLS;4947.0;1
-1;306700;Paris;Camilla;BANANAS;SEASHELLS;4948.0;1
-1;307000;Charlie;Pablo;BANANAS;SEASHELLS;4943.0;1
-1;307000;Paris;Caesar;PEARLS;SEASHELLS;10004.0;1
-1;307000;Paris;Pablo;BANANAS;SEASHELLS;4943.0;1
-1;307200;Peter;Caesar;PINA_COLADAS;SEASHELLS;15033.0;3
-1;307600;Pablo;Camilla;PEARLS;SEASHELLS;10002.0;3
-1;307700;Penelope;Camilla;PEARLS;SEASHELLS;10002.0;4
-1;307700;Charlie;Paris;BANANAS;SEASHELLS;4942.0;1
-1;308000;Charlie;Penelope;PEARLS;SEASHELLS;9995.0;3
-1;308800;Gary;Charlie;BANANAS;SEASHELLS;4948.0;18
-1;308800;Camilla;Penelope;BANANAS;SEASHELLS;4942.0;2
-1;308900;Paris;Charlie;BANANAS;SEASHELLS;4947.0;1
-1;309000;Caesar;Paris;BANANAS;SEASHELLS;4942.0;1
-1;309200;Gary;Charlie;BANANAS;SEASHELLS;4948.0;13
-1;309300;Pablo;Charlie;BANANAS;SEASHELLS;4946.0;1
-1;309300;Camilla;Paris;PEARLS;SEASHELLS;9998.0;1
-1;309300;Peter;Caesar;COCONUTS;SEASHELLS;8025.0;9
-1;309400;Charlie;Paris;PEARLS;SEASHELLS;9998.0;1
-1;309600;Caesar;Paris;PEARLS;SEASHELLS;9996.0;1
-1;309600;Charlie;Paris;BANANAS;SEASHELLS;4942.0;1
-1;309600;Charlie;Paris;PEARLS;SEASHELLS;9996.0;1
-1;309600;Caesar;Paris;BANANAS;SEASHELLS;4942.0;1
-1;309700;Gary;Caesar;PEARLS;SEASHELLS;10004.0;1
-1;309700;Gary;Charlie;PEARLS;SEASHELLS;10004.0;9
-1;309800;Charlie;Penelope;BANANAS;SEASHELLS;4941.0;12
-1;311000;Caesar;Pablo;BANANAS;SEASHELLS;4943.0;2
-1;311400;Gary;Charlie;BANANAS;SEASHELLS;4948.0;19
-1;311400;Camilla;Paris;PEARLS;SEASHELLS;9998.0;1
-1;311400;Paris;Pablo;BANANAS;SEASHELLS;4943.0;1
-1;311400;Caesar;Pablo;BANANAS;SEASHELLS;4943.0;3
-1;311500;Paris;Charlie;BANANAS;SEASHELLS;4946.0;1
-1;311600;Paris;Charlie;BANANAS;SEASHELLS;4946.0;1
-1;311700;Charlie;Paris;BANANAS;SEASHELLS;4942.0;1
-1;312000;Penelope;Charlie;BANANAS;SEASHELLS;4950.0;7
-1;312200;Charlie;Pablo;BANANAS;SEASHELLS;4944.0;3
-1;312500;Charlie;Paris;PEARLS;SEASHELLS;9998.0;1
-1;312700;Paris;Camilla;BANANAS;SEASHELLS;4947.0;1
-1;312800;Charlie;Paris;BANANAS;SEASHELLS;4942.0;1
-1;312900;Charlie;Paris;PEARLS;SEASHELLS;9996.0;1
-1;312900;Caesar;Paris;BANANAS;SEASHELLS;4943.0;1
-1;312900;Charlie;Paris;BANANAS;SEASHELLS;4943.0;1
-1;312900;Caesar;Paris;PEARLS;SEASHELLS;9996.0;1
-1;313000;Paris;Charlie;BANANAS;SEASHELLS;4948.0;1
-1;313100;Camilla;Paris;PEARLS;SEASHELLS;9998.0;1
-1;313400;Caesar;Penelope;PEARLS;SEASHELLS;9996.0;2
-1;313700;Paris;Charlie;BANANAS;SEASHELLS;4949.0;1
-1;313800;Caesar;Penelope;PEARLS;SEASHELLS;9996.0;1
-1;313800;Charlie;Penelope;PEARLS;SEASHELLS;9996.0;3
-1;314200;Charlie;Pablo;BANANAS;SEASHELLS;4945.0;3
-1;314500;Penelope;Camilla;PEARLS;SEASHELLS;10002.0;3
-1;314600;Caesar;Penelope;PEARLS;SEASHELLS;9996.0;2
-1;314600;Charlie;Penelope;PEARLS;SEASHELLS;9996.0;5
-1;314700;Paris;Charlie;BANANAS;SEASHELLS;4949.0;1
-1;314800;Paris;Charlie;BANANAS;SEASHELLS;4949.0;1
-1;314800;Paris;Charlie;PEARLS;SEASHELLS;10002.0;1
-1;315000;Charlie;Paris;BANANAS;SEASHELLS;4944.0;2
-1;315000;Caesar;Paris;PEARLS;SEASHELLS;9996.0;2
-1;315100;Camilla;Paris;PEARLS;SEASHELLS;9998.0;1
-1;315100;Camilla;Paris;BANANAS;SEASHELLS;4944.0;1
-1;315500;Charlie;Paris;BANANAS;SEASHELLS;4944.0;1
-1;315600;Charlie;Paris;PEARLS;SEASHELLS;9998.0;1
-1;316300;Paris;Paris;PEARLS;SEASHELLS;10002.0;1
-1;316300;Charlie;Paris;BANANAS;SEASHELLS;4942.0;2
-1;316500;Camilla;Pablo;PEARLS;SEASHELLS;9998.0;1
-1;316900;Paris;Caesar;PEARLS;SEASHELLS;10004.0;1
-1;316900;Paris;Caesar;BANANAS;SEASHELLS;4948.0;1
-1;317000;Paris;Charlie;BANANAS;SEASHELLS;4948.0;1
-1;317200;Paris;Charlie;BANANAS;SEASHELLS;4946.0;1
-1;317500;Charlie;Pablo;BANANAS;SEASHELLS;4943.0;3
-1;317600;Charlie;Paris;BANANAS;SEASHELLS;4941.0;1
-1;317600;Charlie;Pablo;BANANAS;SEASHELLS;4942.0;4
-1;317700;Paris;Charlie;PEARLS;SEASHELLS;10002.0;1
-1;317700;Penelope;Caesar;PEARLS;SEASHELLS;10004.0;1
-1;317700;Penelope;Charlie;PEARLS;SEASHELLS;10004.0;5
-1;318000;Caesar;Gary;PEARLS;SEASHELLS;9996.0;1
-1;318000;Charlie;Gary;PEARLS;SEASHELLS;9996.0;8
-1;318200;Paris;Charlie;BANANAS;SEASHELLS;4946.0;1
-1;318300;Charlie;Paris;BANANAS;SEASHELLS;4942.0;1
-1;318500;Charlie;Paris;PEARLS;SEASHELLS;9995.0;2
-1;318500;Charlie;Paris;BANANAS;SEASHELLS;4940.0;2
-1;318600;Penelope;Charlie;PEARLS;SEASHELLS;10005.0;8
-1;318800;Caesar;Paris;PEARLS;SEASHELLS;9996.0;2
-1;318800;Charlie;Paris;BANANAS;SEASHELLS;4940.0;2
-1;319000;Paris;Charlie;BANANAS;SEASHELLS;4946.0;1
-1;319000;Paris;Caesar;PEARLS;SEASHELLS;10004.0;1
-1;319200;Camilla;Paris;PEARLS;SEASHELLS;9998.0;2
-1;319200;Camilla;Paris;BANANAS;SEASHELLS;4940.0;2
-1;320100;Charlie;Paris;BANANAS;SEASHELLS;4940.0;1
-1;320200;Camilla;Paris;PEARLS;SEASHELLS;9998.0;1
-1;320300;Charlie;Paris;PEARLS;SEASHELLS;9998.0;1
-1;321000;Paris;Penelope;BANANAS;SEASHELLS;4943.0;1
-1;321800;Paris;Charlie;PEARLS;SEASHELLS;10002.0;1
-1;322000;Penelope;Caesar;BANANAS;SEASHELLS;4942.0;1
-1;322000;Penelope;Charlie;BANANAS;SEASHELLS;4942.0;11
-1;322100;Charlie;Pablo;PEARLS;SEASHELLS;9998.0;1
-1;322900;Caesar;Caesar;COCONUTS;SEASHELLS;8025.0;13
-1;322900;Caesar;Caesar;COCONUTS;SEASHELLS;8025.0;53
-1;323100;Caesar;Paris;BANANAS;SEASHELLS;4938.0;1
-1;323100;Charlie;Peter;COCONUTS;SEASHELLS;8026.0;8
-1;323300;Paris;Charlie;BANANAS;SEASHELLS;4945.0;2
-1;323300;Paris;Charlie;PEARLS;SEASHELLS;10005.0;2
-1;323300;Camilla;Pablo;PEARLS;SEASHELLS;9998.0;1
-1;323400;Camilla;Penelope;BANANAS;SEASHELLS;4940.0;4
-1;323600;Paris;Charlie;BANANAS;SEASHELLS;4944.0;1
-1;324500;Pablo;Charlie;PEARLS;SEASHELLS;10002.0;2
-1;324600;Charlie;Paris;PEARLS;SEASHELLS;9998.0;1
-1;325000;Charlie;Paris;PEARLS;SEASHELLS;9998.0;1
-1;325000;Paris;Charlie;BANANAS;SEASHELLS;4944.0;1
-1;325100;Charlie;Paris;BANANAS;SEASHELLS;4939.0;1
-1;325200;Paris;Camilla;BANANAS;SEASHELLS;4944.0;1
-1;325500;Paris;Caesar;PEARLS;SEASHELLS;10004.0;1
-1;325500;Paris;Charlie;BANANAS;SEASHELLS;4945.0;1
-1;325700;Charlie;Paris;PEARLS;SEASHELLS;9998.0;1
-1;326200;Paris;Charlie;PEARLS;SEASHELLS;10002.0;1
-1;326200;Charlie;Penelope;BANANAS;SEASHELLS;4938.0;9
-1;326300;Peter;Charlie;COCONUTS;SEASHELLS;8024.0;6
-1;326400;Paris;Charlie;BANANAS;SEASHELLS;4945.0;2
-1;326400;Paris;Charlie;PEARLS;SEASHELLS;10005.0;2
-1;326600;Caesar;Penelope;PEARLS;SEASHELLS;9996.0;2
-1;326600;Charlie;Penelope;PEARLS;SEASHELLS;9996.0;6
-1;326700;Caesar;Paris;BANANAS;SEASHELLS;4939.0;2
-1;326700;Caesar;Paris;PEARLS;SEASHELLS;9996.0;2
-1;327100;Penelope;Camilla;PEARLS;SEASHELLS;10002.0;4
-1;327400;Pablo;Charlie;PEARLS;SEASHELLS;10002.0;5
-1;327500;Paris;Charlie;BANANAS;SEASHELLS;4944.0;1
-1;327600;Paris;Charlie;PEARLS;SEASHELLS;10002.0;1
-1;327800;Paris;Charlie;PEARLS;SEASHELLS;10002.0;1
-1;327800;Pablo;Charlie;BANANAS;SEASHELLS;4944.0;4
-1;328100;Gina;Charlie;BANANAS;SEASHELLS;4945.0;13
-1;328200;Camilla;Paris;PEARLS;SEASHELLS;9998.0;1
-1;328400;Paris;Camilla;PEARLS;SEASHELLS;10002.0;1
-1;328700;Charlie;Peter;COCONUTS;SEASHELLS;8032.0;8
-1;328700;Caesar;Paris;BANANAS;SEASHELLS;4940.0;1
-1;329100;Caesar;Gary;BANANAS;SEASHELLS;4939.0;2
-1;329200;Paris;Penelope;BANANAS;SEASHELLS;4944.0;1
-1;329400;Charlie;Pablo;BANANAS;SEASHELLS;4939.0;3
-1;329400;Pablo;Charlie;PEARLS;SEASHELLS;10002.0;2
-1;329500;Paris;Camilla;BANANAS;SEASHELLS;4942.0;1
