day;timestamp;buyer;seller;symbol;currency;price;quantity
3;0;Caesar;Paris;DIP;SEASHELLS;7020.0;6
3;0;Caesar;Caesar;COCONUTS;SEASHELLS;7912.0;57
3;100;Charlie;Paris;PEARLS;SEASHELLS;9998.0;1
3;200;Paris;Caesar;UKULELE;SEASHELLS;20697.0;2
3;200;Camilla;Penelope;BERRIES;SEASHELLS;3905.0;10
3;200;Paris;Camilla;BERRIES;SEASHELLS;3912.0;2
3;300;Paris;Caesar;DIP;SEASHELLS;7019.0;10
3;600;Paris;Caesar;BAGUETTE;SEASHELLS;12383.0;5
3;800;Paris;Charlie;BANANAS;SEASHELLS;4798.0;1
3;800;Charlie;Paris;PEARLS;SEASHELLS;9998.0;1
3;900;Paris;Caesar;DIP;SEASHELLS;7019.0;9
3;1000;Charlie;Penelope;PEARLS;SEASHELLS;9995.0;7
3;1100;Gina;Camilla;PEARLS;SEASHELLS;10002.0;6
3;1100;Paris;Caesar;DIP;SEASHELLS;7019.0;5
3;1100;Gina;Charlie;PEARLS;SEASHELLS;10002.0;4
3;1300;Caesar;Paris;PEARLS;SEASHELLS;9996.0;1
3;1300;Charlie;Paris;BANANAS;SEASHELLS;4793.0;2
3;1300;Caesar;Paris;BANANAS;SEASHELLS;4794.0;1
3;1500;Charlie;Paris;BANANAS;SEASHELLS;4793.0;1
3;1700;Camilla;Paris;DIVING_GEAR;SEASHELLS;100233.0;2
3;1700;Camilla;Camilla;DIVING_GEAR;SEASHELLS;100233.0;2
3;1700;Penelope;Camilla;BERRIES;SEASHELLS;3909.0;14
3;1800;Paris;Caesar;BAGUETTE;SEASHELLS;12394.0;7
3;2000;Camilla;Penelope;BERRIES;SEASHELLS;3902.0;14
3;2000;Paris;Caesar;DIP;SEASHELLS;7014.0;4
3;2100;Pablo;Charlie;BANANAS;SEASHELLS;4797.0;5
3;2100;Camilla;Penelope;PICNIC_BASKET;SEASHELLS;73991.0;9
3;2300;Caesar;Camilla;BAGUETTE;SEASHELLS;12399.0;10
3;2500;Paris;Caesar;UKULELE;SEASHELLS;20688.0;5
3;2500;Caesar;Paris;DIP;SEASHELLS;7008.0;9
3;2600;Caesar;Paris;PEARLS;SEASHELLS;9996.0;1
3;2600;Charlie;Paris;BANANAS;SEASHELLS;4792.0;1
3;2700;Paris;Camilla;DIP;SEASHELLS;7008.0;5
3;2900;Caesar;Camilla;BAGUETTE;SEASHELLS;12396.0;9
3;3000;Gina;Paris;BANANAS;SEASHELLS;4792.0;1
3;3100;Penelope;Camilla;BANANAS;SEASHELLS;4796.0;4
3;3300;Paris;Caesar;UKULELE;SEASHELLS;20687.0;4
3;3700;Camilla;Paris;BANANAS;SEASHELLS;4792.0;1
3;3700;Camilla;Pablo;PEARLS;SEASHELLS;9998.0;3
3;3800;Paris;Charlie;BANANAS;SEASHELLS;4799.0;2
3;3800;Paris;Charlie;PEARLS;SEASHELLS;10005.0;2
3;4100;Paris;Caesar;PEARLS;SEASHELLS;10002.0;1
3;4300;Charlie;Paris;BANANAS;SEASHELLS;4792.0;1
3;4300;Caesar;Paris;PEARLS;SEASHELLS;9996.0;1
3;4500;Charlie;Paris;BANANAS;SEASHELLS;4793.0;1
3;4900;Caesar;Camilla;BAGUETTE;SEASHELLS;12406.0;5
3;5000;Paris;Pablo;BANANAS;SEASHELLS;4791.0;1
3;5000;Penelope;Pablo;BANANAS;SEASHELLS;4791.0;1
3;5100;Camilla;Gary;BERRIES;SEASHELLS;3896.0;14
3;5100;Peter;Caesar;PINA_COLADAS;SEASHELLS;14880.0;4
3;5300;Charlie;Pablo;PEARLS;SEASHELLS;9998.0;2
3;5400;Paris;Caesar;BAGUETTE;SEASHELLS;12405.0;4
3;5500;Caesar;Paris;BAGUETTE;SEASHELLS;12403.0;6
3;5600;Paris;Camilla;BERRIES;SEASHELLS;3902.0;10
3;5700;Caesar;Camilla;DIP;SEASHELLS;7012.0;7
3;5700;Caesar;Paris;BANANAS;SEASHELLS;4791.0;1
3;5700;Charlie;Paris;BANANAS;SEASHELLS;4791.0;1
3;5700;Paris;Camilla;DIVING_GEAR;SEASHELLS;100277.0;2
3;5700;Paris;Paris;PEARLS;SEASHELLS;10002.0;1
3;5900;Charlie;Peter;COCONUTS;SEASHELLS;7920.0;5
3;6200;Caesar;Paris;BAGUETTE;SEASHELLS;12412.0;4
3;6200;Peter;Charlie;PINA_COLADAS;SEASHELLS;14884.0;5
3;6300;Charlie;Paris;BANANAS;SEASHELLS;4790.0;1
3;6300;Caesar;Paris;PEARLS;SEASHELLS;9996.0;1
3;6400;Charlie;Paris;BANANAS;SEASHELLS;4790.0;1
3;6500;Charlie;Pablo;BANANAS;SEASHELLS;4791.0;3
3;6500;Pablo;Charlie;PEARLS;SEASHELLS;10002.0;1
3;6500;Camilla;Pablo;BANANAS;SEASHELLS;4791.0;1
3;6700;Caesar;Paris;UKULELE;SEASHELLS;20671.0;4
3;6700;Charlie;Pablo;BANANAS;SEASHELLS;4791.0;5
3;6900;Charlie;Pablo;PEARLS;SEASHELLS;9998.0;5
3;7200;Camilla;Penelope;BERRIES;SEASHELLS;3897.0;10
3;7500;Charlie;Peter;COCONUTS;SEASHELLS;7928.0;6
3;7600;Caesar;Paris;BAGUETTE;SEASHELLS;12397.0;3
3;7700;Caesar;Paris;BAGUETTE;SEASHELLS;12396.0;4
3;7700;Penelope;Camilla;PEARLS;SEASHELLS;10002.0;3
3;7700;Paris;Camilla;BANANAS;SEASHELLS;4797.0;1
3;7800;Pablo;Camilla;BANANAS;SEASHELLS;4796.0;5
3;7800;Paris;Caesar;UKULELE;SEASHELLS;20679.0;4
3;8000;Caesar;Paris;PEARLS;SEASHELLS;9998.0;1
3;8000;Paris;Charlie;BANANAS;SEASHELLS;4798.0;2
3;8000;Paris;Caesar;PEARLS;SEASHELLS;10004.0;2
3;8000;Charlie;Paris;BANANAS;SEASHELLS;4791.0;1
3;8100;Camilla;Paris;BANANAS;SEASHELLS;4791.0;1
3;8500;Paris;Charlie;DIVING_GEAR;SEASHELLS;100272.0;2
3;8500;Caesar;Pablo;COCONUTS;SEASHELLS;7928.0;23
3;8600;Camilla;Paris;BERRIES;SEASHELLS;3900.0;5
3;8600;Caesar;Paris;UKULELE;SEASHELLS;20674.0;2
3;8800;Caesar;Camilla;DIP;SEASHELLS;7014.0;4
3;9100;Charlie;Paris;DIVING_GEAR;SEASHELLS;100254.0;3
3;9100;Charlie;Paris;BANANAS;SEASHELLS;4791.0;1
3;9400;Penelope;Caesar;PEARLS;SEASHELLS;10004.0;2
3;9500;Gary;Charlie;BANANAS;SEASHELLS;4798.0;19
3;9600;Charlie;Gary;PEARLS;SEASHELLS;9995.0;9
3;9600;Charlie;Paris;BANANAS;SEASHELLS;4793.0;1
3;9900;Caesar;Paris;UKULELE;SEASHELLS;20677.0;1
3;10100;Caesar;Caesar;PINA_COLADAS;SEASHELLS;14881.0;29
3;10100;Caesar;Caesar;PINA_COLADAS;SEASHELLS;14881.0;3
3;10200;Penelope;Caesar;PEARLS;SEASHELLS;10004.0;2
3;10400;Paris;Charlie;PEARLS;SEASHELLS;10002.0;1
3;10700;Paris;Camilla;BERRIES;SEASHELLS;3907.0;5
3;10700;Charlie;Paris;PEARLS;SEASHELLS;9998.0;1
3;11100;Paris;Caesar;BAGUETTE;SEASHELLS;12400.0;7
3;11400;Charlie;Gary;PEARLS;SEASHELLS;9995.0;9
3;11400;Paris;Charlie;BANANAS;SEASHELLS;4793.0;1
3;11500;Peter;Charlie;COCONUTS;SEASHELLS;7933.0;8
3;11600;Paris;Caesar;DIP;SEASHELLS;7027.0;8
3;11600;Charlie;Paris;PEARLS;SEASHELLS;9998.0;1
3;11700;Gina;Caesar;BANANAS;SEASHELLS;4794.0;3
3;11700;Caesar;Caesar;PINA_COLADAS;SEASHELLS;14889.0;22
3;11800;Camilla;Paris;PEARLS;SEASHELLS;9998.0;1
3;11800;Caesar;Paris;BAGUETTE;SEASHELLS;12408.0;6
3;11800;Camilla;Paris;BANANAS;SEASHELLS;4791.0;1
3;12000;Caesar;Paris;DIP;SEASHELLS;7025.0;7
3;12000;Camilla;Pablo;BANANAS;SEASHELLS;4791.0;2
3;12000;Camilla;Paris;BANANAS;SEASHELLS;4790.0;1
3;12100;Charlie;Paris;PEARLS;SEASHELLS;9998.0;1
3;12100;Paris;Caesar;UKULELE;SEASHELLS;20696.0;1
3;12200;Penelope;Caesar;PICNIC_BASKET;SEASHELLS;74065.0;1
3;12200;Paris;Caesar;PEARLS;SEASHELLS;10004.0;1
3;12200;Paris;Charlie;PEARLS;SEASHELLS;10004.0;1
3;12200;Paris;Charlie;BANANAS;SEASHELLS;4796.0;2
3;12300;Paris;Charlie;BANANAS;SEASHELLS;4795.0;1
3;12400;Paris;Charlie;BANANAS;SEASHELLS;4795.0;1
3;12600;Pablo;Caesar;PICNIC_BASKET;SEASHELLS;74093.0;1
3;12600;Paris;Caesar;BAGUETTE;SEASHELLS;12409.0;5
3;12700;Charlie;Paris;BANANAS;SEASHELLS;4791.0;1
3;12900;Penelope;Caesar;PICNIC_BASKET;SEASHELLS;74100.0;2
3;13000;Paris;Caesar;UKULELE;SEASHELLS;20695.0;5
3;13300;Charlie;Paris;BANANAS;SEASHELLS;4791.0;1
3;13300;Pablo;Charlie;PEARLS;SEASHELLS;10002.0;1
3;13500;Paris;Charlie;DIVING_GEAR;SEASHELLS;100219.0;1
3;13600;Charlie;Pablo;PINA_COLADAS;SEASHELLS;14900.0;11
3;13600;Paris;Charlie;PEARLS;SEASHELLS;10002.0;1
3;13700;Paris;Camilla;DIVING_GEAR;SEASHELLS;100220.0;2
3;13700;Charlie;Pablo;COCONUTS;SEASHELLS;7928.0;27
3;13700;Paris;Charlie;BANANAS;SEASHELLS;4796.0;1
3;14000;Paris;Charlie;PEARLS;SEASHELLS;10002.0;1
3;14200;Paris;Caesar;UKULELE;SEASHELLS;20702.0;2
3;14300;Paris;Charlie;DIVING_GEAR;SEASHELLS;100176.0;1
3;14400;Caesar;Paris;UKULELE;SEASHELLS;20696.0;2
3;14500;Caesar;Camilla;DIP;SEASHELLS;7038.0;3
3;14500;Penelope;Caesar;PEARLS;SEASHELLS;10004.0;2
3;14600;Charlie;Paris;PEARLS;SEASHELLS;9998.0;1
3;14600;Caesar;Penelope;PEARLS;SEASHELLS;9996.0;1
3;14600;Charlie;Penelope;PEARLS;SEASHELLS;9996.0;3
3;14700;Camilla;Paris;BANANAS;SEASHELLS;4790.0;2
3;14700;Camilla;Paris;PEARLS;SEASHELLS;9998.0;2
3;14700;Camilla;Paris;PEARLS;SEASHELLS;9998.0;1
3;15000;Charlie;Paris;BANANAS;SEASHELLS;4790.0;1
3;15000;Pablo;Caesar;PICNIC_BASKET;SEASHELLS;74140.0;1
3;15000;Camilla;Paris;BERRIES;SEASHELLS;3900.0;4
3;15000;Pablo;Camilla;PICNIC_BASKET;SEASHELLS;74140.0;4
3;15100;Caesar;Paris;BAGUETTE;SEASHELLS;12405.0;4
3;15200;Camilla;Camilla;DIVING_GEAR;SEASHELLS;100160.0;3
3;15200;Paris;Camilla;DIVING_GEAR;SEASHELLS;100160.0;3
3;15300;Pablo;Camilla;PICNIC_BASKET;SEASHELLS;74152.0;4
3;15300;Pablo;Caesar;PICNIC_BASKET;SEASHELLS;74152.0;2
3;15300;Charlie;Gary;BANANAS;SEASHELLS;4790.0;16
3;15400;Camilla;Pablo;PEARLS;SEASHELLS;9998.0;3
3;15600;Pablo;Caesar;PICNIC_BASKET;SEASHELLS;74156.0;1
3;15700;Caesar;Camilla;BAGUETTE;SEASHELLS;12402.0;9
3;15700;Gary;Charlie;BANANAS;SEASHELLS;4796.0;17
3;15900;Paris;Charlie;BANANAS;SEASHELLS;4795.0;1
3;15900;Paris;Caesar;PEARLS;SEASHELLS;10004.0;1
3;16100;Charlie;Pablo;PINA_COLADAS;SEASHELLS;14894.0;6
3;16100;Caesar;Paris;DIP;SEASHELLS;7042.0;9
3;16200;Charlie;Paris;BANANAS;SEASHELLS;4789.0;1
3;16200;Caesar;Paris;PEARLS;SEASHELLS;9996.0;1
3;16300;Gary;Camilla;BERRIES;SEASHELLS;3907.0;13
3;16400;Caesar;Penelope;PICNIC_BASKET;SEASHELLS;74156.0;1
3;16500;Caesar;Camilla;DIP;SEASHELLS;7045.0;11
3;16900;Caesar;Camilla;BAGUETTE;SEASHELLS;12391.0;6
3;17000;Paris;Caesar;UKULELE;SEASHELLS;20692.0;2
3;17100;Charlie;Penelope;BANANAS;SEASHELLS;4789.0;4
3;17100;Paris;Caesar;BANANAS;SEASHELLS;4795.0;2
3;17100;Paris;Caesar;PEARLS;SEASHELLS;10004.0;2
3;17400;Gina;Camilla;BANANAS;SEASHELLS;4794.0;7
3;17400;Caesar;Caesar;COCONUTS;SEASHELLS;7928.0;40
3;17700;Caesar;Camilla;DIP;SEASHELLS;7046.0;8
3;17700;Paris;Caesar;DIP;SEASHELLS;7047.0;10
3;17900;Paris;Caesar;BAGUETTE;SEASHELLS;12377.0;3
3;17900;Paris;Paris;BANANAS;SEASHELLS;4794.0;1
3;17900;Caesar;Paris;PEARLS;SEASHELLS;9996.0;1
3;18000;Camilla;Penelope;PEARLS;SEASHELLS;9998.0;4
3;18000;Camilla;Gina;BANANAS;SEASHELLS;4790.0;4
3;18000;Charlie;Penelope;PEARLS;SEASHELLS;9998.0;2
3;18000;Charlie;Gina;BANANAS;SEASHELLS;4790.0;8
3;18000;Caesar;Paris;DIP;SEASHELLS;7047.0;8
3;18200;Paris;Camilla;BERRIES;SEASHELLS;3908.0;4
3;18300;Paris;Camilla;BANANAS;SEASHELLS;4796.0;1
3;18300;Caesar;Paris;DIP;SEASHELLS;7044.0;8
3;18400;Caesar;Camilla;UKULELE;SEASHELLS;20682.0;7
3;18500;Caesar;Penelope;PEARLS;SEASHELLS;9996.0;1
3;18800;Camilla;Penelope;BERRIES;SEASHELLS;3902.0;12
3;19100;Paris;Caesar;DIP;SEASHELLS;7042.0;5
3;19200;Paris;Camilla;DIP;SEASHELLS;7042.0;3
3;19200;Paris;Charlie;PEARLS;SEASHELLS;10002.0;1
3;19500;Camilla;Paris;BANANAS;SEASHELLS;4791.0;1
3;20200;Pablo;Camilla;PICNIC_BASKET;SEASHELLS;74144.0;7
3;20200;Charlie;Paris;PEARLS;SEASHELLS;9998.0;1
3;20500;Caesar;Paris;DIP;SEASHELLS;7040.0;10
3;20600;Paris;Charlie;PEARLS;SEASHELLS;10002.0;1
3;20600;Charlie;Paris;BANANAS;SEASHELLS;4790.0;1
3;20700;Paris;Caesar;DIP;SEASHELLS;7041.0;6
3;20900;Camilla;Penelope;PEARLS;SEASHELLS;9998.0;8
3;21000;Penelope;Camilla;BERRIES;SEASHELLS;3906.0;11
3;21100;Camilla;Paris;PEARLS;SEASHELLS;9998.0;1
3;21200;Gina;Charlie;BANANAS;SEASHELLS;4797.0;11
3;21200;Charlie;Paris;PEARLS;SEASHELLS;9998.0;1
3;21300;Caesar;Paris;DIP;SEASHELLS;7040.0;5
3;21400;Gina;Charlie;BANANAS;SEASHELLS;4798.0;11
3;21400;Camilla;Paris;PEARLS;SEASHELLS;9998.0;1
3;21500;Caesar;Paris;BANANAS;SEASHELLS;4794.0;1
3;21500;Pablo;Caesar;PICNIC_BASKET;SEASHELLS;74204.0;1
3;21600;Paris;Camilla;BERRIES;SEASHELLS;3905.0;3
3;21600;Paris;Camilla;DIVING_GEAR;SEASHELLS;100026.0;3
3;21700;Caesar;Paris;BAGUETTE;SEASHELLS;12370.0;5
3;21800;Paris;Caesar;UKULELE;SEASHELLS;20666.0;5
3;21800;Caesar;Paris;BAGUETTE;SEASHELLS;12367.0;4
3;22100;Caesar;Paris;BAGUETTE;SEASHELLS;12366.0;7
3;22100;Camilla;Gina;PEARLS;SEASHELLS;9998.0;7
3;22200;Penelope;Caesar;PEARLS;SEASHELLS;10004.0;1
3;22300;Caesar;Camilla;BAGUETTE;SEASHELLS;12362.0;10
3;22300;Pablo;Paris;PEARLS;SEASHELLS;10002.0;1
3;22400;Pablo;Charlie;PEARLS;SEASHELLS;10002.0;4
3;22500;Penelope;Camilla;PICNIC_BASKET;SEASHELLS;74180.0;6
3;22600;Paris;Charlie;PEARLS;SEASHELLS;10002.0;1
3;22600;Charlie;Pablo;BANANAS;SEASHELLS;4795.0;2
3;22600;Pablo;Charlie;PEARLS;SEASHELLS;10002.0;4
3;22700;Paris;Charlie;BANANAS;SEASHELLS;4799.0;1
3;22800;Charlie;Penelope;BANANAS;SEASHELLS;4794.0;8
3;22900;Charlie;Gary;BANANAS;SEASHELLS;4794.0;12
3;22900;Paris;Caesar;DIP;SEASHELLS;7042.0;9
3;23000;Penelope;Caesar;PICNIC_BASKET;SEASHELLS;74171.0;1
3;23000;Penelope;Camilla;BERRIES;SEASHELLS;3910.0;13
3;23000;Caesar;Gary;BANANAS;SEASHELLS;4795.0;1
3;23000;Charlie;Gary;BANANAS;SEASHELLS;4795.0;16
3;23200;Penelope;Charlie;BANANAS;SEASHELLS;4801.0;11
3;23200;Paris;Caesar;BAGUETTE;SEASHELLS;12363.0;6
3;23200;Pablo;Charlie;PEARLS;SEASHELLS;10002.0;2
3;23500;Paris;Charlie;DIVING_GEAR;SEASHELLS;100023.0;2
3;23500;Caesar;Paris;UKULELE;SEASHELLS;20667.0;4
3;23600;Charlie;Paris;BANANAS;SEASHELLS;4794.0;1
3;23700;Paris;Caesar;UKULELE;SEASHELLS;20664.0;3
3;23800;Camilla;Paris;BERRIES;SEASHELLS;3903.0;10
3;23900;Caesar;Paris;DIP;SEASHELLS;7044.0;6
3;24100;Gary;Caesar;PEARLS;SEASHELLS;10004.0;2
3;24100;Gary;Charlie;PEARLS;SEASHELLS;10004.0;7
3;24200;Caesar;Paris;DIP;SEASHELLS;7044.0;5
3;24400;Paris;Paris;PEARLS;SEASHELLS;9998.0;1
3;24400;Paris;Camilla;BANANAS;SEASHELLS;4799.0;1
3;24500;Charlie;Paris;BANANAS;SEASHELLS;4793.0;1
3;24600;Paris;Charlie;BANANAS;SEASHELLS;4799.0;1
3;24900;Camilla;Paris;PEARLS;SEASHELLS;9998.0;1
3;25100;Paris;Camilla;DIVING_GEAR;SEASHELLS;99969.0;3
3;25300;Caesar;Paris;DIP;SEASHELLS;7041.0;8
3;25500;Paris;Caesar;DIP;SEASHELLS;7042.0;4
3;25500;Pablo;Charlie;PEARLS;SEASHELLS;10002.0;2
3;25500;Caesar;Paris;BANANAS;SEASHELLS;4793.0;1
3;25600;Caesar;Camilla;UKULELE;SEASHELLS;20667.0;10
3;25800;Paris;Charlie;BANANAS;SEASHELLS;4799.0;1
3;25800;Paris;Caesar;PEARLS;SEASHELLS;10004.0;1
3;25900;Paris;Caesar;PEARLS;SEASHELLS;10004.0;2
3;25900;Paris;Charlie;BANANAS;SEASHELLS;4798.0;1
3;25900;Paris;Charlie;BANANAS;SEASHELLS;4799.0;2
3;26000;Charlie;Paris;BANANAS;SEASHELLS;4793.0;1
3;26000;Paris;Charlie;BANANAS;SEASHELLS;4799.0;1
3;26000;Paris;Caesar;PEARLS;SEASHELLS;10004.0;1
3;26200;Paris;Camilla;PEARLS;SEASHELLS;10002.0;1
3;26200;Caesar;Camilla;DIP;SEASHELLS;7038.0;12
3;26400;Caesar;Paris;BAGUETTE;SEASHELLS;12363.0;7
3;26500;Caesar;Camilla;DIP;SEASHELLS;7039.0;6
3;26500;Charlie;Camilla;DIVING_GEAR;SEASHELLS;99960.0;2
3;26700;Camilla;Paris;BANANAS;SEASHELLS;4796.0;1
3;26800;Caesar;Paris;DIP;SEASHELLS;7038.0;7
3;26900;Paris;Camilla;BERRIES;SEASHELLS;3913.0;6
3;27000;Charlie;Pablo;BANANAS;SEASHELLS;4796.0;3
3;27200;Pablo;Caesar;PICNIC_BASKET;SEASHELLS;74209.0;2
3;27300;Caesar;Paris;DIP;SEASHELLS;7036.0;8
3;27400;Caesar;Paris;BAGUETTE;SEASHELLS;12358.0;7
3;27500;Caesar;Camilla;DIP;SEASHELLS;7039.0;4
3;27700;Pablo;Charlie;PEARLS;SEASHELLS;10002.0;5
3;27900;Caesar;Paris;BAGUETTE;SEASHELLS;12367.0;5
3;27900;Charlie;Penelope;PEARLS;SEASHELLS;9995.0;5
3;28000;Camilla;Paris;BANANAS;SEASHELLS;4796.0;1
3;28000;Penelope;Charlie;BANANAS;SEASHELLS;4802.0;10
3;28100;Paris;Caesar;PEARLS;SEASHELLS;10004.0;1
3;28100;Paris;Charlie;BANANAS;SEASHELLS;4802.0;1
3;28200;Charlie;Pablo;COCONUTS;SEASHELLS;7943.0;23
3;28200;Pablo;Caesar;PICNIC_BASKET;SEASHELLS;74232.0;2
3;28600;Caesar;Paris;UKULELE;SEASHELLS;20651.0;3
3;28600;Pablo;Camilla;PEARLS;SEASHELLS;10002.0;3
3;28600;Caesar;Caesar;COCONUTS;SEASHELLS;7943.0;48
3;28600;Paris;Camilla;BANANAS;SEASHELLS;4800.0;1
3;28700;Charlie;Penelope;BANANAS;SEASHELLS;4794.0;8
3;28800;Caesar;Caesar;PINA_COLADAS;SEASHELLS;14902.0;32
3;28800;Caesar;Pablo;PINA_COLADAS;SEASHELLS;14902.0;3
3;29200;Pablo;Charlie;BANANAS;SEASHELLS;4799.0;5
3;29200;Caesar;Camilla;DIP;SEASHELLS;7030.0;6
3;29300;Camilla;Pablo;PICNIC_BASKET;SEASHELLS;74127.0;4
3;29300;Caesar;Pablo;PICNIC_BASKET;SEASHELLS;74128.0;1
3;29400;Pablo;Caesar;PICNIC_BASKET;SEASHELLS;74130.0;2
3;29600;Paris;Caesar;UKULELE;SEASHELLS;20644.0;2
3;29800;Caesar;Paris;BAGUETTE;SEASHELLS;12352.0;3
3;29800;Caesar;Gary;PEARLS;SEASHELLS;9996.0;1
3;30200;Camilla;Paris;DIVING_GEAR;SEASHELLS;99978.0;2
3;30200;Charlie;Paris;PEARLS;SEASHELLS;9995.0;2
3;30200;Charlie;Paris;BANANAS;SEASHELLS;4793.0;2
3;30200;Caesar;Gary;PEARLS;SEASHELLS;9996.0;1
3;30400;Paris;Caesar;DIP;SEASHELLS;7027.0;9
3;30500;Paris;Caesar;PEARLS;SEASHELLS;10004.0;2
3;30500;Charlie;Paris;BANANAS;SEASHELLS;4794.0;1
3;30500;Paris;Caesar;BANANAS;SEASHELLS;4800.0;2
3;30600;Paris;Caesar;UKULELE;SEASHELLS;20633.0;2
3;30700;Paris;Camilla;BANANAS;SEASHELLS;4799.0;1
3;30800;Charlie;Pablo;PEARLS;SEASHELLS;9998.0;4
3;30800;Paris;Camilla;BANANAS;SEASHELLS;4800.0;1
3;30900;Paris;Caesar;UKULELE;SEASHELLS;20637.0;5
3;30900;Caesar;Paris;DIP;SEASHELLS;7027.0;10
3;31000;Caesar;Paris;UKULELE;SEASHELLS;20638.0;1
3;31100;Charlie;Paris;BANANAS;SEASHELLS;4795.0;1
3;31100;Charlie;Paris;PEARLS;SEASHELLS;9998.0;1
3;31200;Caesar;Penelope;BANANAS;SEASHELLS;4795.0;2
3;31400;Paris;Caesar;BAGUETTE;SEASHELLS;12360.0;5
3;31400;Charlie;Paris;BANANAS;SEASHELLS;4795.0;1
3;31400;Caesar;Paris;UKULELE;SEASHELLS;20642.0;1
3;31500;Paris;Charlie;BANANAS;SEASHELLS;4800.0;1
3;31600;Peter;Charlie;COCONUTS;SEASHELLS;7952.0;5
3;31700;Paris;Camilla;PEARLS;SEASHELLS;10002.0;1
3;31800;Camilla;Penelope;BERRIES;SEASHELLS;3907.0;12
3;31900;Paris;Charlie;BANANAS;SEASHELLS;4801.0;1
3;31900;Caesar;Paris;BAGUETTE;SEASHELLS;12364.0;4
3;31900;Paris;Caesar;PEARLS;SEASHELLS;10004.0;1
3;31900;Charlie;Peter;PINA_COLADAS;SEASHELLS;14907.0;2
3;32000;Paris;Camilla;PEARLS;SEASHELLS;10002.0;1
3;32200;Paris;Charlie;BANANAS;SEASHELLS;4800.0;1
3;32300;Paris;Caesar;UKULELE;SEASHELLS;20635.0;2
3;32400;Caesar;Paris;BANANAS;SEASHELLS;4795.0;1
3;32500;Paris;Charlie;PEARLS;SEASHELLS;10002.0;1
3;32600;Charlie;Paris;BANANAS;SEASHELLS;4794.0;1
3;32700;Pablo;Charlie;PEARLS;SEASHELLS;10002.0;2
3;32800;Pablo;Camilla;PICNIC_BASKET;SEASHELLS;74121.0;4
3;32800;Paris;Caesar;BAGUETTE;SEASHELLS;12360.0;3
3;32900;Paris;Caesar;PEARLS;SEASHELLS;10004.0;1
3;32900;Paris;Caesar;BANANAS;SEASHELLS;4800.0;1
3;33000;Gina;Camilla;PEARLS;SEASHELLS;10002.0;5
3;33000;Gina;Charlie;PEARLS;SEASHELLS;10002.0;1
3;33000;Charlie;Paris;BANANAS;SEASHELLS;4794.0;2
3;33000;Gina;Paris;PEARLS;SEASHELLS;10002.0;2
3;33200;Paris;Camilla;BANANAS;SEASHELLS;4799.0;1
3;33300;Camilla;Paris;DIP;SEASHELLS;7031.0;4
3;33400;Pablo;Charlie;PEARLS;SEASHELLS;10002.0;3
3;33400;Caesar;Camilla;UKULELE;SEASHELLS;20641.0;3
3;33400;Caesar;Paris;DIP;SEASHELLS;7031.0;4
3;33500;Caesar;Paris;BAGUETTE;SEASHELLS;12358.0;3
3;33500;Camilla;Camilla;DIVING_GEAR;SEASHELLS;100034.0;1
3;33600;Caesar;Paris;UKULELE;SEASHELLS;20640.0;1
3;33700;Caesar;Paris;BAGUETTE;SEASHELLS;12359.0;6
3;33800;Caesar;Paris;UKULELE;SEASHELLS;20643.0;2
3;33900;Paris;Caesar;BAGUETTE;SEASHELLS;12362.0;8
3;33900;Caesar;Camilla;BAGUETTE;SEASHELLS;12361.0;5
3;34300;Camilla;Paris;BANANAS;SEASHELLS;4795.0;1
3;34300;Camilla;Paris;PEARLS;SEASHELLS;9998.0;1
3;34300;Camilla;Paris;BANANAS;SEASHELLS;4794.0;1
3;34400;Caesar;Camilla;DIP;SEASHELLS;7035.0;5
3;34400;Caesar;Paris;DIP;SEASHELLS;7035.0;4
3;34400;Caesar;Peter;PINA_COLADAS;SEASHELLS;14911.0;2
3;34400;Paris;Caesar;UKULELE;SEASHELLS;20642.0;4
3;34400;Gina;Charlie;BANANAS;SEASHELLS;4798.0;10
3;34600;Penelope;Caesar;PEARLS;SEASHELLS;10004.0;1
3;34800;Charlie;Paris;DIVING_GEAR;SEASHELLS;100029.0;3
3;34900;Camilla;Pablo;PEARLS;SEASHELLS;9998.0;3
3;35000;Charlie;Peter;PINA_COLADAS;SEASHELLS;14902.0;3
3;35000;Charlie;Pablo;BANANAS;SEASHELLS;4795.0;2
3;35100;Charlie;Paris;PEARLS;SEASHELLS;9995.0;2
3;35100;Penelope;Camilla;PICNIC_BASKET;SEASHELLS;74138.0;6
3;35100;Camilla;Gary;BERRIES;SEASHELLS;3911.0;14
3;35100;Charlie;Paris;BANANAS;SEASHELLS;4792.0;2
3;35100;Paris;Caesar;UKULELE;SEASHELLS;20650.0;1
3;35400;Charlie;Paris;BANANAS;SEASHELLS;4792.0;2
3;35400;Charlie;Paris;PEARLS;SEASHELLS;9995.0;2
3;35500;Gary;Camilla;BERRIES;SEASHELLS;3919.0;16
3;35800;Paris;Caesar;BANANAS;SEASHELLS;4797.0;1
3;36100;Paris;Pablo;PEARLS;SEASHELLS;9998.0;1
3;36100;Caesar;Camilla;DIP;SEASHELLS;7041.0;4
3;36200;Charlie;Pablo;BANANAS;SEASHELLS;4793.0;4
3;36400;Gary;Caesar;PEARLS;SEASHELLS;10004.0;1
3;36400;Gary;Charlie;PEARLS;SEASHELLS;10004.0;10
3;36500;Charlie;Caesar;BANANAS;SEASHELLS;4793.0;1
3;36500;Charlie;Camilla;DIVING_GEAR;SEASHELLS;99988.0;2
3;36500;Penelope;Camilla;BERRIES;SEASHELLS;3918.0;10
3;36700;Caesar;Paris;BAGUETTE;SEASHELLS;12343.0;7
3;36800;Caesar;Camilla;DIP;SEASHELLS;7040.0;4
3;36800;Charlie;Paris;DIVING_GEAR;SEASHELLS;99994.0;2
3;37000;Caesar;Paris;UKULELE;SEASHELLS;20642.0;5
3;37000;Paris;Charlie;DIVING_GEAR;SEASHELLS;99991.0;2
3;37100;Paris;Charlie;BANANAS;SEASHELLS;4795.0;1
3;37100;Caesar;Penelope;PICNIC_BASKET;SEASHELLS;74082.0;2
3;37200;Caesar;Pablo;PEARLS;SEASHELLS;9998.0;1
3;37400;Camilla;Penelope;BERRIES;SEASHELLS;3912.0;11
3;37400;Paris;Caesar;DIP;SEASHELLS;7044.0;4
3;37400;Peter;Pablo;BERRIES;SEASHELLS;3914.0;3
3;37600;Paris;Caesar;DIP;SEASHELLS;7044.0;6
3;37600;Caesar;Caesar;PINA_COLADAS;SEASHELLS;14906.0;27
3;37700;Penelope;Caesar;BANANAS;SEASHELLS;4796.0;1
3;37800;Paris;Charlie;BANANAS;SEASHELLS;4795.0;1
3;37800;Caesar;Paris;UKULELE;SEASHELLS;20657.0;2
3;37800;Paris;Caesar;BAGUETTE;SEASHELLS;12358.0;7
3;37900;Paris;Charlie;BANANAS;SEASHELLS;4795.0;1
3;38000;Charlie;Pablo;PEARLS;SEASHELLS;9998.0;4
3;38100;Penelope;Camilla;PEARLS;SEASHELLS;10002.0;2
3;38300;Caesar;Paris;BAGUETTE;SEASHELLS;12355.0;7
3;38400;Caesar;Paris;UKULELE;SEASHELLS;20652.0;4
3;38500;Paris;Gary;PEARLS;SEASHELLS;10002.0;1
3;38600;Caesar;Pablo;PICNIC_BASKET;SEASHELLS;74075.0;1
3;38700;Paris;Charlie;PEARLS;SEASHELLS;10002.0;1
3;38800;Caesar;Paris;BAGUETTE;SEASHELLS;12358.0;4
3;38800;Gary;Pablo;BANANAS;SEASHELLS;4789.0;4
3;39200;Camilla;Paris;BANANAS;SEASHELLS;4788.0;1
3;39500;Caesar;Paris;UKULELE;SEASHELLS;20646.0;3
3;39700;Charlie;Penelope;BANANAS;SEASHELLS;4788.0;11
3;39800;Paris;Pablo;BANANAS;SEASHELLS;4789.0;1
3;39800;Charlie;Pablo;BANANAS;SEASHELLS;4789.0;3
3;39900;Charlie;Pablo;PEARLS;SEASHELLS;9998.0;4
3;40000;Paris;Caesar;PEARLS;SEASHELLS;10004.0;1
3;40000;Paris;Charlie;BANANAS;SEASHELLS;4793.0;1
3;40100;Caesar;Caesar;PINA_COLADAS;SEASHELLS;14919.0;7
3;40100;Caesar;Caesar;PINA_COLADAS;SEASHELLS;14919.0;25
3;40200;Pablo;Charlie;BANANAS;SEASHELLS;4791.0;3
3;40300;Charlie;Pablo;BANANAS;SEASHELLS;4787.0;4
3;40400;Caesar;Paris;DIP;SEASHELLS;7040.0;6
3;40500;Charlie;Pablo;PEARLS;SEASHELLS;9998.0;4
3;40500;Camilla;Paris;DIVING_GEAR;SEASHELLS;99931.0;2
3;40600;Camilla;Paris;BANANAS;SEASHELLS;4787.0;1
3;40700;Paris;Camilla;BERRIES;SEASHELLS;3915.0;7
3;40700;Pablo;Paris;BANANAS;SEASHELLS;4790.0;1
3;40800;Paris;Caesar;DIP;SEASHELLS;7044.0;5
3;40800;Camilla;Paris;BERRIES;SEASHELLS;3908.0;9
3;40800;Gina;Camilla;PEARLS;SEASHELLS;10002.0;8
3;40800;Charlie;Paris;BANANAS;SEASHELLS;4787.0;1
3;40900;Camilla;Pablo;BANANAS;SEASHELLS;4789.0;3
3;40900;Caesar;Paris;DIP;SEASHELLS;7043.0;9
3;41000;Charlie;Paris;DIVING_GEAR;SEASHELLS;99905.0;1
3;41000;Gary;Charlie;BANANAS;SEASHELLS;4794.0;13
3;41000;Pablo;Charlie;BANANAS;SEASHELLS;4792.0;3
3;41000;Pablo;Caesar;COCONUTS;SEASHELLS;7947.0;28
3;41100;Caesar;Paris;DIP;SEASHELLS;7042.0;9
3;41100;Paris;Caesar;BANANAS;SEASHELLS;4793.0;1
3;41300;Charlie;Penelope;PEARLS;SEASHELLS;9995.0;6
3;41300;Paris;Camilla;BANANAS;SEASHELLS;4792.0;1
3;41400;Charlie;Paris;DIVING_GEAR;SEASHELLS;99899.0;1
3;41700;Peter;Charlie;PINA_COLADAS;SEASHELLS;14909.0;3
3;42000;Peter;Charlie;COCONUTS;SEASHELLS;7945.0;7
3;42200;Camilla;Paris;BANANAS;SEASHELLS;4787.0;1
3;42200;Camilla;Camilla;DIVING_GEAR;SEASHELLS;99901.0;1
3;42300;Charlie;Paris;PEARLS;SEASHELLS;9998.0;1
3;42400;Camilla;Gina;PEARLS;SEASHELLS;9998.0;5
3;42400;Caesar;Paris;UKULELE;SEASHELLS;20649.0;2
3;42500;Camilla;Pablo;PICNIC_BASKET;SEASHELLS;74109.0;6
3;42600;Paris;Caesar;UKULELE;SEASHELLS;20650.0;3
3;42600;Charlie;Paris;BANANAS;SEASHELLS;4787.0;1
3;42600;Paris;Caesar;DIP;SEASHELLS;7046.0;8
3;42700;Caesar;Paris;DIP;SEASHELLS;7043.0;4
3;42700;Paris;Charlie;PEARLS;SEASHELLS;10002.0;1
3;42700;Pablo;Charlie;BANANAS;SEASHELLS;4792.0;1
3;42800;Charlie;Paris;PEARLS;SEASHELLS;9998.0;1
3;43100;Caesar;Camilla;BAGUETTE;SEASHELLS;12361.0;9
3;43300;Caesar;Camilla;BAGUETTE;SEASHELLS;12363.0;9
3;43400;Paris;Penelope;PEARLS;SEASHELLS;9996.0;2
3;43400;Paris;Caesar;BANANAS;SEASHELLS;4795.0;2
3;43400;Caesar;Penelope;PEARLS;SEASHELLS;9996.0;2
3;43500;Paris;Charlie;BANANAS;SEASHELLS;4796.0;1
3;43500;Paris;Charlie;PEARLS;SEASHELLS;10005.0;1
3;43500;Caesar;Caesar;COCONUTS;SEASHELLS;7941.0;47
3;43600;Caesar;Caesar;COCONUTS;SEASHELLS;7941.0;77
3;43600;Caesar;Paris;BAGUETTE;SEASHELLS;12364.0;5
3;43800;Charlie;Paris;BANANAS;SEASHELLS;4789.0;1
3;44000;Caesar;Peter;COCONUTS;SEASHELLS;7943.0;9
3;44000;Camilla;Paris;DIVING_GEAR;SEASHELLS;99913.0;3
3;44400;Paris;Caesar;UKULELE;SEASHELLS;20676.0;3
3;44500;Caesar;Caesar;PINA_COLADAS;SEASHELLS;14898.0;25
3;44600;Caesar;Camilla;DIP;SEASHELLS;7045.0;5
3;44600;Paris;Charlie;BANANAS;SEASHELLS;4796.0;1
3;44700;Caesar;Paris;DIP;SEASHELLS;7044.0;6
3;44800;Camilla;Penelope;BERRIES;SEASHELLS;3907.0;10
3;44800;Paris;Caesar;UKULELE;SEASHELLS;20671.0;5
3;44900;Caesar;Paris;BAGUETTE;SEASHELLS;12360.0;5
3;45000;Charlie;Paris;PEARLS;SEASHELLS;9995.0;2
3;45000;Charlie;Paris;BANANAS;SEASHELLS;4791.0;2
3;45100;Caesar;Camilla;BAGUETTE;SEASHELLS;12359.0;6
3;45300;Paris;Caesar;DIP;SEASHELLS;7046.0;4
3;45300;Paris;Camilla;BANANAS;SEASHELLS;4798.0;1
3;45400;Paris;Caesar;PEARLS;SEASHELLS;10004.0;2
3;45400;Paris;Caesar;BANANAS;SEASHELLS;4798.0;2
3;45500;Caesar;Penelope;PICNIC_BASKET;SEASHELLS;74073.0;2
3;45500;Paris;Caesar;DIP;SEASHELLS;7047.0;6
3;45600;Paris;Charlie;PEARLS;SEASHELLS;10002.0;1
3;45600;Paris;Charlie;BANANAS;SEASHELLS;4797.0;1
3;45700;Paris;Camilla;BERRIES;SEASHELLS;3913.0;6
3;45900;Charlie;Gary;BANANAS;SEASHELLS;4792.0;14
3;45900;Camilla;Pablo;PICNIC_BASKET;SEASHELLS;74076.0;6
3;45900;Caesar;Pablo;PICNIC_BASKET;SEASHELLS;74077.0;2
3;46200;Paris;Charlie;PEARLS;SEASHELLS;10002.0;1
3;46200;Caesar;Paris;UKULELE;SEASHELLS;20689.0;2
3;46600;Paris;Camilla;BANANAS;SEASHELLS;4796.0;1
3;46600;Paris;Charlie;DIVING_GEAR;SEASHELLS;99978.0;1
3;46600;Paris;Caesar;UKULELE;SEASHELLS;20695.0;4
3;46700;Paris;Caesar;BAGUETTE;SEASHELLS;12368.0;3
3;47200;Penelope;Caesar;PEARLS;SEASHELLS;10004.0;1
3;47300;Camilla;Paris;BANANAS;SEASHELLS;4789.0;1
3;47300;Camilla;Paris;PEARLS;SEASHELLS;9998.0;1
3;47700;Charlie;Penelope;BANANAS;SEASHELLS;4788.0;6
3;47800;Pablo;Camilla;PEARLS;SEASHELLS;10002.0;4
3;48000;Paris;Pablo;PEARLS;SEASHELLS;9998.0;1
3;48300;Paris;Camilla;PEARLS;SEASHELLS;10002.0;1
3;48300;Paris;Camilla;BANANAS;SEASHELLS;4794.0;1
3;48400;Paris;Camilla;BANANAS;SEASHELLS;4794.0;1
3;48400;Caesar;Paris;UKULELE;SEASHELLS;20693.0;2
3;48600;Gary;Caesar;PEARLS;SEASHELLS;10004.0;1
3;48600;Gary;Charlie;PEARLS;SEASHELLS;10004.0;10
3;48600;Paris;Charlie;BANANAS;SEASHELLS;4794.0;1
3;48600;Paris;Charlie;PEARLS;SEASHELLS;10002.0;1
3;48800;Paris;Camilla;BANANAS;SEASHELLS;4793.0;1
3;49000;Charlie;Paris;PEARLS;SEASHELLS;9998.0;1
3;49000;Paris;Caesar;DIP;SEASHELLS;7049.0;9
3;49100;Caesar;Camilla;DIP;SEASHELLS;7048.0;9
3;49100;Paris;Caesar;PEARLS;SEASHELLS;10002.0;1
3;49300;Gina;Camilla;PEARLS;SEASHELLS;10002.0;10
3;49300;Caesar;Camilla;DIP;SEASHELLS;7048.0;12
3;49500;Penelope;Camilla;BANANAS;SEASHELLS;4792.0;8
3;49600;Gary;Camilla;BERRIES;SEASHELLS;3916.0;14
3;49700;Charlie;Paris;BANANAS;SEASHELLS;4788.0;1
3;49900;Paris;Charlie;BANANAS;SEASHELLS;4793.0;1
3;50000;Paris;Camilla;DIVING_GEAR;SEASHELLS;99908.0;1
3;50200;Peter;Charlie;COCONUTS;SEASHELLS;7946.0;6
3;50200;Caesar;Peter;PINA_COLADAS;SEASHELLS;14898.0;5
3;50400;Caesar;Paris;DIP;SEASHELLS;7051.0;7
3;50800;Paris;Charlie;PEARLS;SEASHELLS;10002.0;1
3;50900;Caesar;Gary;PEARLS;SEASHELLS;9996.0;2
3;50900;Caesar;Paris;DIP;SEASHELLS;7050.0;4
3;50900;Caesar;Camilla;DIP;SEASHELLS;7050.0;7
3;50900;Charlie;Pablo;BANANAS;SEASHELLS;4790.0;5
3;50900;Charlie;Gary;PEARLS;SEASHELLS;9996.0;10
3;51100;Caesar;Camilla;UKULELE;SEASHELLS;20693.0;4
3;51300;Camilla;Penelope;PEARLS;SEASHELLS;9998.0;3
3;51300;Charlie;Penelope;PEARLS;SEASHELLS;9998.0;1
3;51400;Charlie;Paris;PEARLS;SEASHELLS;9998.0;1
3;51400;Paris;Caesar;UKULELE;SEASHELLS;20695.0;2
3;51600;Caesar;Paris;BAGUETTE;SEASHELLS;12341.0;8
3;51700;Caesar;Camilla;BAGUETTE;SEASHELLS;12338.0;7
3;51800;Camilla;Paris;BANANAS;SEASHELLS;4791.0;2
3;51800;Paris;Caesar;BAGUETTE;SEASHELLS;12340.0;7
3;51800;Gary;Charlie;BANANAS;SEASHELLS;4797.0;15
3;51800;Camilla;Paris;PEARLS;SEASHELLS;9998.0;2
3;51900;Penelope;Charlie;PEARLS;SEASHELLS;10005.0;5
3;52300;Penelope;Camilla;BERRIES;SEASHELLS;3912.0;15
3;52600;Paris;Camilla;BANANAS;SEASHELLS;4796.0;1
3;52700;Paris;Camilla;BANANAS;SEASHELLS;4796.0;1
3;52800;Penelope;Caesar;PEARLS;SEASHELLS;10004.0;1
3;52800;Caesar;Peter;PINA_COLADAS;SEASHELLS;14920.0;4
3;52800;Peter;Charlie;COCONUTS;SEASHELLS;7951.0;6
3;52800;Penelope;Charlie;PEARLS;SEASHELLS;10004.0;2
3;52900;Caesar;Peter;COCONUTS;SEASHELLS;7950.0;9
3;53000;Pablo;Caesar;PICNIC_BASKET;SEASHELLS;74028.0;2
3;53000;Penelope;Caesar;PEARLS;SEASHELLS;10004.0;2
3;53100;Caesar;Paris;DIP;SEASHELLS;7055.0;4
3;53100;Caesar;Penelope;PICNIC_BASKET;SEASHELLS;74006.0;1
3;53100;Paris;Charlie;PEARLS;SEASHELLS;10002.0;1
3;53900;Charlie;Paris;BANANAS;SEASHELLS;4788.0;1
3;53900;Paris;Caesar;DIP;SEASHELLS;7062.0;5
3;54000;Caesar;Paris;UKULELE;SEASHELLS;20684.0;1
3;54000;Camilla;Pablo;PEARLS;SEASHELLS;9998.0;4
3;54200;Charlie;Paris;BANANAS;SEASHELLS;4789.0;1
3;54600;Caesar;Camilla;BAGUETTE;SEASHELLS;12345.0;7
3;54700;Gary;Camilla;PEARLS;SEASHELLS;10002.0;10
3;54700;Gary;Charlie;PEARLS;SEASHELLS;10002.0;1
3;54700;Charlie;Caesar;BANANAS;SEASHELLS;4792.0;4
3;54800;Paris;Caesar;BAGUETTE;SEASHELLS;12343.0;8
3;55000;Caesar;Paris;UKULELE;SEASHELLS;20686.0;4
3;55300;Caesar;Pablo;PINA_COLADAS;SEASHELLS;14919.0;13
3;55400;Paris;Caesar;DIP;SEASHELLS;7065.0;5
3;55500;Paris;Caesar;DIP;SEASHELLS;7066.0;9
3;55600;Caesar;Paris;DIP;SEASHELLS;7065.0;8
3;55800;Penelope;Charlie;PEARLS;SEASHELLS;10005.0;8
3;55800;Camilla;Pablo;PEARLS;SEASHELLS;9998.0;3
3;55800;Paris;Caesar;DIP;SEASHELLS;7070.0;5
3;55800;Paris;Pablo;PEARLS;SEASHELLS;9998.0;1
3;55900;Paris;Camilla;PEARLS;SEASHELLS;10002.0;1
3;56000;Caesar;Paris;UKULELE;SEASHELLS;20673.0;1
3;56000;Gary;Charlie;PEARLS;SEASHELLS;10005.0;8
3;56100;Charlie;Penelope;PEARLS;SEASHELLS;9995.0;3
3;56200;Penelope;Charlie;BANANAS;SEASHELLS;4797.0;6
3;56200;Pablo;Caesar;COCONUTS;SEASHELLS;7950.0;12
3;56200;Penelope;Caesar;PICNIC_BASKET;SEASHELLS;74019.0;1
3;56500;Paris;Gina;PEARLS;SEASHELLS;10002.0;1
3;56500;Caesar;Paris;DIP;SEASHELLS;7070.0;5
3;56600;Caesar;Pablo;PINA_COLADAS;SEASHELLS;14916.0;9
3;56600;Paris;Caesar;UKULELE;SEASHELLS;20673.0;1
3;56700;Camilla;Paris;BERRIES;SEASHELLS;3907.0;8
3;56700;Charlie;Paris;BANANAS;SEASHELLS;4790.0;1
3;56900;Camilla;Camilla;DIVING_GEAR;SEASHELLS;99875.0;3
3;57000;Paris;Caesar;UKULELE;SEASHELLS;20672.0;2
3;57000;Caesar;Camilla;DIP;SEASHELLS;7073.0;4
3;57000;Paris;Caesar;DIP;SEASHELLS;7075.0;8
3;57200;Charlie;Pablo;BANANAS;SEASHELLS;4791.0;3
3;57200;Camilla;Paris;DIVING_GEAR;SEASHELLS;99867.0;2
3;57400;Gary;Charlie;BANANAS;SEASHELLS;4797.0;17
3;57600;Paris;Gary;PEARLS;SEASHELLS;10002.0;1
3;57600;Charlie;Paris;BANANAS;SEASHELLS;4791.0;1
3;57700;Paris;Charlie;PEARLS;SEASHELLS;10002.0;1
3;58000;Paris;Charlie;BANANAS;SEASHELLS;4796.0;1
3;58200;Paris;Charlie;BANANAS;SEASHELLS;4798.0;1
3;58200;Paris;Caesar;PEARLS;SEASHELLS;10004.0;1
3;58600;Charlie;Pablo;PEARLS;SEASHELLS;9998.0;1
3;58600;Camilla;Pablo;PEARLS;SEASHELLS;9998.0;2
3;58600;Paris;Caesar;DIP;SEASHELLS;7075.0;8
3;58600;Caesar;Caesar;COCONUTS;SEASHELLS;7951.0;10
3;58600;Caesar;Caesar;COCONUTS;SEASHELLS;7951.0;67
3;58700;Paris;Caesar;BAGUETTE;SEASHELLS;12337.0;8
3;58800;Camilla;Camilla;DIVING_GEAR;SEASHELLS;99864.0;2
3;58800;Caesar;Paris;BAGUETTE;SEASHELLS;12337.0;6
3;59000;Caesar;Camilla;BAGUETTE;SEASHELLS;12334.0;9
3;59100;Pablo;Camilla;PICNIC_BASKET;SEASHELLS;74020.0;7
3;59300;Caesar;Camilla;DIP;SEASHELLS;7072.0;10
3;59600;Caesar;Paris;DIP;SEASHELLS;7073.0;6
3;59600;Caesar;Pablo;PINA_COLADAS;SEASHELLS;14920.0;7
3;59900;Caesar;Paris;DIP;SEASHELLS;7074.0;7
3;60000;Penelope;Caesar;PICNIC_BASKET;SEASHELLS;74068.0;1
3;60200;Penelope;Charlie;BANANAS;SEASHELLS;4798.0;12
3;60300;Penelope;Caesar;PICNIC_BASKET;SEASHELLS;74045.0;2
3;60400;Paris;Caesar;DIP;SEASHELLS;7075.0;10
3;60400;Caesar;Pablo;PINA_COLADAS;SEASHELLS;14916.0;12
3;60400;Caesar;Camilla;DIP;SEASHELLS;7073.0;4
3;60500;Charlie;Paris;BANANAS;SEASHELLS;4791.0;1
3;60500;Charlie;Pablo;BANANAS;SEASHELLS;4792.0;5
3;60500;Caesar;Paris;PEARLS;SEASHELLS;9996.0;1
3;60500;Caesar;Penelope;PICNIC_BASKET;SEASHELLS;74025.0;1
3;60600;Paris;Caesar;DIP;SEASHELLS;7075.0;6
3;60900;Charlie;Paris;PEARLS;SEASHELLS;9998.0;1
3;60900;Paris;Caesar;BANANAS;SEASHELLS;4795.0;1
3;60900;Pablo;Camilla;PICNIC_BASKET;SEASHELLS;74032.0;4
3;61100;Caesar;Penelope;PICNIC_BASKET;SEASHELLS;74011.0;1
3;61100;Camilla;Paris;DIVING_GEAR;SEASHELLS;99915.0;3
3;61200;Camilla;Paris;BERRIES;SEASHELLS;3901.0;7
3;61400;Pablo;Caesar;PEARLS;SEASHELLS;10002.0;2
3;61400;Paris;Camilla;BERRIES;SEASHELLS;3907.0;7
3;61400;Camilla;Gina;BANANAS;SEASHELLS;4792.0;10
3;61400;Charlie;Gina;BANANAS;SEASHELLS;4792.0;1
3;61500;Caesar;Paris;BANANAS;SEASHELLS;4792.0;1
3;61600;Caesar;Paris;BAGUETTE;SEASHELLS;12348.0;7
3;61600;Pablo;Charlie;PEARLS;SEASHELLS;10002.0;5
3;61600;Penelope;Camilla;BERRIES;SEASHELLS;3908.0;13
3;61900;Paris;Caesar;DIP;SEASHELLS;7074.0;8
3;62000;Paris;Caesar;UKULELE;SEASHELLS;20654.0;5
3;62100;Charlie;Paris;BANANAS;SEASHELLS;4792.0;1
3;62300;Caesar;Penelope;PEARLS;SEASHELLS;9996.0;2
3;62500;Charlie;Pablo;PEARLS;SEASHELLS;9998.0;4
3;62500;Caesar;Paris;UKULELE;SEASHELLS;20643.0;3
3;62600;Charlie;Peter;COCONUTS;SEASHELLS;7944.0;9
3;62800;Penelope;Camilla;BANANAS;SEASHELLS;4796.0;2
3;62800;Caesar;Paris;UKULELE;SEASHELLS;20638.0;2
3;62800;Caesar;Paris;DIP;SEASHELLS;7072.0;7
3;63200;Charlie;Gina;BANANAS;SEASHELLS;4791.0;13
3;63300;Caesar;Paris;BAGUETTE;SEASHELLS;12343.0;5
3;63400;Paris;Caesar;BAGUETTE;SEASHELLS;12346.0;7
3;63400;Peter;Caesar;PINA_COLADAS;SEASHELLS;14896.0;5
3;63500;Gary;Charlie;BANANAS;SEASHELLS;4796.0;14
3;63500;Gary;Caesar;BANANAS;SEASHELLS;4796.0;2
3;63600;Camilla;Penelope;BERRIES;SEASHELLS;3901.0;11
3;63800;Paris;Caesar;BAGUETTE;SEASHELLS;12346.0;5
3;63800;Caesar;Paris;UKULELE;SEASHELLS;20631.0;1
3;63800;Caesar;Camilla;DIP;SEASHELLS;7075.0;4
3;63900;Pablo;Caesar;COCONUTS;SEASHELLS;7949.0;22
3;63900;Paris;Charlie;BANANAS;SEASHELLS;4795.0;1
3;64000;Caesar;Paris;DIP;SEASHELLS;7074.0;10
3;64100;Charlie;Paris;BANANAS;SEASHELLS;4790.0;1
3;64300;Paris;Camilla;PEARLS;SEASHELLS;10002.0;1
3;64400;Pablo;Paris;PEARLS;SEASHELLS;10002.0;1
3;64400;Caesar;Caesar;COCONUTS;SEASHELLS;7948.0;77
3;64400;Paris;Caesar;UKULELE;SEASHELLS;20636.0;2
3;64400;Caesar;Camilla;DIP;SEASHELLS;7076.0;5
3;64500;Camilla;Paris;BANANAS;SEASHELLS;4790.0;1
3;64500;Camilla;Paris;PEARLS;SEASHELLS;9998.0;1
3;64700;Paris;Charlie;PEARLS;SEASHELLS;10005.0;2
3;64700;Paris;Charlie;BANANAS;SEASHELLS;4796.0;2
3;64800;Caesar;Pablo;PICNIC_BASKET;SEASHELLS;74059.0;2
3;65000;Camilla;Paris;PEARLS;SEASHELLS;9998.0;2
3;65000;Camilla;Paris;BANANAS;SEASHELLS;4790.0;2
3;65100;Charlie;Paris;BANANAS;SEASHELLS;4790.0;1
3;65400;Penelope;Camilla;BERRIES;SEASHELLS;3908.0;13
3;65500;Caesar;Paris;UKULELE;SEASHELLS;20649.0;2
3;65700;Paris;Charlie;BANANAS;SEASHELLS;4795.0;1
3;65800;Caesar;Paris;UKULELE;SEASHELLS;20648.0;4
3;65900;Caesar;Camilla;DIP;SEASHELLS;7078.0;10
3;66200;Camilla;Paris;BANANAS;SEASHELLS;4790.0;1
3;66200;Caesar;Paris;BAGUETTE;SEASHELLS;12328.0;7
3;66200;Charlie;Pablo;PEARLS;SEASHELLS;9998.0;2
3;66200;Camilla;Pablo;PEARLS;SEASHELLS;9998.0;2
3;66500;Caesar;Caesar;COCONUTS;SEASHELLS;7949.0;52
3;66600;Paris;Charlie;DIVING_GEAR;SEASHELLS;99870.0;1
3;66700;Camilla;Penelope;BERRIES;SEASHELLS;3900.0;10
3;66700;Charlie;Paris;BANANAS;SEASHELLS;4790.0;1
3;66700;Paris;Charlie;DIVING_GEAR;SEASHELLS;99873.0;3
3;66800;Caesar;Paris;UKULELE;SEASHELLS;20645.0;3
3;66800;Gary;Peter;BERRIES;SEASHELLS;3903.0;3
3;66800;Paris;Caesar;PEARLS;SEASHELLS;10002.0;1
3;66900;Charlie;Camilla;DIVING_GEAR;SEASHELLS;99878.0;3
3;67000;Charlie;Camilla;DIVING_GEAR;SEASHELLS;99875.0;3
3;67100;Paris;Charlie;BANANAS;SEASHELLS;4796.0;1
3;67100;Caesar;Paris;UKULELE;SEASHELLS;20645.0;3
3;67300;Paris;Caesar;UKULELE;SEASHELLS;20645.0;1
3;67400;Paris;Caesar;DIP;SEASHELLS;7079.0;8
3;67900;Caesar;Paris;UKULELE;SEASHELLS;20648.0;5
3;68200;Camilla;Paris;DIVING_GEAR;SEASHELLS;99863.0;2
3;68500;Charlie;Peter;PINA_COLADAS;SEASHELLS;14904.0;4
3;68500;Caesar;Paris;UKULELE;SEASHELLS;20636.0;5
3;68500;Penelope;Charlie;BANANAS;SEASHELLS;4799.0;12
3;68600;Caesar;Paris;BAGUETTE;SEASHELLS;12339.0;8
3;68600;Paris;Pablo;BANANAS;SEASHELLS;4794.0;1
3;68600;Paris;Caesar;PEARLS;SEASHELLS;10004.0;1
3;68700;Paris;Camilla;BANANAS;SEASHELLS;4797.0;1
3;68900;Paris;Camilla;DIVING_GEAR;SEASHELLS;99804.0;3
3;68900;Gary;Charlie;BANANAS;SEASHELLS;4798.0;13
3;68900;Caesar;Paris;DIP;SEASHELLS;7076.0;10
3;69400;Penelope;Caesar;PICNIC_BASKET;SEASHELLS;74090.0;1
3;69500;Charlie;Gary;PEARLS;SEASHELLS;9995.0;11
3;69700;Charlie;Paris;BANANAS;SEASHELLS;4792.0;1
3;69900;Paris;Caesar;UKULELE;SEASHELLS;20634.0;1
3;70000;Caesar;Camilla;UKULELE;SEASHELLS;20641.0;7
3;70100;Pablo;Gary;BERRIES;SEASHELLS;3902.0;15
3;70200;Paris;Caesar;PEARLS;SEASHELLS;10004.0;1
3;70200;Paris;Charlie;BANANAS;SEASHELLS;4799.0;1
3;70300;Gina;Charlie;BANANAS;SEASHELLS;4797.0;10
3;70900;Caesar;Paris;UKULELE;SEASHELLS;20633.0;1
3;71100;Paris;Charlie;BANANAS;SEASHELLS;4796.0;1
3;71200;Charlie;Paris;PEARLS;SEASHELLS;9998.0;1
3;71300;Penelope;Caesar;PICNIC_BASKET;SEASHELLS;74086.0;1
3;71300;Caesar;Paris;DIP;SEASHELLS;7079.0;6
3;71500;Paris;Charlie;PEARLS;SEASHELLS;10002.0;1
3;71500;Charlie;Paris;BANANAS;SEASHELLS;4792.0;1
3;71600;Charlie;Paris;BANANAS;SEASHELLS;4792.0;1
3;71900;Charlie;Paris;DIVING_GEAR;SEASHELLS;99829.0;2
3;71900;Camilla;Pablo;BANANAS;SEASHELLS;4793.0;3
3;71900;Camilla;Paris;PEARLS;SEASHELLS;9998.0;1
3;72100;Charlie;Peter;PINA_COLADAS;SEASHELLS;14918.0;4
3;72400;Camilla;Pablo;PICNIC_BASKET;SEASHELLS;74096.0;5
3;72400;Caesar;Pablo;PICNIC_BASKET;SEASHELLS;74097.0;1
3;72600;Paris;Camilla;DIVING_GEAR;SEASHELLS;99817.0;1
3;72700;Gary;Camilla;BERRIES;SEASHELLS;3906.0;12
3;72900;Caesar;Paris;BAGUETTE;SEASHELLS;12336.0;5
3;72900;Charlie;Paris;PEARLS;SEASHELLS;9998.0;1
3;73000;Paris;Paris;BANANAS;SEASHELLS;4797.0;1
3;73000;Camilla;Paris;PEARLS;SEASHELLS;9998.0;1
3;73100;Paris;Caesar;BAGUETTE;SEASHELLS;12338.0;8
3;73300;Paris;Caesar;UKULELE;SEASHELLS;20618.0;4
3;73300;Caesar;Paris;BANANAS;SEASHELLS;4792.0;1
3;73600;Camilla;Camilla;DIVING_GEAR;SEASHELLS;99810.0;1
3;73700;Paris;Camilla;BERRIES;SEASHELLS;3907.0;4
3;73700;Pablo;Paris;PEARLS;SEASHELLS;10002.0;1
3;73800;Paris;Camilla;PEARLS;SEASHELLS;10002.0;2
3;73800;Paris;Camilla;BANANAS;SEASHELLS;4795.0;2
3;74000;Charlie;Paris;DIVING_GEAR;SEASHELLS;99799.0;3
3;74000;Caesar;Paris;BAGUETTE;SEASHELLS;12341.0;5
3;74100;Paris;Camilla;BERRIES;SEASHELLS;3907.0;8
3;74200;Gina;Paris;BANANAS;SEASHELLS;4789.0;1
3;74300;Paris;Charlie;BANANAS;SEASHELLS;4796.0;1
3;74300;Paris;Charlie;PEARLS;SEASHELLS;10005.0;1
3;74500;Paris;Charlie;DIVING_GEAR;SEASHELLS;99806.0;1
3;74600;Caesar;Paris;DIP;SEASHELLS;7083.0;8
3;74700;Camilla;Gary;BANANAS;SEASHELLS;4790.0;7
3;74700;Charlie;Gary;BANANAS;SEASHELLS;4790.0;12
3;74900;Camilla;Penelope;BERRIES;SEASHELLS;3900.0;11
3;74900;Caesar;Paris;BAGUETTE;SEASHELLS;12341.0;8
3;75000;Pablo;Charlie;PEARLS;SEASHELLS;10002.0;5
3;75100;Charlie;Paris;BANANAS;SEASHELLS;4790.0;1
3;75100;Charlie;Paris;PEARLS;SEASHELLS;9995.0;1
3;75200;Camilla;Camilla;DIVING_GEAR;SEASHELLS;99810.0;3
3;75500;Caesar;Paris;BAGUETTE;SEASHELLS;12344.0;7
3;75700;Camilla;Pablo;PEARLS;SEASHELLS;9998.0;1
3;75800;Paris;Camilla;BANANAS;SEASHELLS;4794.0;1
3;75800;Paris;Camilla;PEARLS;SEASHELLS;10002.0;1
3;75900;Camilla;Paris;DIVING_GEAR;SEASHELLS;99809.0;1
3;75900;Paris;Caesar;DIP;SEASHELLS;7084.0;5
3;76100;Charlie;Camilla;DIVING_GEAR;SEASHELLS;99805.0;1
3;76100;Charlie;Peter;PINA_COLADAS;SEASHELLS;14910.0;3
3;76300;Charlie;Gary;PEARLS;SEASHELLS;9996.0;7
3;76300;Caesar;Gary;PEARLS;SEASHELLS;9996.0;1
3;76400;Camilla;Penelope;BERRIES;SEASHELLS;3898.0;15
3;76500;Paris;Charlie;BANANAS;SEASHELLS;4795.0;1
3;76500;Paris;Charlie;PEARLS;SEASHELLS;10002.0;1
3;76500;Paris;Caesar;PEARLS;SEASHELLS;10004.0;1
3;76500;Charlie;Gary;BANANAS;SEASHELLS;4789.0;20
3;76900;Caesar;Paris;UKULELE;SEASHELLS;20600.0;2
3;77100;Paris;Camilla;PEARLS;SEASHELLS;10002.0;1
3;77200;Camilla;Paris;BERRIES;SEASHELLS;3898.0;6
3;77400;Charlie;Paris;BANANAS;SEASHELLS;4787.0;1
3;77800;Camilla;Pablo;BANANAS;SEASHELLS;4788.0;3
3;78000;Paris;Camilla;BERRIES;SEASHELLS;3905.0;8
3;78100;Paris;Camilla;BERRIES;SEASHELLS;3904.0;6
3;78200;Paris;Paris;PEARLS;SEASHELLS;10002.0;1
3;78200;Paris;Paris;BANANAS;SEASHELLS;4792.0;1
3;78300;Gina;Charlie;BANANAS;SEASHELLS;4791.0;11
3;78300;Gina;Paris;BANANAS;SEASHELLS;4787.0;1
3;78400;Caesar;Paris;BAGUETTE;SEASHELLS;12326.0;8
3;78600;Paris;Charlie;PEARLS;SEASHELLS;10002.0;1
3;78700;Charlie;Pablo;PEARLS;SEASHELLS;9998.0;2
3;78800;Paris;Charlie;PEARLS;SEASHELLS;10002.0;1
3;78800;Paris;Charlie;DIVING_GEAR;SEASHELLS;99825.0;2
3;79000;Paris;Charlie;PEARLS;SEASHELLS;10002.0;1
3;79200;Charlie;Caesar;BANANAS;SEASHELLS;4789.0;3
3;79200;Paris;Caesar;BANANAS;SEASHELLS;4792.0;1
3;79200;Paris;Charlie;PEARLS;SEASHELLS;10005.0;2
3;79200;Paris;Caesar;BANANAS;SEASHELLS;4789.0;2
3;79400;Paris;Caesar;UKULELE;SEASHELLS;20618.0;3
3;79600;Caesar;Camilla;UKULELE;SEASHELLS;20620.0;5
3;79700;Camilla;Paris;DIVING_GEAR;SEASHELLS;99810.0;3
3;79700;Caesar;Camilla;DIP;SEASHELLS;7085.0;5
3;79900;Paris;Camilla;BERRIES;SEASHELLS;3904.0;2
3;80000;Paris;Caesar;UKULELE;SEASHELLS;20630.0;5
3;80000;Camilla;Pablo;PEARLS;SEASHELLS;9998.0;2
3;80100;Paris;Charlie;BANANAS;SEASHELLS;4790.0;1
3;80400;Charlie;Paris;BANANAS;SEASHELLS;4785.0;1
3;80400;Caesar;Paris;UKULELE;SEASHELLS;20629.0;3
3;80700;Charlie;Peter;COCONUTS;SEASHELLS;7954.0;5
3;80800;Charlie;Paris;PEARLS;SEASHELLS;9998.0;1
3;80800;Caesar;Camilla;DIP;SEASHELLS;7086.0;4
3;80900;Camilla;Paris;BERRIES;SEASHELLS;3897.0;10
3;81000;Caesar;Paris;DIP;SEASHELLS;7083.0;6
3;81000;Camilla;Paris;BANANAS;SEASHELLS;4786.0;1
3;81100;Charlie;Camilla;DIVING_GEAR;SEASHELLS;99797.0;1
3;81200;Caesar;Paris;BAGUETTE;SEASHELLS;12315.0;3
3;81300;Pablo;Caesar;PINA_COLADAS;SEASHELLS;14908.0;5
3;81300;Peter;Charlie;PINA_COLADAS;SEASHELLS;14909.0;5
3;81300;Paris;Caesar;UKULELE;SEASHELLS;20627.0;3
3;81500;Charlie;Paris;BANANAS;SEASHELLS;4787.0;1
3;81500;Charlie;Paris;PEARLS;SEASHELLS;9995.0;1
3;81600;Paris;Camilla;BANANAS;SEASHELLS;4792.0;1
3;81600;Gina;Camilla;BANANAS;SEASHELLS;4792.0;6
3;82000;Caesar;Camilla;DIP;SEASHELLS;7077.0;7
3;82100;Caesar;Paris;UKULELE;SEASHELLS;20630.0;5
3;82200;Camilla;Paris;DIP;SEASHELLS;7077.0;5
3;82200;Camilla;Paris;BANANAS;SEASHELLS;4787.0;2
3;82200;Camilla;Paris;PEARLS;SEASHELLS;9998.0;2
3;82300;Caesar;Paris;BAGUETTE;SEASHELLS;12312.0;4
3;82600;Charlie;Caesar;BANANAS;SEASHELLS;4790.0;2
3;82800;Paris;Camilla;DIVING_GEAR;SEASHELLS;99734.0;3
3;82900;Caesar;Gary;PEARLS;SEASHELLS;9996.0;2
3;83100;Charlie;Caesar;BANANAS;SEASHELLS;4792.0;6
3;83200;Caesar;Paris;DIP;SEASHELLS;7074.0;6
3;83200;Paris;Charlie;PEARLS;SEASHELLS;10002.0;1
3;83300;Paris;Gary;BANANAS;SEASHELLS;4795.0;1
3;83300;Caesar;Paris;PEARLS;SEASHELLS;9996.0;2
3;83300;Charlie;Paris;BANANAS;SEASHELLS;4790.0;2
3;83400;Charlie;Paris;PEARLS;SEASHELLS;9995.0;2
3;83400;Pablo;Paris;BANANAS;SEASHELLS;4794.0;2
3;83500;Caesar;Paris;UKULELE;SEASHELLS;20624.0;5
3;83500;Caesar;Camilla;BAGUETTE;SEASHELLS;12326.0;4
3;83600;Paris;Camilla;PEARLS;SEASHELLS;10002.0;1
3;83600;Caesar;Camilla;BAGUETTE;SEASHELLS;12325.0;6
3;83600;Caesar;Paris;DIP;SEASHELLS;7073.0;6
3;83800;Camilla;Camilla;DIVING_GEAR;SEASHELLS;99730.0;3
3;83900;Paris;Caesar;BAGUETTE;SEASHELLS;12328.0;7
3;84000;Paris;Caesar;UKULELE;SEASHELLS;20629.0;1
3;84000;Camilla;Penelope;PICNIC_BASKET;SEASHELLS;73965.0;10
3;84200;Paris;Camilla;DIVING_GEAR;SEASHELLS;99746.0;2
3;84200;Caesar;Paris;PEARLS;SEASHELLS;9998.0;1
3;84300;Charlie;Paris;BANANAS;SEASHELLS;4787.0;1
3;84300;Caesar;Paris;PEARLS;SEASHELLS;9996.0;1
3;84500;Camilla;Paris;BERRIES;SEASHELLS;3896.0;4
3;84500;Caesar;Paris;UKULELE;SEASHELLS;20624.0;4
3;84700;Paris;Caesar;UKULELE;SEASHELLS;20626.0;3
3;85200;Charlie;Paris;BANANAS;SEASHELLS;4788.0;1
3;85300;Camilla;Paris;PEARLS;SEASHELLS;9998.0;1
3;85400;Charlie;Peter;COCONUTS;SEASHELLS;7955.0;9
3;85500;Caesar;Paris;BAGUETTE;SEASHELLS;12344.0;3
3;85700;Paris;Charlie;PEARLS;SEASHELLS;10002.0;1
3;85700;Paris;Charlie;BANANAS;SEASHELLS;4793.0;1
3;85800;Paris;Camilla;BERRIES;SEASHELLS;3903.0;10
3;85800;Caesar;Camilla;BAGUETTE;SEASHELLS;12344.0;6
3;85900;Caesar;Camilla;DIP;SEASHELLS;7067.0;5
3;85900;Charlie;Paris;BANANAS;SEASHELLS;4788.0;1
3;86200;Charlie;Paris;PEARLS;SEASHELLS;9998.0;1
3;86200;Penelope;Camilla;BERRIES;SEASHELLS;3904.0;11
3;86200;Paris;Charlie;DIVING_GEAR;SEASHELLS;99711.0;3
3;86200;Camilla;Charlie;DIVING_GEAR;SEASHELLS;99710.0;2
3;86300;Caesar;Paris;DIP;SEASHELLS;7064.0;6
3;86300;Caesar;Paris;UKULELE;SEASHELLS;20615.0;1
3;86400;Charlie;Paris;BANANAS;SEASHELLS;4789.0;1
3;86600;Paris;Camilla;BANANAS;SEASHELLS;4795.0;1
3;86700;Caesar;Camilla;DIP;SEASHELLS;7067.0;3
3;86800;Paris;Camilla;PEARLS;SEASHELLS;10002.0;1
3;86800;Charlie;Paris;BANANAS;SEASHELLS;4790.0;1
3;87100;Caesar;Camilla;DIP;SEASHELLS;7069.0;10
3;87100;Charlie;Paris;BANANAS;SEASHELLS;4790.0;1
3;87200;Caesar;Gina;BANANAS;SEASHELLS;4789.0;2
3;87200;Charlie;Gina;BANANAS;SEASHELLS;4789.0;11
3;87300;Camilla;Penelope;PEARLS;SEASHELLS;9998.0;3
3;87400;Caesar;Paris;UKULELE;SEASHELLS;20617.0;1
3;87400;Paris;Caesar;DIP;SEASHELLS;7071.0;8
3;87700;Camilla;Paris;DIVING_GEAR;SEASHELLS;99707.0;3
3;88100;Caesar;Camilla;BAGUETTE;SEASHELLS;12348.0;6
3;88100;Penelope;Camilla;PICNIC_BASKET;SEASHELLS;74031.0;5
3;88300;Pablo;Charlie;BANANAS;SEASHELLS;4793.0;1
3;88300;Paris;Charlie;BANANAS;SEASHELLS;4794.0;1
3;88500;Paris;Caesar;UKULELE;SEASHELLS;20626.0;1
3;88600;Paris;Caesar;UKULELE;SEASHELLS;20627.0;2
3;88700;Paris;Caesar;UKULELE;SEASHELLS;20632.0;1
3;88700;Caesar;Camilla;BAGUETTE;SEASHELLS;12360.0;6
3;88700;Caesar;Camilla;DIP;SEASHELLS;7067.0;8
3;88800;Charlie;Pablo;BANANAS;SEASHELLS;4792.0;2
3;88800;Gary;Pablo;PEARLS;SEASHELLS;9998.0;5
3;88900;Caesar;Paris;BAGUETTE;SEASHELLS;12360.0;8
3;89000;Pablo;Charlie;PEARLS;SEASHELLS;10002.0;2
3;89000;Pablo;Camilla;PICNIC_BASKET;SEASHELLS;74083.0;6
3;89000;Pablo;Caesar;PICNIC_BASKET;SEASHELLS;74083.0;1
3;89100;Charlie;Pablo;BANANAS;SEASHELLS;4791.0;2
3;89200;Caesar;Paris;DIP;SEASHELLS;7064.0;10
3;89400;Caesar;Paris;PEARLS;SEASHELLS;10000.0;2
3;89400;Pablo;Paris;BANANAS;SEASHELLS;4793.0;2
3;89400;Paris;Camilla;PEARLS;SEASHELLS;10002.0;1
3;89500;Caesar;Paris;UKULELE;SEASHELLS;20635.0;1
3;89700;Caesar;Paris;UKULELE;SEASHELLS;20635.0;5
3;89800;Pablo;Caesar;PINA_COLADAS;SEASHELLS;14902.0;15
3;89800;Paris;Caesar;BAGUETTE;SEASHELLS;12360.0;4
3;89900;Caesar;Camilla;DIP;SEASHELLS;7067.0;3
3;89900;Paris;Camilla;PEARLS;SEASHELLS;10002.0;1
3;90000;Caesar;Caesar;COCONUTS;SEASHELLS;7958.0;74
3;90000;Paris;Camilla;BANANAS;SEASHELLS;4794.0;1
3;90000;Paris;Camilla;BANANAS;SEASHELLS;4795.0;1
3;90000;Paris;Pablo;PEARLS;SEASHELLS;9998.0;2
3;90500;Paris;Charlie;PEARLS;SEASHELLS;10002.0;1
3;90700;Paris;Caesar;UKULELE;SEASHELLS;20644.0;2
3;90700;Charlie;Paris;BANANAS;SEASHELLS;4791.0;1
3;90800;Charlie;Paris;BANANAS;SEASHELLS;4791.0;1
3;90800;Pablo;Charlie;PEARLS;SEASHELLS;10002.0;2
3;90900;Charlie;Paris;PEARLS;SEASHELLS;9998.0;1
3;91000;Caesar;Paris;BAGUETTE;SEASHELLS;12371.0;4
3;91100;Caesar;Paris;PEARLS;SEASHELLS;9996.0;2
3;91100;Paris;Caesar;UKULELE;SEASHELLS;20645.0;2
3;91100;Charlie;Paris;BANANAS;SEASHELLS;4791.0;2
3;91200;Camilla;Gary;BERRIES;SEASHELLS;3895.0;10
3;91200;Camilla;Pablo;PICNIC_BASKET;SEASHELLS;74151.0;2
3;91200;Caesar;Pablo;PICNIC_BASKET;SEASHELLS;74152.0;2
3;91600;Caesar;Paris;UKULELE;SEASHELLS;20641.0;5
3;91600;Camilla;Gary;PEARLS;SEASHELLS;9998.0;6
3;91600;Caesar;Paris;BAGUETTE;SEASHELLS;12364.0;4
3;91800;Charlie;Paris;BANANAS;SEASHELLS;4790.0;2
3;91800;Caesar;Paris;PEARLS;SEASHELLS;9996.0;1
3;91800;Charlie;Paris;PEARLS;SEASHELLS;9996.0;1
3;91900;Caesar;Pablo;PICNIC_BASKET;SEASHELLS;74126.0;1
3;91900;Camilla;Pablo;PICNIC_BASKET;SEASHELLS;74125.0;5
3;92000;Caesar;Camilla;DIP;SEASHELLS;7071.0;4
3;92200;Charlie;Paris;PEARLS;SEASHELLS;9998.0;1
3;92300;Caesar;Gary;PEARLS;SEASHELLS;9996.0;1
3;92300;Charlie;Gary;PEARLS;SEASHELLS;9996.0;8
3;92300;Paris;Caesar;BAGUETTE;SEASHELLS;12363.0;8
3;92400;Peter;Charlie;COCONUTS;SEASHELLS;7956.0;10
3;92400;Paris;Charlie;PEARLS;SEASHELLS;10005.0;2
3;92400;Pablo;Charlie;BANANAS;SEASHELLS;4796.0;4
3;92400;Paris;Charlie;BANANAS;SEASHELLS;4798.0;2
3;92600;Caesar;Paris;UKULELE;SEASHELLS;20641.0;1
3;92600;Caesar;Camilla;UKULELE;SEASHELLS;20641.0;4
3;92800;Pablo;Camilla;PEARLS;SEASHELLS;10002.0;2
3;92800;Paris;Caesar;UKULELE;SEASHELLS;20645.0;1
3;93200;Camilla;Paris;UKULELE;SEASHELLS;20647.0;3
3;93300;Charlie;Paris;PEARLS;SEASHELLS;9995.0;2
3;93300;Caesar;Paris;UKULELE;SEASHELLS;20646.0;2
3;93300;Charlie;Paris;BANANAS;SEASHELLS;4791.0;2
3;93400;Caesar;Camilla;BAGUETTE;SEASHELLS;12367.0;4
3;93400;Penelope;Camilla;PICNIC_BASKET;SEASHELLS;74126.0;5
3;93400;Paris;Camilla;BERRIES;SEASHELLS;3903.0;8
3;93600;Caesar;Camilla;DIP;SEASHELLS;7071.0;3
3;93700;Paris;Camilla;BERRIES;SEASHELLS;3902.0;10
3;93700;Camilla;Paris;PEARLS;SEASHELLS;9998.0;1
3;93700;Camilla;Paris;BANANAS;SEASHELLS;4792.0;1
3;93700;Camilla;Penelope;PEARLS;SEASHELLS;9998.0;3
3;93900;Charlie;Paris;PEARLS;SEASHELLS;9995.0;1
3;93900;Charlie;Paris;BANANAS;SEASHELLS;4792.0;1
3;93900;Paris;Caesar;UKULELE;SEASHELLS;20651.0;4
3;94200;Caesar;Paris;BAGUETTE;SEASHELLS;12360.0;4
3;94300;Caesar;Camilla;BAGUETTE;SEASHELLS;12361.0;6
3;94500;Paris;Caesar;DIP;SEASHELLS;7073.0;8
3;94600;Paris;Charlie;BANANAS;SEASHELLS;4797.0;1
3;94600;Pablo;Charlie;BANANAS;SEASHELLS;4796.0;2
3;94600;Charlie;Gina;PEARLS;SEASHELLS;9998.0;6
3;94600;Paris;Caesar;DIP;SEASHELLS;7071.0;4
3;94800;Paris;Caesar;DIP;SEASHELLS;7070.0;10
3;95000;Caesar;Camilla;DIP;SEASHELLS;7072.0;10
3;95000;Penelope;Camilla;PICNIC_BASKET;SEASHELLS;74109.0;9
3;95000;Paris;Charlie;BANANAS;SEASHELLS;4799.0;1
3;95200;Caesar;Camilla;BAGUETTE;SEASHELLS;12366.0;5
3;95400;Paris;Caesar;UKULELE;SEASHELLS;20643.0;4
3;95500;Camilla;Camilla;DIVING_GEAR;SEASHELLS;99686.0;3
3;95600;Paris;Peter;BERRIES;SEASHELLS;3899.0;2
3;95700;Paris;Charlie;BERRIES;SEASHELLS;3904.0;10
3;96100;Gina;Camilla;BANANAS;SEASHELLS;4799.0;5
3;96200;Caesar;Paris;BANANAS;SEASHELLS;4795.0;1
3;96300;Paris;Camilla;BERRIES;SEASHELLS;3903.0;1
3;96900;Paris;Camilla;BANANAS;SEASHELLS;4800.0;1
3;96900;Camilla;Camilla;DIVING_GEAR;SEASHELLS;99703.0;3
3;97100;Charlie;Gary;BANANAS;SEASHELLS;4795.0;12
3;97100;Camilla;Gary;BANANAS;SEASHELLS;4795.0;2
3;97100;Penelope;Caesar;PICNIC_BASKET;SEASHELLS;74112.0;5
3;97500;Paris;Caesar;DIP;SEASHELLS;7068.0;10
3;97600;Camilla;Paris;PEARLS;SEASHELLS;9998.0;1
3;97600;Caesar;Camilla;UKULELE;SEASHELLS;20642.0;4
3;97700;Charlie;Paris;BANANAS;SEASHELLS;4796.0;1
3;97700;Paris;Charlie;PEARLS;SEASHELLS;10005.0;1
3;97700;Paris;Charlie;BANANAS;SEASHELLS;4802.0;1
3;97700;Charlie;Pablo;COCONUTS;SEASHELLS;7949.0;29
3;97800;Caesar;Paris;UKULELE;SEASHELLS;20642.0;1
3;98000;Caesar;Paris;BAGUETTE;SEASHELLS;12370.0;8
3;98100;Caesar;Caesar;COCONUTS;SEASHELLS;7949.0;1
3;98100;Caesar;Caesar;COCONUTS;SEASHELLS;7949.0;46
3;98100;Caesar;Camilla;UKULELE;SEASHELLS;20640.0;7
3;98300;Caesar;Pablo;BANANAS;SEASHELLS;4797.0;1
3;98300;Camilla;Pablo;BANANAS;SEASHELLS;4797.0;1
3;98600;Caesar;Camilla;DIP;SEASHELLS;7070.0;10
3;98700;Charlie;Paris;BANANAS;SEASHELLS;4796.0;2
3;98700;Charlie;Paris;PEARLS;SEASHELLS;9996.0;1
3;98700;Caesar;Paris;PEARLS;SEASHELLS;9996.0;1
3;98700;Caesar;Paris;BAGUETTE;SEASHELLS;12377.0;6
3;98800;Paris;Charlie;DIVING_GEAR;SEASHELLS;99691.0;1
3;98800;Peter;Caesar;PINA_COLADAS;SEASHELLS;14895.0;3
3;98800;Caesar;Paris;BAGUETTE;SEASHELLS;12378.0;4
3;98900;Paris;Charlie;BANANAS;SEASHELLS;4801.0;1
3;98900;Charlie;Paris;PEARLS;SEASHELLS;9998.0;1
3;99100;Caesar;Paris;PEARLS;SEASHELLS;9996.0;1
3;99100;Charlie;Paris;BANANAS;SEASHELLS;4796.0;1
3;99200;Caesar;Caesar;PINA_COLADAS;SEASHELLS;14890.0;21
3;99300;Camilla;Camilla;DIVING_GEAR;SEASHELLS;99729.0;2
3;99500;Paris;Caesar;UKULELE;SEASHELLS;20650.0;2
3;99500;Caesar;Paris;DIP;SEASHELLS;7073.0;8
3;99900;Camilla;Paris;PEARLS;SEASHELLS;9998.0;1
3;100000;Paris;Camilla;DIVING_GEAR;SEASHELLS;99733.0;2
3;100000;Camilla;Paris;PEARLS;SEASHELLS;9998.0;1
3;100100;Paris;Charlie;BANANAS;SEASHELLS;4802.0;1
3;100100;Paris;Caesar;PEARLS;SEASHELLS;10004.0;1
3;100300;Charlie;Paris;PEARLS;SEASHELLS;9998.0;1
3;100600;Camilla;Charlie;DIVING_GEAR;SEASHELLS;99739.0;1
3;100600;Caesar;Paris;BAGUETTE;SEASHELLS;12383.0;5
3;100700;Caesar;Paris;BAGUETTE;SEASHELLS;12383.0;4
3;100800;Gina;Camilla;PEARLS;SEASHELLS;10002.0;5
3;100800;Paris;Caesar;DIP;SEASHELLS;7080.0;5
3;100800;Camilla;Paris;DIVING_GEAR;SEASHELLS;99732.0;2
3;100800;Gina;Charlie;PEARLS;SEASHELLS;10002.0;3
3;101000;Camilla;Paris;BERRIES;SEASHELLS;3896.0;9
3;101100;Charlie;Paris;BANANAS;SEASHELLS;4796.0;2
3;101100;Caesar;Paris;PEARLS;SEASHELLS;9996.0;2
3;101300;Charlie;Paris;BANANAS;SEASHELLS;4796.0;1
3;101500;Caesar;Peter;PINA_COLADAS;SEASHELLS;14897.0;3
3;101500;Caesar;Paris;UKULELE;SEASHELLS;20656.0;4
3;102000;Gina;Charlie;BANANAS;SEASHELLS;4801.0;12
3;102000;Camilla;Pablo;PICNIC_BASKET;SEASHELLS;74099.0;4
3;102000;Caesar;Pablo;PICNIC_BASKET;SEASHELLS;74100.0;1
3;102000;Gina;Paris;BANANAS;SEASHELLS;4796.0;1
3;102000;Paris;Charlie;PEARLS;SEASHELLS;10002.0;1
3;102300;Caesar;Gary;PEARLS;SEASHELLS;9996.0;1
3;102300;Paris;Camilla;BERRIES;SEASHELLS;3902.0;5
3;102400;Penelope;Caesar;PICNIC_BASKET;SEASHELLS;74140.0;2
3;102400;Caesar;Camilla;DIP;SEASHELLS;7083.0;3
3;102800;Paris;Caesar;UKULELE;SEASHELLS;20665.0;3
3;102800;Charlie;Paris;DIVING_GEAR;SEASHELLS;99696.0;3
3;102800;Charlie;Camilla;DIVING_GEAR;SEASHELLS;99696.0;2
3;102800;Gary;Camilla;BERRIES;SEASHELLS;3902.0;11
3;102900;Camilla;Pablo;PEARLS;SEASHELLS;9998.0;2
3;102900;Charlie;Pablo;PEARLS;SEASHELLS;9998.0;3
3;103000;Paris;Caesar;BAGUETTE;SEASHELLS;12377.0;7
3;103000;Caesar;Paris;UKULELE;SEASHELLS;20666.0;2
3;103000;Peter;Charlie;PINA_COLADAS;SEASHELLS;14894.0;4
3;103000;Paris;Charlie;DIVING_GEAR;SEASHELLS;99700.0;2
3;103100;Caesar;Camilla;BAGUETTE;SEASHELLS;12374.0;9
3;103300;Pablo;Charlie;BANANAS;SEASHELLS;4801.0;3
3;103600;Caesar;Paris;UKULELE;SEASHELLS;20668.0;4
3;103900;Paris;Charlie;BANANAS;SEASHELLS;4802.0;1
3;103900;Charlie;Pablo;COCONUTS;SEASHELLS;7944.0;15
3;103900;Paris;Charlie;PEARLS;SEASHELLS;10005.0;1
3;104100;Charlie;Paris;PEARLS;SEASHELLS;9998.0;1
3;104100;Charlie;Pablo;BANANAS;SEASHELLS;4797.0;5
3;104300;Caesar;Camilla;DIP;SEASHELLS;7083.0;8
3;104400;Caesar;Paris;DIP;SEASHELLS;7083.0;4
3;104600;Paris;Caesar;UKULELE;SEASHELLS;20673.0;4
3;104700;Charlie;Paris;BANANAS;SEASHELLS;4796.0;1
3;104800;Paris;Caesar;DIP;SEASHELLS;7085.0;4
3;104800;Camilla;Camilla;DIVING_GEAR;SEASHELLS;99695.0;3
3;104800;Paris;Camilla;PEARLS;SEASHELLS;10002.0;1
3;105000;Charlie;Gina;BANANAS;SEASHELLS;4798.0;12
3;105000;Camilla;Gary;BERRIES;SEASHELLS;3894.0;13
3;105000;Caesar;Paris;UKULELE;SEASHELLS;20662.0;4
3;105300;Paris;Caesar;PEARLS;SEASHELLS;10004.0;2
3;105300;Paris;Charlie;BANANAS;SEASHELLS;4802.0;2
3;105300;Caesar;Caesar;COCONUTS;SEASHELLS;7952.0;55
3;105400;Paris;Charlie;DIVING_GEAR;SEASHELLS;99683.0;3
3;105500;Charlie;Paris;DIVING_GEAR;SEASHELLS;99683.0;2
3;105500;Paris;Caesar;UKULELE;SEASHELLS;20661.0;1
3;105500;Caesar;Camilla;DIP;SEASHELLS;7083.0;6
3;105600;Charlie;Paris;BANANAS;SEASHELLS;4795.0;1
3;105700;Charlie;Penelope;PEARLS;SEASHELLS;9996.0;6
3;105700;Caesar;Penelope;PEARLS;SEASHELLS;9996.0;2
3;105800;Paris;Caesar;PEARLS;SEASHELLS;10004.0;1
3;105800;Paris;Charlie;BANANAS;SEASHELLS;4800.0;1
3;106100;Paris;Caesar;DIP;SEASHELLS;7087.0;10
3;106100;Camilla;Paris;BERRIES;SEASHELLS;3895.0;10
3;106300;Charlie;Paris;BANANAS;SEASHELLS;4794.0;1
3;106300;Charlie;Pablo;COCONUTS;SEASHELLS;7956.0;28
3;106300;Camilla;Paris;DIVING_GEAR;SEASHELLS;99691.0;2
3;106400;Paris;Caesar;UKULELE;SEASHELLS;20661.0;5
3;106500;Charlie;Penelope;BANANAS;SEASHELLS;4793.0;2
3;106700;Peter;Caesar;COCONUTS;SEASHELLS;7959.0;10
3;106800;Charlie;Penelope;BANANAS;SEASHELLS;4794.0;12
3;106800;Pablo;Caesar;COCONUTS;SEASHELLS;7958.0;25
3;106900;Peter;Caesar;PINA_COLADAS;SEASHELLS;14909.0;3
3;106900;Caesar;Paris;UKULELE;SEASHELLS;20651.0;5
3;107000;Charlie;Paris;BANANAS;SEASHELLS;4794.0;1
3;107000;Caesar;Paris;BAGUETTE;SEASHELLS;12391.0;8
3;107400;Charlie;Paris;BANANAS;SEASHELLS;4795.0;1
3;107600;Caesar;Paris;BAGUETTE;SEASHELLS;12395.0;6
3;107700;Pablo;Paris;BANANAS;SEASHELLS;4799.0;1
3;107700;Charlie;Pablo;PINA_COLADAS;SEASHELLS;14897.0;6
3;107800;Gary;Caesar;BANANAS;SEASHELLS;4801.0;2
3;107900;Paris;Caesar;DIP;SEASHELLS;7077.0;8
3;108000;Caesar;Paris;DIP;SEASHELLS;7075.0;4
3;108000;Charlie;Pablo;PEARLS;SEASHELLS;9998.0;2
3;108000;Paris;Charlie;BANANAS;SEASHELLS;4800.0;1
3;108000;Camilla;Pablo;PEARLS;SEASHELLS;9998.0;3
3;108200;Camilla;Paris;BANANAS;SEASHELLS;4796.0;1
3;108400;Paris;Caesar;BAGUETTE;SEASHELLS;12384.0;4
3;108500;Peter;Charlie;COCONUTS;SEASHELLS;7948.0;6
3;108600;Paris;Caesar;DIP;SEASHELLS;7078.0;6
3;108900;Camilla;Gina;PEARLS;SEASHELLS;9998.0;2
3;109000;Paris;Caesar;BAGUETTE;SEASHELLS;12384.0;3
3;109000;Paris;Charlie;BANANAS;SEASHELLS;4801.0;1
3;109300;Paris;Charlie;BANANAS;SEASHELLS;4801.0;1
3;109300;Caesar;Camilla;UKULELE;SEASHELLS;20656.0;10
3;109300;Pablo;Charlie;PEARLS;SEASHELLS;10002.0;5
3;109400;Caesar;Camilla;BAGUETTE;SEASHELLS;12384.0;4
3;109400;Paris;Caesar;DIP;SEASHELLS;7081.0;8
3;109400;Camilla;Paris;DIVING_GEAR;SEASHELLS;99690.0;1
3;109500;Paris;Charlie;PEARLS;SEASHELLS;10002.0;1
3;109500;Caesar;Paris;UKULELE;SEASHELLS;20662.0;1
3;109600;Paris;Caesar;BAGUETTE;SEASHELLS;12387.0;6
3;109700;Penelope;Charlie;PEARLS;SEASHELLS;10004.0;1
3;109700;Penelope;Caesar;PEARLS;SEASHELLS;10004.0;2
3;109700;Penelope;Charlie;BANANAS;SEASHELLS;4803.0;9
3;109700;Penelope;Caesar;BANANAS;SEASHELLS;4803.0;2
3;109800;Caesar;Paris;UKULELE;SEASHELLS;20657.0;3
3;110100;Penelope;Caesar;BANANAS;SEASHELLS;4802.0;1
3;110100;Caesar;Penelope;PICNIC_BASKET;SEASHELLS;74025.0;1
3;110200;Caesar;Caesar;COCONUTS;SEASHELLS;7948.0;50
3;110200;Pablo;Charlie;PEARLS;SEASHELLS;10002.0;5
3;110200;Caesar;Caesar;COCONUTS;SEASHELLS;7948.0;19
3;110200;Gina;Charlie;BANANAS;SEASHELLS;4800.0;7
3;110300;Paris;Gary;PEARLS;SEASHELLS;10002.0;1
3;110400;Penelope;Caesar;PICNIC_BASKET;SEASHELLS;74007.0;1
3;110800;Paris;Caesar;UKULELE;SEASHELLS;20659.0;3
3;110800;Paris;Camilla;DIVING_GEAR;SEASHELLS;99678.0;1
3;110900;Paris;Caesar;BAGUETTE;SEASHELLS;12388.0;7
3;111200;Charlie;Paris;PEARLS;SEASHELLS;9998.0;1
3;111300;Pablo;Camilla;BANANAS;SEASHELLS;4797.0;1
3;111300;Paris;Caesar;UKULELE;SEASHELLS;20661.0;5
3;111300;Paris;Camilla;BANANAS;SEASHELLS;4797.0;1
3;111300;Paris;Camilla;PEARLS;SEASHELLS;10002.0;1
3;111400;Caesar;Penelope;PICNIC_BASKET;SEASHELLS;74009.0;2
3;111400;Caesar;Paris;BANANAS;SEASHELLS;4793.0;1
3;111500;Paris;Charlie;BANANAS;SEASHELLS;4798.0;1
3;111500;Penelope;Charlie;PEARLS;SEASHELLS;10005.0;5
3;111500;Peter;Penelope;BERRIES;SEASHELLS;3898.0;1
3;111600;Caesar;Paris;BAGUETTE;SEASHELLS;12381.0;7
3;111800;Caesar;Camilla;DIP;SEASHELLS;7086.0;5
3;111800;Caesar;Pablo;COCONUTS;SEASHELLS;7948.0;28
3;112100;Charlie;Paris;PEARLS;SEASHELLS;9998.0;1
3;112100;Charlie;Paris;BANANAS;SEASHELLS;4792.0;1
3;112200;Charlie;Penelope;BANANAS;SEASHELLS;4792.0;6
3;112400;Paris;Caesar;UKULELE;SEASHELLS;20668.0;4
3;112400;Caesar;Penelope;PICNIC_BASKET;SEASHELLS;74027.0;1
3;112700;Caesar;Camilla;BAGUETTE;SEASHELLS;12384.0;6
3;112700;Camilla;Paris;DIVING_GEAR;SEASHELLS;99693.0;1
3;112800;Charlie;Paris;PEARLS;SEASHELLS;9998.0;1
3;112800;Camilla;Paris;BERRIES;SEASHELLS;3896.0;1
3;112900;Caesar;Paris;DIP;SEASHELLS;7087.0;9
3;113000;Penelope;Charlie;BANANAS;SEASHELLS;4800.0;7
3;113100;Camilla;Paris;PEARLS;SEASHELLS;9998.0;1
3;113200;Paris;Caesar;DIP;SEASHELLS;7088.0;8
3;113300;Paris;Caesar;UKULELE;SEASHELLS;20681.0;4
3;113300;Caesar;Camilla;UKULELE;SEASHELLS;20679.0;11
3;113300;Paris;Caesar;BANANAS;SEASHELLS;4799.0;1
3;113400;Camilla;Charlie;DIVING_GEAR;SEASHELLS;99718.0;1
3;113500;Paris;Caesar;DIP;SEASHELLS;7086.0;5
3;113500;Paris;Gary;BANANAS;SEASHELLS;4798.0;1
3;113600;Gary;Caesar;PEARLS;SEASHELLS;10004.0;2
3;113600;Gary;Charlie;PEARLS;SEASHELLS;10004.0;8
3;113600;Penelope;Caesar;PICNIC_BASKET;SEASHELLS;74024.0;2
3;113700;Paris;Charlie;BANANAS;SEASHELLS;4798.0;1
3;114200;Peter;Charlie;COCONUTS;SEASHELLS;7956.0;8
3;114500;Pablo;Camilla;PICNIC_BASKET;SEASHELLS;74041.0;1
3;114500;Pablo;Caesar;PICNIC_BASKET;SEASHELLS;74041.0;2
3;114600;Paris;Charlie;PEARLS;SEASHELLS;10002.0;1
3;114700;Charlie;Paris;PEARLS;SEASHELLS;9998.0;1
3;114700;Charlie;Paris;BANANAS;SEASHELLS;4793.0;1
3;115200;Caesar;Penelope;PEARLS;SEASHELLS;9996.0;2
3;115400;Caesar;Paris;UKULELE;SEASHELLS;20679.0;4
3;115400;Caesar;Caesar;COCONUTS;SEASHELLS;7949.0;58
3;115400;Caesar;Paris;BAGUETTE;SEASHELLS;12371.0;6
3;115500;Charlie;Paris;BANANAS;SEASHELLS;4793.0;1
3;115600;Camilla;Pablo;BANANAS;SEASHELLS;4794.0;4
3;115600;Caesar;Paris;DIP;SEASHELLS;7086.0;5
3;115800;Paris;Caesar;DIP;SEASHELLS;7086.0;9
3;115900;Paris;Charlie;DIVING_GEAR;SEASHELLS;99691.0;3
3;116000;Paris;Caesar;BAGUETTE;SEASHELLS;12378.0;5
3;116000;Paris;Caesar;DIP;SEASHELLS;7089.0;4
3;116100;Paris;Camilla;PEARLS;SEASHELLS;10002.0;1
3;116100;Paris;Charlie;DIVING_GEAR;SEASHELLS;99690.0;2
3;116100;Caesar;Paris;DIP;SEASHELLS;7087.0;9
3;116200;Paris;Caesar;UKULELE;SEASHELLS;20684.0;1
3;116300;Caesar;Paris;BAGUETTE;SEASHELLS;12381.0;7
3;116400;Charlie;Paris;PEARLS;SEASHELLS;9998.0;1
3;116500;Caesar;Paris;UKULELE;SEASHELLS;20683.0;2
3;116800;Caesar;Camilla;DIP;SEASHELLS;7083.0;10
3;116900;Pablo;Charlie;PEARLS;SEASHELLS;10002.0;5
3;116900;Caesar;Pablo;PINA_COLADAS;SEASHELLS;14887.0;10
3;117200;Paris;Caesar;DIP;SEASHELLS;7089.0;5
3;117300;Paris;Caesar;DIP;SEASHELLS;7089.0;8
3;117300;Pablo;Charlie;PEARLS;SEASHELLS;10002.0;4
3;117500;Paris;Caesar;BAGUETTE;SEASHELLS;12395.0;6
3;117600;Pablo;Charlie;PEARLS;SEASHELLS;10002.0;4
3;117900;Paris;Caesar;BAGUETTE;SEASHELLS;12395.0;6
3;117900;Paris;Camilla;BERRIES;SEASHELLS;3898.0;2
3;118100;Paris;Camilla;BERRIES;SEASHELLS;3897.0;4
3;118100;Paris;Caesar;DIP;SEASHELLS;7091.0;4
3;118100;Pablo;Camilla;PEARLS;SEASHELLS;10002.0;2
3;118200;Paris;Caesar;BAGUETTE;SEASHELLS;12402.0;6
3;118300;Paris;Caesar;BAGUETTE;SEASHELLS;12405.0;4
3;118300;Paris;Charlie;DIVING_GEAR;SEASHELLS;99706.0;1
3;118400;Paris;Caesar;BAGUETTE;SEASHELLS;12402.0;5
3;118500;Paris;Charlie;BANANAS;SEASHELLS;4795.0;1
3;118600;Charlie;Gary;BANANAS;SEASHELLS;4790.0;16
3;118900;Gary;Camilla;BERRIES;SEASHELLS;3897.0;13
3;119000;Caesar;Paris;BAGUETTE;SEASHELLS;12392.0;5
3;119100;Paris;Caesar;DIP;SEASHELLS;7092.0;6
3;119100;Paris;Charlie;PEARLS;SEASHELLS;10002.0;1
3;119200;Paris;Charlie;BANANAS;SEASHELLS;4796.0;1
3;119300;Caesar;Camilla;DIP;SEASHELLS;7088.0;3
3;119400;Paris;Charlie;BANANAS;SEASHELLS;4796.0;1
3;119500;Paris;Penelope;PEARLS;SEASHELLS;10002.0;1
3;119600;Caesar;Penelope;PICNIC_BASKET;SEASHELLS;74057.0;1
3;119600;Caesar;Paris;DIP;SEASHELLS;7086.0;9
3;119600;Charlie;Gina;BANANAS;SEASHELLS;4792.0;7
3;119700;Caesar;Paris;DIP;SEASHELLS;7086.0;6
3;120000;Caesar;Paris;UKULELE;SEASHELLS;20673.0;1
3;120100;Charlie;Paris;PEARLS;SEASHELLS;9995.0;2
3;120100;Charlie;Paris;BANANAS;SEASHELLS;4791.0;2
3;120200;Paris;Caesar;UKULELE;SEASHELLS;20675.0;5
3;120200;Gary;Charlie;PEARLS;SEASHELLS;10004.0;8
3;120200;Gary;Caesar;PEARLS;SEASHELLS;10004.0;2
3;120400;Charlie;Paris;BANANAS;SEASHELLS;4790.0;1
3;120500;Paris;Caesar;BANANAS;SEASHELLS;4795.0;1
3;120700;Charlie;Paris;PEARLS;SEASHELLS;9998.0;1
3;121000;Paris;Charlie;PEARLS;SEASHELLS;10002.0;1
3;121000;Caesar;Paris;DIP;SEASHELLS;7087.0;8
3;121100;Paris;Caesar;UKULELE;SEASHELLS;20681.0;1
3;121100;Paris;Charlie;PEARLS;SEASHELLS;10002.0;1
3;121300;Paris;Caesar;UKULELE;SEASHELLS;20678.0;4
3;121300;Charlie;Paris;PEARLS;SEASHELLS;9998.0;1
3;121300;Camilla;Charlie;DIVING_GEAR;SEASHELLS;99667.0;1
3;121500;Charlie;Pablo;PEARLS;SEASHELLS;9998.0;3
3;121600;Paris;Charlie;DIVING_GEAR;SEASHELLS;99667.0;3
3;122000;Caesar;Paris;BAGUETTE;SEASHELLS;12408.0;6
3;122000;Caesar;Paris;UKULELE;SEASHELLS;20667.0;4
3;122100;Paris;Caesar;PEARLS;SEASHELLS;10004.0;2
3;122100;Caesar;Paris;UKULELE;SEASHELLS;20668.0;5
3;122100;Paris;Charlie;BANANAS;SEASHELLS;4795.0;2
3;122200;Camilla;Paris;DIVING_GEAR;SEASHELLS;99628.0;1
3;122300;Paris;Caesar;UKULELE;SEASHELLS;20667.0;2
3;122300;Caesar;Camilla;DIP;SEASHELLS;7087.0;4
3;122300;Camilla;Penelope;BANANAS;SEASHELLS;4790.0;5
3;122500;Charlie;Pablo;PEARLS;SEASHELLS;9998.0;5
3;122500;Paris;Camilla;DIVING_GEAR;SEASHELLS;99639.0;1
3;122600;Charlie;Pablo;PEARLS;SEASHELLS;9998.0;4
3;122600;Paris;Charlie;BANANAS;SEASHELLS;4793.0;1
3;122800;Camilla;Paris;PEARLS;SEASHELLS;9998.0;1
3;122900;Gary;Charlie;BANANAS;SEASHELLS;4792.0;11
3;122900;Gary;Camilla;BANANAS;SEASHELLS;4792.0;4
3;123000;Paris;Caesar;UKULELE;SEASHELLS;20672.0;1
3;123100;Caesar;Paris;DIP;SEASHELLS;7083.0;7
3;123100;Charlie;Pablo;BANANAS;SEASHELLS;4789.0;3
3;123300;Caesar;Paris;DIP;SEASHELLS;7084.0;7
3;123300;Caesar;Paris;BAGUETTE;SEASHELLS;12406.0;4
3;123300;Pablo;Caesar;PICNIC_BASKET;SEASHELLS;73952.0;1
3;123300;Caesar;Caesar;COCONUTS;SEASHELLS;7931.0;48
3;123400;Camilla;Paris;PEARLS;SEASHELLS;9998.0;1
3;123500;Charlie;Paris;PEARLS;SEASHELLS;9998.0;1
3;123600;Charlie;Pablo;COCONUTS;SEASHELLS;7932.0;10
3;123700;Caesar;Camilla;BAGUETTE;SEASHELLS;12401.0;8
3;123700;Camilla;Penelope;BERRIES;SEASHELLS;3887.0;10
3;124100;Paris;Caesar;UKULELE;SEASHELLS;20677.0;5
3;124100;Charlie;Paris;BANANAS;SEASHELLS;4788.0;1
3;124200;Paris;Charlie;BANANAS;SEASHELLS;4794.0;1
3;124200;Paris;Gina;PEARLS;SEASHELLS;9998.0;1
3;124300;Charlie;Pablo;PEARLS;SEASHELLS;9998.0;1
3;124400;Paris;Caesar;BAGUETTE;SEASHELLS;12394.0;4
3;124400;Paris;Camilla;BANANAS;SEASHELLS;4792.0;1
3;124400;Paris;Camilla;PEARLS;SEASHELLS;10002.0;1
3;124500;Camilla;Camilla;DIVING_GEAR;SEASHELLS;99637.0;3
3;124500;Camilla;Gina;PEARLS;SEASHELLS;9998.0;3
3;124600;Paris;Pablo;BANANAS;SEASHELLS;4789.0;1
3;124600;Caesar;Pablo;BANANAS;SEASHELLS;4789.0;3
3;124600;Caesar;Paris;DIP;SEASHELLS;7086.0;4
3;124900;Camilla;Paris;BANANAS;SEASHELLS;4788.0;1
3;125100;Paris;Caesar;BAGUETTE;SEASHELLS;12399.0;4
3;125100;Charlie;Paris;BANANAS;SEASHELLS;4787.0;2
3;125100;Charlie;Paris;PEARLS;SEASHELLS;9995.0;2
3;125200;Charlie;Camilla;DIVING_GEAR;SEASHELLS;99624.0;1
3;125200;Caesar;Paris;DIP;SEASHELLS;7089.0;6
3;125200;Caesar;Paris;BANANAS;SEASHELLS;4788.0;1
3;125500;Caesar;Paris;BAGUETTE;SEASHELLS;12406.0;4
3;125700;Charlie;Paris;BANANAS;SEASHELLS;4787.0;2
3;125700;Caesar;Paris;BAGUETTE;SEASHELLS;12405.0;6
3;125700;Caesar;Paris;PEARLS;SEASHELLS;9996.0;1
3;125800;Camilla;Paris;PEARLS;SEASHELLS;9998.0;1
3;125800;Camilla;Paris;BANANAS;SEASHELLS;4788.0;1
3;125900;Paris;Caesar;UKULELE;SEASHELLS;20670.0;3
3;126000;Charlie;Paris;BANANAS;SEASHELLS;4786.0;2
3;126000;Caesar;Paris;PEARLS;SEASHELLS;9996.0;1
3;126000;Charlie;Paris;PEARLS;SEASHELLS;9996.0;1
3;126200;Charlie;Pablo;BANANAS;SEASHELLS;4787.0;1
3;126300;Caesar;Caesar;PINA_COLADAS;SEASHELLS;14864.0;6
3;126300;Pablo;Camilla;PEARLS;SEASHELLS;10002.0;1
3;126300;Pablo;Caesar;PINA_COLADAS;SEASHELLS;14864.0;14
3;126500;Caesar;Paris;UKULELE;SEASHELLS;20679.0;1
3;126800;Paris;Camilla;BERRIES;SEASHELLS;3897.0;2
3;126800;Caesar;Penelope;PICNIC_BASKET;SEASHELLS;73920.0;1
3;126800;Paris;Camilla;DIVING_GEAR;SEASHELLS;99623.0;3
3;126800;Gary;Camilla;BANANAS;SEASHELLS;4789.0;2
3;126900;Charlie;Pablo;PEARLS;SEASHELLS;9998.0;1
3;127100;Caesar;Paris;DIP;SEASHELLS;7093.0;8
3;127200;Caesar;Paris;DIP;SEASHELLS;7093.0;8
3;127300;Charlie;Pablo;PEARLS;SEASHELLS;9998.0;2
3;127400;Charlie;Gary;PEARLS;SEASHELLS;9996.0;7
3;127400;Caesar;Gary;PEARLS;SEASHELLS;9996.0;2
3;127400;Penelope;Camilla;BERRIES;SEASHELLS;3896.0;10
3;127500;Pablo;Charlie;PEARLS;SEASHELLS;10002.0;5
3;127600;Peter;Charlie;COCONUTS;SEASHELLS;7938.0;7
3;127800;Camilla;Gary;BERRIES;SEASHELLS;3889.0;16
3;127900;Charlie;Pablo;PEARLS;SEASHELLS;9998.0;4
3;128000;Caesar;Paris;UKULELE;SEASHELLS;20677.0;5
3;128000;Caesar;Paris;BANANAS;SEASHELLS;4787.0;1
3;128100;Charlie;Paris;BANANAS;SEASHELLS;4786.0;2
3;128100;Paris;Paris;PEARLS;SEASHELLS;10002.0;1
3;128300;Paris;Camilla;DIVING_GEAR;SEASHELLS;99623.0;1
3;128500;Paris;Charlie;PEARLS;SEASHELLS;10002.0;1
3;128600;Caesar;Paris;BANANAS;SEASHELLS;4788.0;1
3;128600;Paris;Caesar;DIP;SEASHELLS;7105.0;10
3;128800;Caesar;Paris;BANANAS;SEASHELLS;4787.0;1
3;128900;Paris;Caesar;UKULELE;SEASHELLS;20691.0;1
3;128900;Caesar;Paris;DIP;SEASHELLS;7101.0;10
3;129000;Camilla;Camilla;DIVING_GEAR;SEASHELLS;99627.0;1
3;129000;Paris;Camilla;BANANAS;SEASHELLS;4792.0;1
3;129000;Paris;Caesar;UKULELE;SEASHELLS;20690.0;5
3;129200;Paris;Charlie;BANANAS;SEASHELLS;4791.0;1
3;129300;Caesar;Penelope;PEARLS;SEASHELLS;9996.0;1
3;129300;Charlie;Penelope;PEARLS;SEASHELLS;9996.0;7
3;129400;Gina;Penelope;PEARLS;SEASHELLS;10002.0;5
3;129500;Paris;Camilla;PEARLS;SEASHELLS;10002.0;1
3;129500;Paris;Camilla;BANANAS;SEASHELLS;4791.0;1
3;129600;Caesar;Paris;UKULELE;SEASHELLS;20687.0;1
3;129600;Charlie;Paris;BANANAS;SEASHELLS;4787.0;1
3;129700;Charlie;Penelope;BANANAS;SEASHELLS;4787.0;9
3;129700;Charlie;Paris;BANANAS;SEASHELLS;4787.0;1
3;129700;Gary;Charlie;BANANAS;SEASHELLS;4793.0;19
3;129800;Charlie;Paris;BANANAS;SEASHELLS;4786.0;1
3;129800;Caesar;Paris;PEARLS;SEASHELLS;9996.0;1
3;129800;Paris;Camilla;DIVING_GEAR;SEASHELLS;99627.0;1
3;130000;Paris;Camilla;PEARLS;SEASHELLS;10002.0;1
3;130000;Camilla;Pablo;PICNIC_BASKET;SEASHELLS;74030.0;7
3;130200;Caesar;Paris;DIP;SEASHELLS;7101.0;5
3;130200;Paris;Caesar;BANANAS;SEASHELLS;4791.0;1
3;130500;Paris;Charlie;BANANAS;SEASHELLS;4792.0;2
3;130500;Paris;Paris;PEARLS;SEASHELLS;9998.0;1
3;130500;Gary;Charlie;BANANAS;SEASHELLS;4792.0;13
3;130600;Paris;Caesar;UKULELE;SEASHELLS;20688.0;3
3;130800;Charlie;Paris;BANANAS;SEASHELLS;4786.0;1
3;130800;Camilla;Paris;BERRIES;SEASHELLS;3890.0;6
3;130800;Charlie;Paris;PEARLS;SEASHELLS;9998.0;1
3;131000;Paris;Charlie;DIVING_GEAR;SEASHELLS;99626.0;1
3;131000;Camilla;Paris;BANANAS;SEASHELLS;4787.0;1
3;131000;Camilla;Paris;PEARLS;SEASHELLS;9998.0;1
3;131100;Charlie;Pablo;BANANAS;SEASHELLS;4788.0;3
3;131200;Charlie;Camilla;DIVING_GEAR;SEASHELLS;99628.0;1
3;131300;Camilla;Gary;BERRIES;SEASHELLS;3890.0;16
3;131300;Paris;Charlie;DIVING_GEAR;SEASHELLS;99629.0;3
3;131300;Caesar;Paris;DIP;SEASHELLS;7100.0;7
3;131400;Pablo;Caesar;PICNIC_BASKET;SEASHELLS;74018.0;1
3;131500;Charlie;Paris;BANANAS;SEASHELLS;4788.0;1
3;131500;Paris;Charlie;BANANAS;SEASHELLS;4794.0;1
3;131500;Paris;Caesar;PEARLS;SEASHELLS;10004.0;1
3;131600;Charlie;Pablo;PEARLS;SEASHELLS;9998.0;2
3;131800;Paris;Caesar;BANANAS;SEASHELLS;4790.0;2
3;131800;Caesar;Camilla;DIP;SEASHELLS;7102.0;8
3;131800;Paris;Caesar;PEARLS;SEASHELLS;10004.0;1
3;131900;Caesar;Paris;DIP;SEASHELLS;7102.0;4
3;132000;Caesar;Paris;PEARLS;SEASHELLS;9996.0;1
3;132000;Charlie;Paris;BANANAS;SEASHELLS;4787.0;1
3;132100;Gary;Caesar;BANANAS;SEASHELLS;4793.0;2
3;132100;Paris;Camilla;DIVING_GEAR;SEASHELLS;99627.0;2
3;132200;Camilla;Paris;BANANAS;SEASHELLS;4788.0;1
3;132200;Caesar;Paris;PEARLS;SEASHELLS;9998.0;1
3;132500;Charlie;Paris;BANANAS;SEASHELLS;4787.0;1
3;132800;Paris;Charlie;BANANAS;SEASHELLS;4792.0;1
3;132800;Paris;Caesar;UKULELE;SEASHELLS;20686.0;2
3;132900;Camilla;Camilla;DIVING_GEAR;SEASHELLS;99636.0;3
3;133200;Camilla;Camilla;DIVING_GEAR;SEASHELLS;99623.0;2
3;133200;Paris;Camilla;DIVING_GEAR;SEASHELLS;99625.0;1
3;133200;Caesar;Paris;DIP;SEASHELLS;7112.0;10
3;133300;Paris;Charlie;BANANAS;SEASHELLS;4793.0;1
3;133300;Camilla;Caesar;PICNIC_BASKET;SEASHELLS;74100.0;1
3;133300;Paris;Charlie;DIVING_GEAR;SEASHELLS;99629.0;3
3;133300;Paris;Caesar;PEARLS;SEASHELLS;10004.0;1
3;133400;Charlie;Paris;BANANAS;SEASHELLS;4787.0;1
3;133500;Charlie;Paris;BANANAS;SEASHELLS;4787.0;1
3;133500;Pablo;Charlie;PEARLS;SEASHELLS;10002.0;2
3;133500;Pablo;Paris;PEARLS;SEASHELLS;10002.0;2
3;133500;Charlie;Paris;BANANAS;SEASHELLS;4787.0;2
3;133700;Paris;Caesar;PEARLS;SEASHELLS;10004.0;2
3;133700;Paris;Charlie;BANANAS;SEASHELLS;4795.0;2
3;133800;Penelope;Charlie;BANANAS;SEASHELLS;4795.0;8
3;133800;Camilla;Camilla;DIVING_GEAR;SEASHELLS;99624.0;3
3;133900;Caesar;Camilla;BAGUETTE;SEASHELLS;12406.0;5
3;133900;Charlie;Camilla;DIVING_GEAR;SEASHELLS;99628.0;2
3;134100;Paris;Caesar;UKULELE;SEASHELLS;20680.0;1
3;134400;Paris;Caesar;BAGUETTE;SEASHELLS;12409.0;3
3;134500;Penelope;Caesar;BANANAS;SEASHELLS;4794.0;1
3;134800;Camilla;Paris;BANANAS;SEASHELLS;4789.0;1
3;134800;Caesar;Camilla;DIP;SEASHELLS;7115.0;6
3;134800;Paris;Caesar;BAGUETTE;SEASHELLS;12409.0;4
3;134900;Paris;Caesar;UKULELE;SEASHELLS;20675.0;3
3;134900;Charlie;Pablo;COCONUTS;SEASHELLS;7938.0;15
3;135000;Caesar;Paris;BAGUETTE;SEASHELLS;12404.0;4
3;135100;Paris;Charlie;BANANAS;SEASHELLS;4795.0;1
3;135100;Paris;Charlie;PEARLS;SEASHELLS;10002.0;1
3;135200;Caesar;Camilla;BAGUETTE;SEASHELLS;12408.0;5
3;135200;Caesar;Penelope;PICNIC_BASKET;SEASHELLS;74052.0;1
3;135300;Paris;Caesar;DIP;SEASHELLS;7119.0;8
3;135500;Paris;Caesar;BAGUETTE;SEASHELLS;12412.0;4
3;135600;Caesar;Camilla;DIP;SEASHELLS;7119.0;4
3;135700;Paris;Charlie;BANANAS;SEASHELLS;4794.0;1
3;135700;Gina;Pablo;PEARLS;SEASHELLS;9998.0;4
3;135900;Caesar;Paris;UKULELE;SEASHELLS;20665.0;3
3;136000;Paris;Camilla;PEARLS;SEASHELLS;10002.0;1
3;136000;Caesar;Caesar;COCONUTS;SEASHELLS;7939.0;51
3;136000;Paris;Camilla;BANANAS;SEASHELLS;4794.0;1
3;136200;Caesar;Penelope;PICNIC_BASKET;SEASHELLS;74018.0;1
3;136200;Gary;Camilla;BANANAS;SEASHELLS;4794.0;9
3;136200;Paris;Caesar;PEARLS;SEASHELLS;10002.0;1
3;136200;Paris;Caesar;PEARLS;SEASHELLS;10000.0;1
3;136200;Paris;Camilla;BANANAS;SEASHELLS;4794.0;1
3;136200;Gary;Charlie;BANANAS;SEASHELLS;4794.0;9
3;136200;Paris;Charlie;BANANAS;SEASHELLS;4796.0;1
3;136200;Paris;Caesar;UKULELE;SEASHELLS;20665.0;5
3;136300;Charlie;Penelope;BANANAS;SEASHELLS;4789.0;5
3;136300;Caesar;Penelope;BANANAS;SEASHELLS;4789.0;1
3;136500;Charlie;Paris;DIVING_GEAR;SEASHELLS;99621.0;2
3;136600;Caesar;Paris;UKULELE;SEASHELLS;20667.0;5
3;136900;Paris;Caesar;DIP;SEASHELLS;7112.0;5
3;136900;Gary;Camilla;BERRIES;SEASHELLS;3903.0;12
3;136900;Penelope;Charlie;BANANAS;SEASHELLS;4795.0;11
3;136900;Paris;Charlie;BERRIES;SEASHELLS;3904.0;1
3;137000;Paris;Caesar;BAGUETTE;SEASHELLS;12407.0;3
3;137100;Penelope;Charlie;PEARLS;SEASHELLS;10005.0;7
3;137100;Caesar;Paris;UKULELE;SEASHELLS;20665.0;2
3;137600;Charlie;Gary;PEARLS;SEASHELLS;9995.0;11
3;137700;Camilla;Paris;PEARLS;SEASHELLS;9998.0;1
3;137800;Caesar;Camilla;DIP;SEASHELLS;7107.0;12
3;137900;Camilla;Paris;PEARLS;SEASHELLS;9998.0;1
3;137900;Camilla;Camilla;DIVING_GEAR;SEASHELLS;99637.0;2
3;138000;Paris;Caesar;UKULELE;SEASHELLS;20670.0;5
3;138000;Charlie;Paris;BANANAS;SEASHELLS;4790.0;1
3;138100;Paris;Charlie;PEARLS;SEASHELLS;10002.0;1
3;138300;Paris;Charlie;PEARLS;SEASHELLS;10002.0;1
3;138300;Caesar;Peter;COCONUTS;SEASHELLS;7936.0;6
3;138300;Paris;Caesar;UKULELE;SEASHELLS;20669.0;3
3;138500;Paris;Caesar;PEARLS;SEASHELLS;10004.0;2
3;138500;Paris;Charlie;BANANAS;SEASHELLS;4797.0;2
3;138600;Penelope;Camilla;BERRIES;SEASHELLS;3904.0;13
3;138800;Caesar;Paris;UKULELE;SEASHELLS;20665.0;5
3;138900;Camilla;Penelope;BERRIES;SEASHELLS;3898.0;13
3;139000;Paris;Charlie;BANANAS;SEASHELLS;4796.0;1
3;139100;Charlie;Penelope;BANANAS;SEASHELLS;4791.0;12
3;139200;Paris;Camilla;BANANAS;SEASHELLS;4795.0;1
3;139200;Paris;Camilla;PEARLS;SEASHELLS;10002.0;1
3;139200;Charlie;Paris;BANANAS;SEASHELLS;4791.0;1
3;139300;Paris;Caesar;BAGUETTE;SEASHELLS;12413.0;8
3;139500;Caesar;Paris;DIP;SEASHELLS;7103.0;5
3;139500;Paris;Caesar;BAGUETTE;SEASHELLS;12412.0;6
3;139500;Camilla;Camilla;DIVING_GEAR;SEASHELLS;99574.0;2
3;139700;Charlie;Caesar;BANANAS;SEASHELLS;4794.0;2
3;139800;Camilla;Paris;DIVING_GEAR;SEASHELLS;99563.0;2
3;140100;Camilla;Penelope;PEARLS;SEASHELLS;9998.0;2
3;140100;Camilla;Paris;BANANAS;SEASHELLS;4792.0;1
3;140400;Paris;Caesar;DIP;SEASHELLS;7102.0;6
3;140600;Caesar;Penelope;PEARLS;SEASHELLS;9996.0;2
3;140900;Paris;Caesar;UKULELE;SEASHELLS;20666.0;5
3;141000;Paris;Caesar;UKULELE;SEASHELLS;20665.0;5
3;141100;Caesar;Peter;PINA_COLADAS;SEASHELLS;14861.0;4
3;141100;Paris;Paris;BANANAS;SEASHELLS;4792.0;1
3;141100;Paris;Camilla;PEARLS;SEASHELLS;10002.0;2
3;141300;Paris;Charlie;BANANAS;SEASHELLS;4796.0;1
3;141500;Caesar;Paris;BANANAS;SEASHELLS;4792.0;1
3;141500;Caesar;Paris;BAGUETTE;SEASHELLS;12401.0;3
3;141500;Paris;Camilla;DIP;SEASHELLS;7100.0;4
3;141600;Caesar;Penelope;PEARLS;SEASHELLS;9996.0;1
3;141600;Charlie;Penelope;PEARLS;SEASHELLS;9996.0;5
3;141600;Paris;Camilla;BERRIES;SEASHELLS;3907.0;5
3;141700;Paris;Charlie;BANANAS;SEASHELLS;4796.0;1
3;141800;Camilla;Pablo;PICNIC_BASKET;SEASHELLS;73902.0;5
3;141800;Caesar;Pablo;PICNIC_BASKET;SEASHELLS;73903.0;1
3;142200;Charlie;Paris;PEARLS;SEASHELLS;9998.0;1
3;142500;Paris;Charlie;BANANAS;SEASHELLS;4796.0;1
3;142500;Caesar;Penelope;PICNIC_BASKET;SEASHELLS;73892.0;1
3;142700;Pablo;Charlie;PEARLS;SEASHELLS;10002.0;4
3;142800;Paris;Charlie;BANANAS;SEASHELLS;4796.0;1
3;142800;Charlie;Camilla;DIVING_GEAR;SEASHELLS;99542.0;2
3;142800;Caesar;Caesar;COCONUTS;SEASHELLS;7931.0;55
3;142800;Paris;Caesar;BAGUETTE;SEASHELLS;12402.0;6
3;142800;Paris;Caesar;PEARLS;SEASHELLS;10004.0;1
3;142900;Charlie;Paris;BANANAS;SEASHELLS;4790.0;1
3;142900;Caesar;Paris;UKULELE;SEASHELLS;20667.0;3
3;143000;Charlie;Paris;BANANAS;SEASHELLS;4790.0;1
3;143000;Paris;Charlie;BANANAS;SEASHELLS;4796.0;1
3;143000;Paris;Caesar;PEARLS;SEASHELLS;10004.0;1
3;143100;Caesar;Paris;UKULELE;SEASHELLS;20664.0;1
3;143100;Charlie;Penelope;BANANAS;SEASHELLS;4790.0;11
3;143200;Camilla;Camilla;DIVING_GEAR;SEASHELLS;99569.0;1
3;143200;Paris;Caesar;UKULELE;SEASHELLS;20667.0;2
3;143400;Paris;Caesar;BAGUETTE;SEASHELLS;12401.0;6
3;143400;Paris;Charlie;DIVING_GEAR;SEASHELLS;99565.0;1
3;143500;Charlie;Paris;BANANAS;SEASHELLS;4789.0;1
3;143500;Caesar;Caesar;COCONUTS;SEASHELLS;7933.0;46
3;143600;Paris;Charlie;PEARLS;SEASHELLS;10005.0;1
3;143600;Paris;Charlie;BANANAS;SEASHELLS;4794.0;1
3;143600;Paris;Charlie;BANANAS;SEASHELLS;4795.0;1
3;143800;Caesar;Camilla;DIP;SEASHELLS;7092.0;12
3;143900;Charlie;Penelope;PEARLS;SEASHELLS;9995.0;4
3;144100;Caesar;Pablo;PICNIC_BASKET;SEASHELLS;73879.0;2
3;144100;Camilla;Pablo;PICNIC_BASKET;SEASHELLS;73878.0;2
3;144400;Caesar;Paris;UKULELE;SEASHELLS;20657.0;1
3;144500;Caesar;Camilla;UKULELE;SEASHELLS;20652.0;3
3;144600;Penelope;Caesar;PICNIC_BASKET;SEASHELLS;73896.0;2
3;144600;Paris;Camilla;BANANAS;SEASHELLS;4795.0;1
3;144700;Paris;Camilla;BERRIES;SEASHELLS;3909.0;6
3;145200;Paris;Caesar;UKULELE;SEASHELLS;20662.0;3
3;145200;Caesar;Paris;BANANAS;SEASHELLS;4790.0;1
3;145300;Paris;Charlie;BANANAS;SEASHELLS;4794.0;1
3;145300;Charlie;Pablo;PEARLS;SEASHELLS;9998.0;4
3;145400;Paris;Caesar;UKULELE;SEASHELLS;20661.0;2
3;145600;Caesar;Paris;DIP;SEASHELLS;7095.0;10
3;145600;Paris;Charlie;BANANAS;SEASHELLS;4792.0;1
3;145700;Paris;Charlie;BANANAS;SEASHELLS;4793.0;1
3;145700;Gina;Charlie;BANANAS;SEASHELLS;4792.0;7
3;145700;Paris;Caesar;UKULELE;SEASHELLS;20661.0;2
3;145700;Caesar;Paris;DIP;SEASHELLS;7096.0;6
3;145700;Caesar;Paris;BAGUETTE;SEASHELLS;12411.0;6
3;145800;Gary;Peter;BERRIES;SEASHELLS;3907.0;5
3;146100;Charlie;Peter;PINA_COLADAS;SEASHELLS;14871.0;5
3;146100;Paris;Caesar;BAGUETTE;SEASHELLS;12410.0;3
3;146200;Paris;Charlie;DIVING_GEAR;SEASHELLS;99515.0;3
3;146200;Gary;Charlie;BANANAS;SEASHELLS;4793.0;15
3;146300;Paris;Camilla;PEARLS;SEASHELLS;10002.0;1
3;146300;Caesar;Paris;DIP;SEASHELLS;7095.0;10
3;146300;Paris;Camilla;BANANAS;SEASHELLS;4792.0;1
3;146400;Camilla;Paris;BANANAS;SEASHELLS;4787.0;1
3;146400;Camilla;Paris;PEARLS;SEASHELLS;9998.0;1
3;146600;Camilla;Paris;PEARLS;SEASHELLS;9998.0;1
3;146600;Gary;Charlie;PEARLS;SEASHELLS;10005.0;10
3;146600;Camilla;Penelope;PICNIC_BASKET;SEASHELLS;73928.0;6
3;146700;Camilla;Paris;BERRIES;SEASHELLS;3902.0;1
3;146800;Caesar;Paris;UKULELE;SEASHELLS;20671.0;3
3;147000;Charlie;Paris;BANANAS;SEASHELLS;4787.0;1
3;147000;Charlie;Pablo;PEARLS;SEASHELLS;9998.0;5
3;147100;Charlie;Pablo;BANANAS;SEASHELLS;4788.0;4
3;147200;Gary;Camilla;BERRIES;SEASHELLS;3910.0;17
3;147500;Paris;Charlie;BANANAS;SEASHELLS;4791.0;1
3;147500;Pablo;Charlie;PEARLS;SEASHELLS;10002.0;5
3;147500;Paris;Caesar;BAGUETTE;SEASHELLS;12406.0;4
3;147800;Penelope;Camilla;PEARLS;SEASHELLS;10002.0;6
3;147800;Paris;Camilla;BANANAS;SEASHELLS;4791.0;1
3;147800;Caesar;Camilla;DIP;SEASHELLS;7095.0;3
3;147900;Paris;Charlie;BANANAS;SEASHELLS;4791.0;1
3;148000;Caesar;Paris;DIP;SEASHELLS;7094.0;10
3;148000;Paris;Charlie;BANANAS;SEASHELLS;4791.0;1
3;148100;Charlie;Pablo;BANANAS;SEASHELLS;4787.0;4
3;148100;Charlie;Paris;PEARLS;SEASHELLS;9998.0;1
3;148200;Penelope;Charlie;PEARLS;SEASHELLS;10005.0;5
3;148300;Camilla;Paris;DIVING_GEAR;SEASHELLS;99480.0;2
3;148600;Caesar;Pablo;PEARLS;SEASHELLS;9998.0;3
3;148600;Caesar;Penelope;PEARLS;SEASHELLS;10000.0;2
3;148600;Pablo;Camilla;PICNIC_BASKET;SEASHELLS;73937.0;5
3;148600;Caesar;Paris;DIP;SEASHELLS;7094.0;4
3;149000;Camilla;Camilla;DIVING_GEAR;SEASHELLS;99481.0;3
3;149000;Caesar;Paris;BANANAS;SEASHELLS;4786.0;1
3;149000;Caesar;Pablo;BANANAS;SEASHELLS;4787.0;4
3;149100;Caesar;Paris;UKULELE;SEASHELLS;20672.0;2
3;149200;Caesar;Gary;PEARLS;SEASHELLS;9996.0;2
3;149200;Charlie;Gary;PEARLS;SEASHELLS;9996.0;10
3;149300;Camilla;Pablo;PICNIC_BASKET;SEASHELLS;73976.0;6
3;149400;Camilla;Pablo;PEARLS;SEASHELLS;9998.0;5
3;149400;Camilla;Paris;BANANAS;SEASHELLS;4787.0;1
3;149400;Caesar;Caesar;COCONUTS;SEASHELLS;7933.0;40
3;149400;Caesar;Camilla;UKULELE;SEASHELLS;20674.0;11
3;149400;Charlie;Paris;PEARLS;SEASHELLS;9998.0;1
3;149400;Caesar;Paris;PEARLS;SEASHELLS;9996.0;1
3;149400;Caesar;Caesar;COCONUTS;SEASHELLS;7933.0;15
3;149600;Charlie;Pablo;BANANAS;SEASHELLS;4786.0;5
3;149600;Caesar;Paris;DIP;SEASHELLS;7093.0;10
3;149700;Camilla;Paris;BANANAS;SEASHELLS;4786.0;1
3;149900;Paris;Caesar;UKULELE;SEASHELLS;20677.0;3
3;149900;Charlie;Paris;DIVING_GEAR;SEASHELLS;99462.0;1
3;149900;Charlie;Penelope;BANANAS;SEASHELLS;4785.0;3
3;149900;Penelope;Camilla;BERRIES;SEASHELLS;3911.0;10
3;150100;Charlie;Pablo;PEARLS;SEASHELLS;9998.0;2
3;150100;Charlie;Penelope;BANANAS;SEASHELLS;4789.0;3
3;150100;Caesar;Penelope;BANANAS;SEASHELLS;4789.0;4
3;150300;Caesar;Paris;UKULELE;SEASHELLS;20679.0;1
3;150300;Camilla;Paris;BAGUETTE;SEASHELLS;12397.0;5
3;150700;Camilla;Paris;PEARLS;SEASHELLS;9998.0;1
3;150900;Paris;Charlie;BANANAS;SEASHELLS;4793.0;2
3;150900;Paris;Caesar;PEARLS;SEASHELLS;10004.0;1
3;151100;Paris;Caesar;UKULELE;SEASHELLS;20680.0;2
3;151200;Charlie;Gary;BANANAS;SEASHELLS;4786.0;14
3;151300;Charlie;Pablo;BANANAS;SEASHELLS;4787.0;1
3;151300;Charlie;Paris;BANANAS;SEASHELLS;4786.0;1
3;151500;Paris;Camilla;BANANAS;SEASHELLS;4792.0;1
3;151500;Camilla;Gary;BERRIES;SEASHELLS;3901.0;20
3;151700;Charlie;Gina;BANANAS;SEASHELLS;4787.0;10
3;151700;Charlie;Paris;BANANAS;SEASHELLS;4787.0;1
3;151800;Paris;Camilla;BERRIES;SEASHELLS;3909.0;7
3;151900;Paris;Camilla;BANANAS;SEASHELLS;4792.0;1
3;152000;Charlie;Paris;BANANAS;SEASHELLS;4787.0;1
3;152100;Paris;Caesar;DIP;SEASHELLS;7092.0;4
3;152100;Charlie;Paris;BANANAS;SEASHELLS;4787.0;1
3;152200;Camilla;Paris;BANANAS;SEASHELLS;4787.0;1
3;152300;Charlie;Pablo;PINA_COLADAS;SEASHELLS;14876.0;9
3;152300;Paris;Caesar;DIP;SEASHELLS;7089.0;7
3;152300;Paris;Charlie;BANANAS;SEASHELLS;4792.0;1
3;152400;Camilla;Pablo;BANANAS;SEASHELLS;4788.0;5
3;152600;Paris;Charlie;BANANAS;SEASHELLS;4793.0;1
3;152600;Paris;Caesar;PEARLS;SEASHELLS;10004.0;1
3;152600;Paris;Caesar;BAGUETTE;SEASHELLS;12384.0;8
3;152700;Paris;Charlie;BANANAS;SEASHELLS;4792.0;1
3;152700;Paris;Caesar;DIP;SEASHELLS;7088.0;5
3;152800;Pablo;Charlie;BANANAS;SEASHELLS;4790.0;2
3;153100;Camilla;Paris;BERRIES;SEASHELLS;3901.0;6
3;153100;Paris;Charlie;BANANAS;SEASHELLS;4793.0;2
3;153100;Paris;Charlie;PEARLS;SEASHELLS;10005.0;2
3;153200;Paris;Charlie;PEARLS;SEASHELLS;10002.0;1
3;153200;Penelope;Caesar;PICNIC_BASKET;SEASHELLS;73982.0;1
3;153400;Camilla;Paris;BANANAS;SEASHELLS;4786.0;1
3;153400;Peter;Charlie;PINA_COLADAS;SEASHELLS;14878.0;2
3;153400;Caesar;Paris;DIP;SEASHELLS;7092.0;8
3;153500;Charlie;Paris;PEARLS;SEASHELLS;9998.0;1
3;153600;Charlie;Paris;PEARLS;SEASHELLS;9998.0;1
3;153700;Caesar;Paris;UKULELE;SEASHELLS;20678.0;3
3;153700;Caesar;Paris;DIP;SEASHELLS;7094.0;8
3;153800;Charlie;Paris;PEARLS;SEASHELLS;9995.0;1
3;153800;Charlie;Paris;BANANAS;SEASHELLS;4787.0;1
3;153900;Paris;Caesar;DIP;SEASHELLS;7096.0;6
3;154000;Paris;Charlie;PEARLS;SEASHELLS;10002.0;1
3;154100;Gary;Peter;BERRIES;SEASHELLS;3902.0;2
3;154100;Paris;Caesar;DIP;SEASHELLS;7098.0;8
3;154100;Caesar;Paris;BANANAS;SEASHELLS;4787.0;1
3;154100;Charlie;Penelope;BANANAS;SEASHELLS;4786.0;9
3;154300;Paris;Camilla;DIP;SEASHELLS;7096.0;5
3;154500;Pablo;Charlie;BANANAS;SEASHELLS;4791.0;1
3;154500;Pablo;Paris;BANANAS;SEASHELLS;4791.0;2
3;154500;Camilla;Paris;PEARLS;SEASHELLS;9998.0;2
3;155000;Caesar;Paris;UKULELE;SEASHELLS;20665.0;5
3;155100;Camilla;Gary;BANANAS;SEASHELLS;4787.0;4
3;155100;Charlie;Pablo;COCONUTS;SEASHELLS;7929.0;20
3;155200;Paris;Camilla;PEARLS;SEASHELLS;10002.0;1
3;155400;Gary;Camilla;BERRIES;SEASHELLS;3909.0;19
3;155700;Paris;Camilla;DIVING_GEAR;SEASHELLS;99517.0;3
3;156000;Paris;Camilla;BANANAS;SEASHELLS;4791.0;1
3;156300;Caesar;Pablo;PICNIC_BASKET;SEASHELLS;73967.0;2
3;156300;Camilla;Pablo;PICNIC_BASKET;SEASHELLS;73966.0;6
3;156300;Charlie;Penelope;BANANAS;SEASHELLS;4785.0;2
3;156400;Paris;Charlie;PEARLS;SEASHELLS;10002.0;1
3;156600;Paris;Caesar;UKULELE;SEASHELLS;20669.0;2
3;156800;Paris;Camilla;BANANAS;SEASHELLS;4790.0;1
3;157000;Gary;Charlie;BANANAS;SEASHELLS;4790.0;18
3;157100;Paris;Caesar;BAGUETTE;SEASHELLS;12383.0;5
3;157200;Paris;Caesar;BAGUETTE;SEASHELLS;12384.0;3
3;157300;Caesar;Paris;BANANAS;SEASHELLS;4784.0;1
3;157400;Caesar;Camilla;BAGUETTE;SEASHELLS;12381.0;9
3;157400;Camilla;Charlie;DIVING_GEAR;SEASHELLS;99507.0;1
3;157400;Caesar;Paris;DIP;SEASHELLS;7101.0;5
3;157500;Gary;Charlie;BANANAS;SEASHELLS;4789.0;12
3;157500;Paris;Charlie;BANANAS;SEASHELLS;4787.0;1
3;157600;Caesar;Camilla;DIP;SEASHELLS;7100.0;8
3;157600;Paris;Caesar;DIP;SEASHELLS;7102.0;4
3;157600;Caesar;Caesar;PINA_COLADAS;SEASHELLS;14872.0;30
3;157600;Paris;Caesar;UKULELE;SEASHELLS;20671.0;3
3;158300;Camilla;Paris;DIVING_GEAR;SEASHELLS;99522.0;1
3;158400;Paris;Caesar;UKULELE;SEASHELLS;20678.0;1
3;158400;Paris;Charlie;BANANAS;SEASHELLS;4787.0;1
3;158500;Camilla;Paris;BERRIES;SEASHELLS;3903.0;9
3;158500;Charlie;Penelope;PEARLS;SEASHELLS;9996.0;6
3;158500;Caesar;Penelope;PEARLS;SEASHELLS;9996.0;2
3;158800;Caesar;Paris;BAGUETTE;SEASHELLS;12378.0;4
3;159000;Paris;Caesar;UKULELE;SEASHELLS;20672.0;3
3;159400;Paris;Charlie;BANANAS;SEASHELLS;4788.0;1
3;159400;Paris;Caesar;DIP;SEASHELLS;7097.0;6
3;159500;Paris;Charlie;PEARLS;SEASHELLS;10005.0;1
3;159500;Paris;Caesar;BAGUETTE;SEASHELLS;12369.0;8
3;159500;Paris;Charlie;BANANAS;SEASHELLS;4789.0;1
3;159600;Paris;Caesar;BAGUETTE;SEASHELLS;12364.0;5
3;159600;Charlie;Peter;PINA_COLADAS;SEASHELLS;14875.0;2
3;159700;Paris;Camilla;BANANAS;SEASHELLS;4787.0;2
3;159700;Paris;Camilla;PEARLS;SEASHELLS;10002.0;2
3;159800;Penelope;Caesar;BANANAS;SEASHELLS;4789.0;2
3;159900;Gary;Charlie;BANANAS;SEASHELLS;4790.0;15
3;160000;Charlie;Peter;COCONUTS;SEASHELLS;7932.0;7
3;160200;Camilla;Gary;PEARLS;SEASHELLS;9998.0;6
3;160200;Caesar;Paris;BAGUETTE;SEASHELLS;12369.0;7
3;160200;Caesar;Camilla;UKULELE;SEASHELLS;20683.0;4
3;160300;Paris;Charlie;BANANAS;SEASHELLS;4790.0;1
3;160400;Charlie;Camilla;DIVING_GEAR;SEASHELLS;99503.0;2
3;160500;Caesar;Paris;BAGUETTE;SEASHELLS;12368.0;8
3;160500;Charlie;Gary;BANANAS;SEASHELLS;4785.0;19
3;160800;Caesar;Paris;DIP;SEASHELLS;7101.0;4
3;160900;Charlie;Camilla;DIVING_GEAR;SEASHELLS;99497.0;1
3;160900;Paris;Caesar;BAGUETTE;SEASHELLS;12369.0;5
3;160900;Caesar;Penelope;PICNIC_BASKET;SEASHELLS;73976.0;1
3;161100;Charlie;Gary;BERRIES;SEASHELLS;3907.0;27
3;161200;Charlie;Pablo;PEARLS;SEASHELLS;9998.0;4
3;161200;Charlie;Pablo;BANANAS;SEASHELLS;4786.0;2
3;161300;Pablo;Charlie;PEARLS;SEASHELLS;10002.0;2
3;161600;Paris;Caesar;BAGUETTE;SEASHELLS;12368.0;8
3;161700;Charlie;Paris;BANANAS;SEASHELLS;4784.0;1
3;161700;Paris;Caesar;DIP;SEASHELLS;7098.0;4
3;161800;Paris;Caesar;DIP;SEASHELLS;7099.0;4
3;161900;Camilla;Paris;PEARLS;SEASHELLS;9998.0;1
3;162000;Camilla;Paris;BERRIES;SEASHELLS;3906.0;9
3;162100;Charlie;Paris;PEARLS;SEASHELLS;9998.0;1
3;162200;Charlie;Paris;PEARLS;SEASHELLS;9998.0;1
3;162300;Caesar;Camilla;DIP;SEASHELLS;7096.0;4
3;162300;Penelope;Charlie;PEARLS;SEASHELLS;10005.0;8
3;162400;Penelope;Paris;BANANAS;SEASHELLS;4786.0;1
3;162600;Charlie;Paris;BANANAS;SEASHELLS;4784.0;1
3;162900;Caesar;Paris;BANANAS;SEASHELLS;4784.0;1
3;163100;Paris;Charlie;BANANAS;SEASHELLS;4789.0;1
3;163100;Caesar;Paris;BAGUETTE;SEASHELLS;12357.0;4
3;163300;Caesar;Caesar;COCONUTS;SEASHELLS;7929.0;48
3;163500;Paris;Caesar;PEARLS;SEASHELLS;10004.0;1
3;163500;Caesar;Camilla;DIP;SEASHELLS;7100.0;4
3;163500;Paris;Charlie;BANANAS;SEASHELLS;4790.0;1
3;163600;Paris;Caesar;UKULELE;SEASHELLS;20689.0;3
3;163900;Charlie;Gina;BANANAS;SEASHELLS;4784.0;12
3;164000;Penelope;Caesar;PEARLS;SEASHELLS;10004.0;1
3;164000;Penelope;Charlie;PEARLS;SEASHELLS;10004.0;7
3;164100;Caesar;Paris;BAGUETTE;SEASHELLS;12352.0;6
3;164400;Charlie;Paris;PEARLS;SEASHELLS;9998.0;1
3;164600;Gina;Charlie;BANANAS;SEASHELLS;4788.0;11
3;164700;Paris;Peter;BERRIES;SEASHELLS;3912.0;3
3;164900;Charlie;Pablo;BANANAS;SEASHELLS;4784.0;1
3;165300;Caesar;Camilla;DIP;SEASHELLS;7095.0;7
3;165400;Pablo;Camilla;PICNIC_BASKET;SEASHELLS;73998.0;2
3;165400;Pablo;Caesar;PICNIC_BASKET;SEASHELLS;73998.0;1
3;165500;Gary;Charlie;BANANAS;SEASHELLS;4788.0;12
3;165500;Paris;Camilla;DIVING_GEAR;SEASHELLS;99460.0;3
3;165600;Caesar;Caesar;PINA_COLADAS;SEASHELLS;14853.0;20
3;165600;Camilla;Paris;BANANAS;SEASHELLS;4782.0;1
3;165600;Caesar;Pablo;PINA_COLADAS;SEASHELLS;14853.0;10
3;165700;Paris;Caesar;UKULELE;SEASHELLS;20671.0;2
3;165800;Penelope;Charlie;BANANAS;SEASHELLS;4787.0;9
3;165900;Paris;Caesar;DIP;SEASHELLS;7091.0;5
3;165900;Caesar;Paris;UKULELE;SEASHELLS;20670.0;5
3;166000;Charlie;Gary;PEARLS;SEASHELLS;9995.0;12
3;166000;Penelope;Camilla;PICNIC_BASKET;SEASHELLS;73950.0;6
3;166200;Paris;Caesar;UKULELE;SEASHELLS;20662.0;1
3;166400;Gary;Caesar;PEARLS;SEASHELLS;10004.0;1
3;166400;Caesar;Paris;DIP;SEASHELLS;7093.0;10
3;166400;Caesar;Paris;BAGUETTE;SEASHELLS;12368.0;7
3;166400;Gary;Charlie;PEARLS;SEASHELLS;10004.0;10
3;166400;Paris;Charlie;DIVING_GEAR;SEASHELLS;99470.0;3
3;166500;Paris;Caesar;BAGUETTE;SEASHELLS;12370.0;8
3;166600;Camilla;Paris;BANANAS;SEASHELLS;4782.0;1
3;166700;Paris;Caesar;BAGUETTE;SEASHELLS;12365.0;6
3;166900;Charlie;Camilla;DIVING_GEAR;SEASHELLS;99459.0;2
3;166900;Charlie;Paris;DIVING_GEAR;SEASHELLS;99459.0;1
3;167000;Charlie;Caesar;BANANAS;SEASHELLS;4784.0;2
3;167100;Caesar;Paris;BANANAS;SEASHELLS;4782.0;1
3;167200;Camilla;Paris;BANANAS;SEASHELLS;4782.0;1
3;167200;Camilla;Paris;PEARLS;SEASHELLS;9998.0;1
3;167400;Gary;Charlie;BANANAS;SEASHELLS;4787.0;20
3;167600;Paris;Penelope;BANANAS;SEASHELLS;4786.0;1
3;167700;Paris;Caesar;BAGUETTE;SEASHELLS;12362.0;6
3;167800;Paris;Charlie;DIVING_GEAR;SEASHELLS;99504.0;3
3;167900;Paris;Caesar;DIP;SEASHELLS;7105.0;8
3;167900;Camilla;Camilla;DIVING_GEAR;SEASHELLS;99492.0;3
3;168200;Paris;Caesar;BAGUETTE;SEASHELLS;12347.0;7
3;168500;Caesar;Paris;BAGUETTE;SEASHELLS;12337.0;4
3;168700;Caesar;Paris;BAGUETTE;SEASHELLS;12330.0;5
3;168800;Paris;Charlie;DIVING_GEAR;SEASHELLS;99467.0;3
3;168900;Caesar;Paris;UKULELE;SEASHELLS;20673.0;5
3;169000;Caesar;Camilla;BAGUETTE;SEASHELLS;12331.0;7
3;169000;Charlie;Penelope;BANANAS;SEASHELLS;4782.0;3
3;169100;Paris;Charlie;BANANAS;SEASHELLS;4788.0;1
3;169100;Caesar;Paris;DIP;SEASHELLS;7107.0;7
3;169100;Camilla;Paris;PEARLS;SEASHELLS;9998.0;1
3;169300;Paris;Charlie;PEARLS;SEASHELLS;10002.0;1
3;169300;Camilla;Pablo;PICNIC_BASKET;SEASHELLS;73983.0;6
3;169300;Caesar;Pablo;PICNIC_BASKET;SEASHELLS;73984.0;2
3;169400;Caesar;Paris;BAGUETTE;SEASHELLS;12329.0;8
3;169500;Charlie;Camilla;DIVING_GEAR;SEASHELLS;99473.0;1
3;169800;Caesar;Paris;PEARLS;SEASHELLS;9996.0;1
3;169800;Caesar;Paris;UKULELE;SEASHELLS;20664.0;5
3;169800;Charlie;Paris;BANANAS;SEASHELLS;4784.0;2
3;169800;Charlie;Paris;PEARLS;SEASHELLS;9996.0;1
3;169900;Caesar;Gina;PEARLS;SEASHELLS;9998.0;2
3;170000;Pablo;Charlie;BANANAS;SEASHELLS;4789.0;3
3;170100;Paris;Charlie;DIVING_GEAR;SEASHELLS;99460.0;3
3;170200;Paris;Charlie;PEARLS;SEASHELLS;10005.0;1
3;170200;Paris;Caesar;DIP;SEASHELLS;7103.0;10
3;170200;Penelope;Charlie;BANANAS;SEASHELLS;4791.0;9
3;170200;Paris;Charlie;BANANAS;SEASHELLS;4791.0;1
3;170400;Caesar;Paris;UKULELE;SEASHELLS;20664.0;5
3;170400;Charlie;Peter;PINA_COLADAS;SEASHELLS;14849.0;5
3;170500;Paris;Camilla;BANANAS;SEASHELLS;4789.0;2
3;170500;Paris;Camilla;PEARLS;SEASHELLS;10002.0;2
3;170800;Caesar;Gary;PEARLS;SEASHELLS;9996.0;2
3;171000;Paris;Caesar;DIP;SEASHELLS;7103.0;7
3;171000;Camilla;Paris;DIVING_GEAR;SEASHELLS;99459.0;2
3;171100;Camilla;Paris;PEARLS;SEASHELLS;9998.0;1
3;171100;Caesar;Paris;DIP;SEASHELLS;7101.0;10
3;171300;Paris;Caesar;UKULELE;SEASHELLS;20650.0;2
3;171300;Paris;Camilla;BERRIES;SEASHELLS;3909.0;2
3;171300;Charlie;Paris;BANANAS;SEASHELLS;4785.0;1
3;171300;Charlie;Paris;PEARLS;SEASHELLS;9995.0;1
3;171300;Charlie;Paris;PEARLS;SEASHELLS;9998.0;1
3;171400;Camilla;Paris;DIVING_GEAR;SEASHELLS;99464.0;2
3;171400;Paris;Charlie;BANANAS;SEASHELLS;4790.0;1
3;171600;Paris;Gina;PEARLS;SEASHELLS;10002.0;1
3;171600;Camilla;Gina;PEARLS;SEASHELLS;9998.0;5
3;171600;Caesar;Paris;BAGUETTE;SEASHELLS;12333.0;8
3;171700;Camilla;Paris;DIVING_GEAR;SEASHELLS;99475.0;3
3;171800;Caesar;Paris;BAGUETTE;SEASHELLS;12337.0;7
3;171800;Charlie;Paris;BANANAS;SEASHELLS;4785.0;1
3;171900;Charlie;Paris;BANANAS;SEASHELLS;4785.0;1
3;171900;Camilla;Camilla;DIVING_GEAR;SEASHELLS;99478.0;3
3;172000;Charlie;Paris;BANANAS;SEASHELLS;4784.0;2
3;172000;Charlie;Paris;PEARLS;SEASHELLS;9995.0;2
3;172100;Camilla;Paris;BANANAS;SEASHELLS;4785.0;1
3;172100;Pablo;Paris;PEARLS;SEASHELLS;10002.0;1
3;172300;Charlie;Paris;BANANAS;SEASHELLS;4785.0;1
3;172400;Caesar;Paris;BANANAS;SEASHELLS;4785.0;1
3;172500;Caesar;Paris;BAGUETTE;SEASHELLS;12347.0;3
3;172500;Peter;Pablo;BERRIES;SEASHELLS;3907.0;3
3;172700;Camilla;Paris;DIVING_GEAR;SEASHELLS;99494.0;3
3;172700;Paris;Charlie;BANANAS;SEASHELLS;4791.0;1
3;172700;Paris;Caesar;PEARLS;SEASHELLS;10000.0;1
3;172800;Paris;Caesar;BAGUETTE;SEASHELLS;12346.0;4
3;173000;Caesar;Paris;UKULELE;SEASHELLS;20651.0;4
3;173100;Paris;Caesar;UKULELE;SEASHELLS;20649.0;4
3;173100;Paris;Caesar;DIP;SEASHELLS;7103.0;8
3;173100;Camilla;Camilla;DIVING_GEAR;SEASHELLS;99470.0;1
3;173200;Charlie;Camilla;DIVING_GEAR;SEASHELLS;99467.0;1
3;173200;Paris;Caesar;DIP;SEASHELLS;7105.0;7
3;173200;Paris;Charlie;PEARLS;SEASHELLS;10002.0;1
3;173300;Camilla;Paris;BANANAS;SEASHELLS;4785.0;1
3;173300;Charlie;Caesar;BANANAS;SEASHELLS;4787.0;3
3;173400;Charlie;Camilla;DIVING_GEAR;SEASHELLS;99472.0;2
3;173500;Paris;Caesar;DIP;SEASHELLS;7104.0;5
3;173600;Caesar;Paris;DIP;SEASHELLS;7100.0;8
3;173900;Paris;Charlie;PEARLS;SEASHELLS;10002.0;1
3;174000;Caesar;Camilla;BAGUETTE;SEASHELLS;12345.0;10
3;174000;Paris;Camilla;BANANAS;SEASHELLS;4791.0;1
3;174100;Paris;Caesar;DIP;SEASHELLS;7100.0;8
3;174300;Camilla;Camilla;DIVING_GEAR;SEASHELLS;99493.0;3
3;174300;Camilla;Paris;PEARLS;SEASHELLS;9998.0;1
3;174300;Caesar;Paris;DIP;SEASHELLS;7099.0;5
3;174500;Camilla;Paris;BANANAS;SEASHELLS;4786.0;1
3;174500;Camilla;Paris;PEARLS;SEASHELLS;9998.0;1
3;174600;Caesar;Paris;DIP;SEASHELLS;7101.0;10
3;174600;Caesar;Penelope;PICNIC_BASKET;SEASHELLS;73944.0;1
3;174700;Paris;Caesar;DIP;SEASHELLS;7104.0;6
3;174800;Paris;Camilla;BANANAS;SEASHELLS;4791.0;1
3;174800;Penelope;Camilla;BANANAS;SEASHELLS;4791.0;2
3;175000;Pablo;Caesar;PICNIC_BASKET;SEASHELLS;73924.0;1
3;175000;Caesar;Paris;UKULELE;SEASHELLS;20628.0;5
3;175100;Charlie;Pablo;COCONUTS;SEASHELLS;7917.0;23
3;175200;Penelope;Camilla;PICNIC_BASKET;SEASHELLS;73925.0;6
3;175200;Camilla;Paris;BERRIES;SEASHELLS;3904.0;1
3;175200;Paris;Charlie;BANANAS;SEASHELLS;4790.0;1
3;175300;Charlie;Camilla;DIVING_GEAR;SEASHELLS;99494.0;3
3;175300;Paris;Caesar;UKULELE;SEASHELLS;20630.0;4
3;175400;Paris;Caesar;BANANAS;SEASHELLS;4791.0;1
3;175400;Paris;Caesar;PEARLS;SEASHELLS;10004.0;1
3;175500;Caesar;Paris;UKULELE;SEASHELLS;20631.0;2
3;175500;Paris;Caesar;PEARLS;SEASHELLS;10002.0;1
3;175700;Camilla;Paris;BANANAS;SEASHELLS;4786.0;1
3;175700;Caesar;Camilla;BAGUETTE;SEASHELLS;12342.0;4
3;175900;Charlie;Pablo;PINA_COLADAS;SEASHELLS;14848.0;9
3;176100;Camilla;Penelope;BERRIES;SEASHELLS;3904.0;13
3;176300;Caesar;Paris;UKULELE;SEASHELLS;20641.0;2
3;176400;Paris;Charlie;PEARLS;SEASHELLS;10002.0;1
3;176400;Penelope;Charlie;BANANAS;SEASHELLS;4792.0;6
3;176400;Camilla;Paris;BANANAS;SEASHELLS;4786.0;1
3;176500;Caesar;Paris;BAGUETTE;SEASHELLS;12340.0;4
3;176500;Caesar;Camilla;BAGUETTE;SEASHELLS;12340.0;7
3;176500;Paris;Camilla;BANANAS;SEASHELLS;4791.0;1
3;176600;Paris;Charlie;BANANAS;SEASHELLS;4792.0;1
3;176600;Paris;Caesar;PEARLS;SEASHELLS;10004.0;1
3;176600;Camilla;Gary;BERRIES;SEASHELLS;3905.0;14
3;176700;Caesar;Camilla;UKULELE;SEASHELLS;20643.0;3
3;176700;Charlie;Peter;PINA_COLADAS;SEASHELLS;14852.0;2
3;177300;Charlie;Pablo;BANANAS;SEASHELLS;4787.0;5
3;177300;Caesar;Camilla;BAGUETTE;SEASHELLS;12354.0;8
3;177300;Caesar;Caesar;COCONUTS;SEASHELLS;7917.0;69
3;177400;Charlie;Paris;PEARLS;SEASHELLS;9998.0;1
3;177400;Charlie;Camilla;DIVING_GEAR;SEASHELLS;99526.0;1
3;177600;Paris;Caesar;DIP;SEASHELLS;7096.0;7
3;177600;Camilla;Penelope;PEARLS;SEASHELLS;9998.0;2
3;178100;Caesar;Paris;UKULELE;SEASHELLS;20654.0;1
3;178300;Gary;Charlie;BANANAS;SEASHELLS;4792.0;17
3;178300;Paris;Charlie;BANANAS;SEASHELLS;4790.0;1
3;178300;Caesar;Camilla;BAGUETTE;SEASHELLS;12365.0;10
3;178300;Caesar;Paris;UKULELE;SEASHELLS;20657.0;2
3;178400;Charlie;Paris;BANANAS;SEASHELLS;4785.0;1
3;178400;Caesar;Paris;PEARLS;SEASHELLS;9996.0;1
3;178700;Charlie;Paris;BANANAS;SEASHELLS;4785.0;1
3;178800;Charlie;Pablo;BANANAS;SEASHELLS;4786.0;3
3;178900;Penelope;Charlie;BANANAS;SEASHELLS;4791.0;12
3;179000;Camilla;Paris;BANANAS;SEASHELLS;4785.0;1
3;179200;Camilla;Paris;PEARLS;SEASHELLS;9998.0;1
3;179300;Paris;Caesar;BAGUETTE;SEASHELLS;12372.0;7
3;179400;Caesar;Gary;BANANAS;SEASHELLS;4785.0;1
3;179400;Paris;Charlie;DIVING_GEAR;SEASHELLS;99532.0;2
3;179500;Caesar;Paris;BAGUETTE;SEASHELLS;12374.0;7
3;179600;Paris;Camilla;BANANAS;SEASHELLS;4790.0;1
3;179600;Paris;Camilla;PEARLS;SEASHELLS;10002.0;1
3;179800;Caesar;Paris;DIP;SEASHELLS;7097.0;9
3;180300;Charlie;Gina;BANANAS;SEASHELLS;4785.0;5
3;180300;Caesar;Gina;BANANAS;SEASHELLS;4785.0;2
3;180500;Paris;Caesar;DIP;SEASHELLS;7097.0;6
3;180600;Charlie;Pablo;BANANAS;SEASHELLS;4786.0;4
3;180700;Paris;Charlie;DIVING_GEAR;SEASHELLS;99554.0;1
3;180800;Paris;Caesar;BAGUETTE;SEASHELLS;12372.0;8
3;180900;Penelope;Caesar;PEARLS;SEASHELLS;10004.0;1
3;180900;Penelope;Charlie;PEARLS;SEASHELLS;10004.0;5
3;181000;Penelope;Caesar;BANANAS;SEASHELLS;4791.0;1
3;181000;Penelope;Charlie;BANANAS;SEASHELLS;4791.0;1
3;181100;Caesar;Paris;DIP;SEASHELLS;7092.0;5
3;181200;Penelope;Charlie;PEARLS;SEASHELLS;10005.0;8
3;181300;Camilla;Paris;DIVING_GEAR;SEASHELLS;99536.0;1
3;181300;Charlie;Paris;BANANAS;SEASHELLS;4785.0;1
3;181300;Caesar;Paris;PEARLS;SEASHELLS;10000.0;1
3;181500;Paris;Caesar;UKULELE;SEASHELLS;20657.0;4
3;181600;Gina;Caesar;BANANAS;SEASHELLS;4791.0;3
3;181700;Charlie;Penelope;BANANAS;SEASHELLS;4786.0;10
3;181800;Charlie;Paris;PEARLS;SEASHELLS;9995.0;2
3;181800;Charlie;Paris;BANANAS;SEASHELLS;4785.0;2
3;181900;Penelope;Charlie;BANANAS;SEASHELLS;4792.0;12
3;181900;Paris;Charlie;BANANAS;SEASHELLS;4791.0;1
3;181900;Paris;Caesar;BAGUETTE;SEASHELLS;12385.0;6
3;181900;Caesar;Paris;UKULELE;SEASHELLS;20657.0;2
3;181900;Caesar;Penelope;PEARLS;SEASHELLS;9996.0;1
3;181900;Charlie;Penelope;PEARLS;SEASHELLS;9996.0;2
3;182000;Paris;Caesar;BAGUETTE;SEASHELLS;12386.0;8
3;182100;Caesar;Paris;BAGUETTE;SEASHELLS;12385.0;4
3;182100;Charlie;Paris;BANANAS;SEASHELLS;4786.0;1
3;182100;Paris;Camilla;PEARLS;SEASHELLS;10002.0;1
3;182100;Paris;Caesar;BANANAS;SEASHELLS;4788.0;1
3;182400;Caesar;Paris;DIP;SEASHELLS;7092.0;9
3;182400;Caesar;Paris;BAGUETTE;SEASHELLS;12379.0;6
3;182500;Caesar;Penelope;PICNIC_BASKET;SEASHELLS;73937.0;1
3;182600;Caesar;Paris;BAGUETTE;SEASHELLS;12373.0;3
3;182700;Camilla;Paris;BANANAS;SEASHELLS;4786.0;1
3;182700;Caesar;Paris;BANANAS;SEASHELLS;4786.0;1
3;182700;Camilla;Paris;PEARLS;SEASHELLS;9998.0;1
3;182700;Charlie;Paris;PEARLS;SEASHELLS;9998.0;1
3;182800;Camilla;Paris;BANANAS;SEASHELLS;4786.0;1
3;182900;Charlie;Penelope;BANANAS;SEASHELLS;4785.0;4
3;183200;Charlie;Paris;BANANAS;SEASHELLS;4785.0;1
3;183200;Caesar;Camilla;BAGUETTE;SEASHELLS;12383.0;10
3;183300;Camilla;Charlie;DIVING_GEAR;SEASHELLS;99546.0;1
3;183400;Caesar;Paris;BAGUETTE;SEASHELLS;12380.0;4
3;183500;Caesar;Paris;BANANAS;SEASHELLS;4785.0;1
3;183500;Caesar;Paris;PEARLS;SEASHELLS;9996.0;1
3;183600;Caesar;Paris;DIP;SEASHELLS;7097.0;8
3;183700;Charlie;Gina;BANANAS;SEASHELLS;4785.0;11
3;183700;Charlie;Paris;BANANAS;SEASHELLS;4784.0;1
3;183800;Charlie;Paris;BANANAS;SEASHELLS;4784.0;1
3;183800;Charlie;Pablo;COCONUTS;SEASHELLS;7909.0;18
3;183900;Caesar;Paris;UKULELE;SEASHELLS;20656.0;2
3;183900;Camilla;Camilla;DIVING_GEAR;SEASHELLS;99538.0;1
3;183900;Caesar;Penelope;BANANAS;SEASHELLS;4785.0;1
3;183900;Charlie;Penelope;BANANAS;SEASHELLS;4785.0;1
3;184100;Paris;Camilla;PEARLS;SEASHELLS;10002.0;1
