day;timestamp;buyer;seller;symbol;currency;price;quantity
2;100;;;BERRIES;SEASHELLS;3854.0;19
2;100;;;PEARLS;SEASHELLS;9998.0;1
2;200;;;BANANAS;SEASHELLS;4827.0;1
2;200;;;PEARLS;SEASHELLS;9998.0;1
2;300;;;BANANAS;SEASHELLS;4822.0;1
2;400;;;BANANAS;SEASHELLS;4823.0;5
2;500;;;PEARLS;SEASHELLS;10005.0;2
2;500;;;BANANAS;SEASHELLS;4828.0;2
2;500;;;BERRIES;SEASHELLS;3854.0;6
2;1000;;;PEARLS;SEASHELLS;10002.0;1
2;1000;;;PEARLS;SEASHELLS;10002.0;2
2;1200;;;BANANAS;SEASHELLS;4822.0;1
2;1300;;;PEARLS;SEASHELLS;9998.0;1
2;1300;;;DIVING_GEAR;SEASHELLS;99179.0;3
2;1300;;;DIVING_GEAR;SEASHELLS;99179.0;3
2;1500;;;BANANAS;SEASHELLS;4822.0;1
2;1600;;;PEARLS;SEASHELLS;9996.0;1
2;1900;;;PEARLS;SEASHELLS;9998.0;8
2;1900;;;PEARLS;SEASHELLS;9998.0;4
2;2400;;;DIVING_GEAR;SEASHELLS;99170.0;1
2;2500;;;DIVING_GEAR;SEASHELLS;99181.0;2
2;3200;;;PEARLS;SEASHELLS;10004.0;1
2;3200;;;BANANAS;SEASHELLS;4828.0;2
2;3200;;;PEARLS;SEASHELLS;10004.0;1
2;3400;;;PEARLS;SEASHELLS;9998.0;1
2;3500;;;BANANAS;SEASHELLS;4825.0;4
2;3600;;;PEARLS;SEASHELLS;10002.0;5
2;3600;;;PEARLS;SEASHELLS;10002.0;3
2;3900;;;PEARLS;SEASHELLS;10002.0;4
2;3900;;;COCONUTS;SEASHELLS;7921.0;10
2;4300;;;BERRIES;SEASHELLS;3847.0;4
2;4600;;;BANANAS;SEASHELLS;4825.0;1
2;4900;;;PEARLS;SEASHELLS;10004.0;2
2;4900;;;BANANAS;SEASHELLS;4824.0;2
2;5000;;;BANANAS;SEASHELLS;4820.0;3
2;5100;;;DIVING_GEAR;SEASHELLS;99178.0;1
2;5300;;;COCONUTS;SEASHELLS;7923.0;46
2;5800;;;BANANAS;SEASHELLS;4818.0;1
2;5900;;;PEARLS;SEASHELLS;9996.0;1
2;5900;;;BANANAS;SEASHELLS;4817.0;1
2;6300;;;BANANAS;SEASHELLS;4818.0;5
2;6300;;;BANANAS;SEASHELLS;4817.0;2
2;6500;;;BERRIES;SEASHELLS;3847.0;13
2;6900;;;DIVING_GEAR;SEASHELLS;99185.0;2
2;6900;;;DIVING_GEAR;SEASHELLS;99188.0;1
2;7100;;;COCONUTS;SEASHELLS;7914.0;40
2;7400;;;BANANAS;SEASHELLS;4815.0;1
2;7800;;;BANANAS;SEASHELLS;4819.0;1
2;7800;;;PEARLS;SEASHELLS;10002.0;2
2;7900;;;PEARLS;SEASHELLS;10004.0;1
2;7900;;;PEARLS;SEASHELLS;10004.0;8
2;8000;;;PINA_COLADAS;SEASHELLS;14829.0;2
2;8100;;;BERRIES;SEASHELLS;3845.0;11
2;8200;;;DIVING_GEAR;SEASHELLS;99143.0;1
2;8500;;;BANANAS;SEASHELLS;4819.0;2
2;8500;;;BANANAS;SEASHELLS;4819.0;13
2;8600;;;PEARLS;SEASHELLS;10004.0;6
2;8600;;;DIVING_GEAR;SEASHELLS;99143.0;1
2;8600;;;PEARLS;SEASHELLS;10004.0;1
2;8700;;;DIVING_GEAR;SEASHELLS;99155.0;3
2;8800;;;DIVING_GEAR;SEASHELLS;99150.0;1
2;9100;;;BANANAS;SEASHELLS;4814.0;7
2;9100;;;BANANAS;SEASHELLS;4814.0;3
2;9300;;;COCONUTS;SEASHELLS;7914.0;10
2;9400;;;BANANAS;SEASHELLS;4814.0;1
2;9600;;;PEARLS;SEASHELLS;9998.0;2
2;9600;;;BANANAS;SEASHELLS;4819.0;1
2;9700;;;PEARLS;SEASHELLS;9996.0;1
2;9800;;;COCONUTS;SEASHELLS;7914.0;8
2;9900;;;BANANAS;SEASHELLS;4818.0;1
2;10200;;;BANANAS;SEASHELLS;4814.0;8
2;10300;;;DIVING_GEAR;SEASHELLS;99120.0;2
2;10400;;;COCONUTS;SEASHELLS;7916.0;10
2;10500;;;PEARLS;SEASHELLS;9995.0;2
2;10500;;;PEARLS;SEASHELLS;10002.0;1
2;10500;;;BANANAS;SEASHELLS;4813.0;2
2;10600;;;COCONUTS;SEASHELLS;7921.0;10
2;10600;;;BANANAS;SEASHELLS;4817.0;1
2;10900;;;BERRIES;SEASHELLS;3851.0;9
2;11300;;;PEARLS;SEASHELLS;9998.0;1
2;11300;;;DIVING_GEAR;SEASHELLS;99113.0;1
2;11700;;;PEARLS;SEASHELLS;10002.0;1
2;12100;;;PEARLS;SEASHELLS;9998.0;1
2;12100;;;BANANAS;SEASHELLS;4817.0;1
2;12200;;;BANANAS;SEASHELLS;4810.0;1
2;12500;;;PINA_COLADAS;SEASHELLS;14852.0;21
2;13000;;;PEARLS;SEASHELLS;9998.0;1
2;13100;;;PEARLS;SEASHELLS;10002.0;3
2;13400;;;COCONUTS;SEASHELLS;7930.0;10
2;13600;;;PEARLS;SEASHELLS;10002.0;1
2;13900;;;BANANAS;SEASHELLS;4810.0;1
2;14400;;;BERRIES;SEASHELLS;3848.0;10
2;14700;;;BANANAS;SEASHELLS;4817.0;10
2;14700;;;BANANAS;SEASHELLS;4815.0;1
2;15000;;;PEARLS;SEASHELLS;9998.0;3
2;15000;;;BANANAS;SEASHELLS;4815.0;1
2;15200;;;PINA_COLADAS;SEASHELLS;14859.0;8
2;15500;;;PEARLS;SEASHELLS;10002.0;1
2;15500;;;BANANAS;SEASHELLS;4811.0;1
2;15600;;;BERRIES;SEASHELLS;3846.0;17
2;15600;;;PEARLS;SEASHELLS;10002.0;1
2;15700;;;BERRIES;SEASHELLS;3840.0;10
2;16100;;;BANANAS;SEASHELLS;4811.0;1
2;16100;;;PEARLS;SEASHELLS;9996.0;1
2;16600;;;BANANAS;SEASHELLS;4818.0;2
2;16700;;;BANANAS;SEASHELLS;4818.0;2
2;16700;;;PEARLS;SEASHELLS;10004.0;2
2;16900;;;PINA_COLADAS;SEASHELLS;14864.0;21
2;16900;;;PINA_COLADAS;SEASHELLS;14864.0;11
2;16900;;;PEARLS;SEASHELLS;10002.0;1
2;17000;;;PEARLS;SEASHELLS;10002.0;5
2;17000;;;PEARLS;SEASHELLS;9998.0;3
2;17200;;;PEARLS;SEASHELLS;10002.0;1
2;17300;;;DIVING_GEAR;SEASHELLS;99170.0;1
2;17400;;;BERRIES;SEASHELLS;3841.0;11
2;17800;;;PEARLS;SEASHELLS;10002.0;1
2;17900;;;BANANAS;SEASHELLS;4816.0;1
2;18000;;;BANANAS;SEASHELLS;4816.0;1
2;18000;;;BANANAS;SEASHELLS;4816.0;0
2;18000;;;PEARLS;SEASHELLS;9998.0;2
2;18000;;;BANANAS;SEASHELLS;4816.0;9
2;18000;;;BANANAS;SEASHELLS;4816.0;1
2;18600;;;BANANAS;SEASHELLS;4811.0;1
2;18700;;;BANANAS;SEASHELLS;4817.0;1
2;18900;;;PEARLS;SEASHELLS;9996.0;1
2;19200;;;PEARLS;SEASHELLS;10002.0;1
2;19200;;;BANANAS;SEASHELLS;4817.0;1
2;19500;;;PEARLS;SEASHELLS;9998.0;2
2;19500;;;BANANAS;SEASHELLS;4813.0;2
2;19700;;;BANANAS;SEASHELLS;4813.0;1
2;19900;;;PEARLS;SEASHELLS;9996.0;7
2;19900;;;PEARLS;SEASHELLS;9996.0;2
2;20100;;;BANANAS;SEASHELLS;4818.0;2
2;20100;;;PEARLS;SEASHELLS;10004.0;2
2;20300;;;PEARLS;SEASHELLS;9998.0;1
2;20300;;;BANANAS;SEASHELLS;4813.0;1
2;20400;;;PEARLS;SEASHELLS;9995.0;5
2;20700;;;DIVING_GEAR;SEASHELLS;99129.0;3
2;20900;;;PEARLS;SEASHELLS;9998.0;1
2;21000;;;DIVING_GEAR;SEASHELLS;99144.0;3
2;21000;;;BANANAS;SEASHELLS;4815.0;4
2;21100;;;PEARLS;SEASHELLS;10002.0;2
2;21300;;;BANANAS;SEASHELLS;4819.0;1
2;21400;;;PEARLS;SEASHELLS;10002.0;3
2;21500;;;DIVING_GEAR;SEASHELLS;99114.0;2
2;21500;;;PEARLS;SEASHELLS;9998.0;1
2;21500;;;PINA_COLADAS;SEASHELLS;14860.0;5
2;21600;;;BANANAS;SEASHELLS;4816.0;4
2;21800;;;BERRIES;SEASHELLS;3850.0;9
2;22600;;;PEARLS;SEASHELLS;9995.0;2
2;23300;;;BANANAS;SEASHELLS;4816.0;1
2;23400;;;BANANAS;SEASHELLS;4816.0;11
2;23600;;;DIVING_GEAR;SEASHELLS;99075.0;1
2;23600;;;PEARLS;SEASHELLS;10002.0;3
2;23700;;;PEARLS;SEASHELLS;10004.0;1
2;23700;;;BANANAS;SEASHELLS;4822.0;1
2;24400;;;BANANAS;SEASHELLS;4816.0;1
2;24400;;;PEARLS;SEASHELLS;9998.0;2
2;24500;;;DIVING_GEAR;SEASHELLS;99066.0;1
2;24600;;;BANANAS;SEASHELLS;4817.0;3
2;24700;;;BANANAS;SEASHELLS;4820.0;1
2;25200;;;BANANAS;SEASHELLS;4819.0;5
2;25200;;;BANANAS;SEASHELLS;4819.0;5
2;25500;;;BERRIES;SEASHELLS;3844.0;16
2;25500;;;PEARLS;SEASHELLS;9998.0;1
2;25500;;;PEARLS;SEASHELLS;9998.0;3
2;25700;;;PEARLS;SEASHELLS;10004.0;1
2;25700;;;PEARLS;SEASHELLS;10004.0;4
2;25900;;;PEARLS;SEASHELLS;10002.0;1
2;25900;;;PEARLS;SEASHELLS;10002.0;2
2;26000;;;PEARLS;SEASHELLS;9998.0;1
2;26100;;;BANANAS;SEASHELLS;4814.0;1
2;26200;;;BERRIES;SEASHELLS;3844.0;15
2;26200;;;BANANAS;SEASHELLS;4818.0;3
2;26400;;;PINA_COLADAS;SEASHELLS;14869.0;2
2;26800;;;BANANAS;SEASHELLS;4820.0;1
2;27000;;;BANANAS;SEASHELLS;4816.0;4
2;27000;;;BANANAS;SEASHELLS;4820.0;4
2;27100;;;BANANAS;SEASHELLS;4821.0;1
2;27100;;;PEARLS;SEASHELLS;10004.0;1
2;27100;;;BERRIES;SEASHELLS;3850.0;10
2;27200;;;DIVING_GEAR;SEASHELLS;99122.0;1
2;27300;;;BERRIES;SEASHELLS;3842.0;1
2;27400;;;BERRIES;SEASHELLS;3849.0;9
2;27500;;;DIVING_GEAR;SEASHELLS;99114.0;2
2;27600;;;PEARLS;SEASHELLS;10005.0;7
2;27800;;;PEARLS;SEASHELLS;10002.0;1
2;28200;;;BANANAS;SEASHELLS;4814.0;1
2;28200;;;PEARLS;SEASHELLS;9998.0;1
2;28200;;;BANANAS;SEASHELLS;4814.0;3
2;28400;;;PEARLS;SEASHELLS;10002.0;4
2;28500;;;BERRIES;SEASHELLS;3849.0;2
2;28600;;;PEARLS;SEASHELLS;10002.0;1
2;28600;;;PEARLS;SEASHELLS;9995.0;10
2;28800;;;PEARLS;SEASHELLS;9995.0;2
2;28800;;;BANANAS;SEASHELLS;4811.0;2
2;29000;;;BANANAS;SEASHELLS;4817.0;7
2;29100;;;BANANAS;SEASHELLS;4816.0;1
2;29100;;;PEARLS;SEASHELLS;10002.0;1
2;29200;;;PINA_COLADAS;SEASHELLS;14876.0;8
2;29400;;;BANANAS;SEASHELLS;4816.0;1
2;29400;;;DIVING_GEAR;SEASHELLS;99145.0;3
2;29800;;;PEARLS;SEASHELLS;9996.0;1
2;29800;;;BANANAS;SEASHELLS;4811.0;1
2;29900;;;PEARLS;SEASHELLS;9998.0;1
2;30100;;;COCONUTS;SEASHELLS;7937.0;30
2;30300;;;PINA_COLADAS;SEASHELLS;14889.0;2
2;30700;;;DIVING_GEAR;SEASHELLS;99145.0;1
2;30800;;;BANANAS;SEASHELLS;4817.0;12
2;31200;;;BERRIES;SEASHELLS;3852.0;11
2;31300;;;BANANAS;SEASHELLS;4817.0;1
2;31700;;;BERRIES;SEASHELLS;3845.0;12
2;31700;;;BANANAS;SEASHELLS;4818.0;1
2;31800;;;BANANAS;SEASHELLS;4819.0;12
2;31900;;;BANANAS;SEASHELLS;4819.0;15
2;32000;;;BANANAS;SEASHELLS;4813.0;12
2;32100;;;BANANAS;SEASHELLS;4819.0;12
2;32300;;;PINA_COLADAS;SEASHELLS;14882.0;25
2;32800;;;DIVING_GEAR;SEASHELLS;99127.0;1
2;32800;;;BERRIES;SEASHELLS;3844.0;13
2;32900;;;BANANAS;SEASHELLS;4813.0;1
2;32900;;;DIVING_GEAR;SEASHELLS;99129.0;1
2;33100;;;BANANAS;SEASHELLS;4813.0;1
2;33200;;;BANANAS;SEASHELLS;4818.0;9
2;33300;;;BANANAS;SEASHELLS;4817.0;3
2;33600;;;PEARLS;SEASHELLS;10004.0;1
2;33600;;;BANANAS;SEASHELLS;4818.0;1
2;34000;;;DIVING_GEAR;SEASHELLS;99122.0;2
2;34800;;;PEARLS;SEASHELLS;10002.0;1
2;35000;;;BANANAS;SEASHELLS;4815.0;2
2;35200;;;BANANAS;SEASHELLS;4816.0;1
2;35200;;;PEARLS;SEASHELLS;9996.0;1
2;35900;;;DIVING_GEAR;SEASHELLS;99123.0;2
2;36000;;;BERRIES;SEASHELLS;3853.0;13
2;36000;;;COCONUTS;SEASHELLS;7949.0;9
2;36100;;;COCONUTS;SEASHELLS;7946.0;54
2;36200;;;BANANAS;SEASHELLS;4814.0;5
2;36600;;;BANANAS;SEASHELLS;4818.0;1
2;36600;;;BANANAS;SEASHELLS;4812.0;13
2;36700;;;BERRIES;SEASHELLS;3851.0;5
2;36800;;;BANANAS;SEASHELLS;4813.0;1
2;36800;;;BANANAS;SEASHELLS;4813.0;2
2;36800;;;PEARLS;SEASHELLS;9998.0;1
2;36900;;;BANANAS;SEASHELLS;4813.0;1
2;37100;;;BANANAS;SEASHELLS;4819.0;3
2;37100;;;BANANAS;SEASHELLS;4819.0;18
2;37600;;;PINA_COLADAS;SEASHELLS;14888.0;25
2;37700;;;BANANAS;SEASHELLS;4819.0;1
2;37800;;;PEARLS;SEASHELLS;9998.0;2
2;37800;;;BANANAS;SEASHELLS;4815.0;2
2;37900;;;DIVING_GEAR;SEASHELLS;99131.0;2
2;37900;;;DIVING_GEAR;SEASHELLS;99131.0;2
2;38100;;;BERRIES;SEASHELLS;3851.0;13
2;38300;;;BANANAS;SEASHELLS;4818.0;8
2;38500;;;BERRIES;SEASHELLS;3844.0;16
2;38800;;;PEARLS;SEASHELLS;10005.0;5
2;39500;;;BANANAS;SEASHELLS;4819.0;1
2;39800;;;BANANAS;SEASHELLS;4816.0;4
2;40000;;;DIVING_GEAR;SEASHELLS;99101.0;3
2;40100;;;BERRIES;SEASHELLS;3846.0;15
2;40600;;;BERRIES;SEASHELLS;3855.0;12
2;40700;;;BANANAS;SEASHELLS;4817.0;5
2;41100;;;PEARLS;SEASHELLS;10002.0;3
2;41600;;;COCONUTS;SEASHELLS;7937.0;7
2;42200;;;COCONUTS;SEASHELLS;7940.0;8
2;42600;;;BERRIES;SEASHELLS;3856.0;7
2;42800;;;BANANAS;SEASHELLS;4814.0;1
2;42900;;;BERRIES;SEASHELLS;3852.0;4
2;42900;;;COCONUTS;SEASHELLS;7940.0;50
2;42900;;;BERRIES;SEASHELLS;3852.0;3
2;43200;;;BERRIES;SEASHELLS;3849.0;19
2;43200;;;BANANAS;SEASHELLS;4818.0;1
2;43400;;;PEARLS;SEASHELLS;10005.0;11
2;43700;;;PEARLS;SEASHELLS;10002.0;5
2;43700;;;PEARLS;SEASHELLS;10002.0;1
2;44600;;;BERRIES;SEASHELLS;3848.0;11
2;45000;;;BANANAS;SEASHELLS;4817.0;1
2;45400;;;PEARLS;SEASHELLS;9998.0;6
2;45600;;;BANANAS;SEASHELLS;4815.0;1
2;45700;;;PINA_COLADAS;SEASHELLS;14895.0;22
2;46000;;;BANANAS;SEASHELLS;4821.0;12
2;46200;;;DIVING_GEAR;SEASHELLS;99085.0;3
2;46300;;;PEARLS;SEASHELLS;10004.0;3
2;46300;;;PEARLS;SEASHELLS;10004.0;1
2;46300;;;PINA_COLADAS;SEASHELLS;14894.0;4
2;46800;;;BERRIES;SEASHELLS;3847.0;11
2;47000;;;COCONUTS;SEASHELLS;7946.0;25
2;47100;;;PEARLS;SEASHELLS;10005.0;8
2;47100;;;BANANAS;SEASHELLS;4816.0;1
2;47400;;;PEARLS;SEASHELLS;9995.0;1
2;47400;;;BANANAS;SEASHELLS;4816.0;1
2;47400;;;PEARLS;SEASHELLS;9998.0;1
2;47500;;;BANANAS;SEASHELLS;4823.0;1
2;47500;;;COCONUTS;SEASHELLS;7948.0;10
2;47500;;;PEARLS;SEASHELLS;10004.0;1
2;48000;;;PEARLS;SEASHELLS;9998.0;3
2;48200;;;PEARLS;SEASHELLS;10002.0;3
2;48200;;;PEARLS;SEASHELLS;10002.0;1
2;48300;;;PEARLS;SEASHELLS;10002.0;1
2;48400;;;DIVING_GEAR;SEASHELLS;99106.0;3
2;48400;;;BANANAS;SEASHELLS;4816.0;1
2;48500;;;BERRIES;SEASHELLS;3848.0;14
2;48500;;;PEARLS;SEASHELLS;10005.0;10
2;48700;;;BERRIES;SEASHELLS;3849.0;7
2;48900;;;PEARLS;SEASHELLS;9998.0;1
2;49000;;;PEARLS;SEASHELLS;9995.0;2
2;49000;;;BANANAS;SEASHELLS;4817.0;2
2;49100;;;BANANAS;SEASHELLS;4817.0;1
2;49300;;;PEARLS;SEASHELLS;10004.0;1
2;49300;;;BANANAS;SEASHELLS;4818.0;8
2;49300;;;BANANAS;SEASHELLS;4817.0;1
2;49400;;;BANANAS;SEASHELLS;4822.0;1
2;49800;;;PEARLS;SEASHELLS;9998.0;1
2;50200;;;BANANAS;SEASHELLS;4817.0;10
2;50300;;;COCONUTS;SEASHELLS;7948.0;7
2;50400;;;BANANAS;SEASHELLS;4816.0;1
2;50500;;;BANANAS;SEASHELLS;4816.0;1
2;50500;;;PEARLS;SEASHELLS;9995.0;1
2;50600;;;PEARLS;SEASHELLS;10004.0;1
2;50600;;;PEARLS;SEASHELLS;10004.0;1
2;50600;;;BANANAS;SEASHELLS;4823.0;2
2;50600;;;BANANAS;SEASHELLS;4821.0;1
2;50700;;;DIVING_GEAR;SEASHELLS;99118.0;2
2;51000;;;BERRIES;SEASHELLS;3853.0;1
2;51100;;;PEARLS;SEASHELLS;9996.0;10
2;51100;;;PEARLS;SEASHELLS;9996.0;1
2;51200;;;PEARLS;SEASHELLS;9995.0;2
2;51200;;;BANANAS;SEASHELLS;4816.0;2
2;51300;;;PEARLS;SEASHELLS;10005.0;6
2;51500;;;PINA_COLADAS;SEASHELLS;14886.0;3
2;51900;;;PEARLS;SEASHELLS;9995.0;4
2;52500;;;PEARLS;SEASHELLS;9998.0;1
2;52600;;;PEARLS;SEASHELLS;9998.0;1
2;52700;;;PEARLS;SEASHELLS;10004.0;2
2;52700;;;PEARLS;SEASHELLS;10004.0;6
2;53000;;;PEARLS;SEASHELLS;9996.0;1
2;53000;;;BANANAS;SEASHELLS;4820.0;1
2;53200;;;PEARLS;SEASHELLS;9998.0;5
2;53600;;;BANANAS;SEASHELLS;4821.0;1
2;53600;;;PEARLS;SEASHELLS;10004.0;1
2;53900;;;PEARLS;SEASHELLS;10005.0;1
2;53900;;;DIVING_GEAR;SEASHELLS;99138.0;1
2;53900;;;BANANAS;SEASHELLS;4819.0;1
2;54000;;;BANANAS;SEASHELLS;4814.0;5
2;54100;;;BANANAS;SEASHELLS;4813.0;1
2;54300;;;BANANAS;SEASHELLS;4814.0;7
2;54400;;;BANANAS;SEASHELLS;4821.0;3
2;54400;;;COCONUTS;SEASHELLS;7940.0;5
2;54500;;;BERRIES;SEASHELLS;3861.0;10
2;54500;;;COCONUTS;SEASHELLS;7938.0;26
2;54700;;;BANANAS;SEASHELLS;4813.0;2
2;54800;;;BANANAS;SEASHELLS;4813.0;1
2;55000;;;BANANAS;SEASHELLS;4815.0;5
2;55500;;;COCONUTS;SEASHELLS;7939.0;12
2;55500;;;DIVING_GEAR;SEASHELLS;99088.0;3
2;55600;;;BANANAS;SEASHELLS;4812.0;2
2;55900;;;BANANAS;SEASHELLS;4812.0;1
2;55900;;;BANANAS;SEASHELLS;4813.0;2
2;56000;;;BANANAS;SEASHELLS;4813.0;1
2;56000;;;BANANAS;SEASHELLS;4813.0;10
2;56000;;;BERRIES;SEASHELLS;3854.0;15
2;56000;;;PEARLS;SEASHELLS;10004.0;1
2;56000;;;PEARLS;SEASHELLS;9998.0;5
2;56100;;;BANANAS;SEASHELLS;4811.0;1
2;56400;;;PEARLS;SEASHELLS;9998.0;1
2;56600;;;BANANAS;SEASHELLS;4817.0;16
2;56600;;;BERRIES;SEASHELLS;3860.0;10
2;56800;;;BANANAS;SEASHELLS;4810.0;2
2;56800;;;PEARLS;SEASHELLS;9996.0;2
2;57100;;;BERRIES;SEASHELLS;3854.0;4
2;57500;;;BERRIES;SEASHELLS;3856.0;4
2;57600;;;PEARLS;SEASHELLS;9998.0;1
2;57600;;;BANANAS;SEASHELLS;4809.0;1
2;57700;;;PEARLS;SEASHELLS;10002.0;5
2;57800;;;PEARLS;SEASHELLS;9998.0;1
2;57800;;;BANANAS;SEASHELLS;4813.0;1
2;57900;;;BANANAS;SEASHELLS;4808.0;1
2;58300;;;BANANAS;SEASHELLS;4807.0;1
2;58400;;;BANANAS;SEASHELLS;4813.0;1
2;58400;;;PEARLS;SEASHELLS;10004.0;1
2;58500;;;PEARLS;SEASHELLS;10004.0;2
2;58900;;;BANANAS;SEASHELLS;4811.0;1
2;58900;;;BANANAS;SEASHELLS;4810.0;2
2;58900;;;PEARLS;SEASHELLS;10002.0;1
2;58900;;;BANANAS;SEASHELLS;4810.0;2
2;58900;;;PEARLS;SEASHELLS;10002.0;4
2;59100;;;PEARLS;SEASHELLS;9998.0;2
2;59100;;;PEARLS;SEASHELLS;9998.0;2
2;59100;;;BANANAS;SEASHELLS;4807.0;2
2;59200;;;PEARLS;SEASHELLS;10002.0;1
2;59200;;;DIVING_GEAR;SEASHELLS;99054.0;3
2;59400;;;PEARLS;SEASHELLS;9998.0;4
2;59800;;;PEARLS;SEASHELLS;9995.0;5
2;59900;;;BANANAS;SEASHELLS;4809.0;1
2;60000;;;BANANAS;SEASHELLS;4808.0;1
2;60100;;;BANANAS;SEASHELLS;4808.0;1
2;60200;;;COCONUTS;SEASHELLS;7928.0;19
2;61000;;;COCONUTS;SEASHELLS;7931.0;6
2;61000;;;PEARLS;SEASHELLS;9995.0;2
2;61100;;;DIVING_GEAR;SEASHELLS;99046.0;2
2;61100;;;BANANAS;SEASHELLS;4810.0;6
2;61100;;;PEARLS;SEASHELLS;9998.0;1
2;61200;;;BANANAS;SEASHELLS;4812.0;1
2;61300;;;PEARLS;SEASHELLS;9998.0;1
2;61600;;;BERRIES;SEASHELLS;3855.0;4
2;62000;;;BERRIES;SEASHELLS;3855.0;10
2;62300;;;PEARLS;SEASHELLS;9998.0;1
2;62300;;;BANANAS;SEASHELLS;4805.0;1
2;62500;;;BANANAS;SEASHELLS;4806.0;1
2;62500;;;PEARLS;SEASHELLS;10002.0;1
2;62600;;;BANANAS;SEASHELLS;4810.0;1
2;62700;;;BANANAS;SEASHELLS;4810.0;1
2;62900;;;PINA_COLADAS;SEASHELLS;14825.0;3
2;63200;;;BANANAS;SEASHELLS;4810.0;1
2;63200;;;PEARLS;SEASHELLS;10002.0;1
2;63400;;;BANANAS;SEASHELLS;4812.0;1
2;63400;;;BERRIES;SEASHELLS;3856.0;11
2;63400;;;PEARLS;SEASHELLS;10004.0;1
2;63500;;;BANANAS;SEASHELLS;4808.0;3
2;63600;;;BANANAS;SEASHELLS;4807.0;5
2;63800;;;BANANAS;SEASHELLS;4813.0;16
2;63800;;;BANANAS;SEASHELLS;4811.0;1
2;64100;;;PEARLS;SEASHELLS;9998.0;2
2;64200;;;BANANAS;SEASHELLS;4806.0;1
2;64500;;;BERRIES;SEASHELLS;3860.0;1
2;64600;;;BANANAS;SEASHELLS;4807.0;1
2;65000;;;BANANAS;SEASHELLS;4810.0;2
2;65000;;;PEARLS;SEASHELLS;10002.0;2
2;65100;;;BERRIES;SEASHELLS;3857.0;2
2;65100;;;BANANAS;SEASHELLS;4806.0;1
2;65200;;;BANANAS;SEASHELLS;4812.0;2
2;65400;;;PEARLS;SEASHELLS;10002.0;1
2;65400;;;PEARLS;SEASHELLS;10002.0;1
2;65400;;;BANANAS;SEASHELLS;4806.0;1
2;65600;;;BERRIES;SEASHELLS;3862.0;2
2;65700;;;PEARLS;SEASHELLS;9998.0;4
2;65700;;;PEARLS;SEASHELLS;9995.0;1
2;65700;;;BANANAS;SEASHELLS;4807.0;1
2;66000;;;BANANAS;SEASHELLS;4812.0;2
2;66000;;;PEARLS;SEASHELLS;10004.0;2
2;66100;;;PEARLS;SEASHELLS;9998.0;2
2;66300;;;BANANAS;SEASHELLS;4807.0;1
2;66400;;;PEARLS;SEASHELLS;9998.0;1
2;66500;;;BANANAS;SEASHELLS;4807.0;1
2;66600;;;PEARLS;SEASHELLS;9998.0;2
2;66700;;;BANANAS;SEASHELLS;4807.0;1
2;67000;;;DIVING_GEAR;SEASHELLS;99137.0;3
2;67000;;;BANANAS;SEASHELLS;4812.0;1
2;67000;;;BANANAS;SEASHELLS;4808.0;11
2;67300;;;BANANAS;SEASHELLS;4808.0;1
2;67500;;;BERRIES;SEASHELLS;3858.0;8
2;67500;;;BANANAS;SEASHELLS;4814.0;10
2;67600;;;PEARLS;SEASHELLS;9995.0;2
2;67600;;;BANANAS;SEASHELLS;4807.0;2
2;67700;;;PEARLS;SEASHELLS;9998.0;1
2;67700;;;BANANAS;SEASHELLS;4810.0;1
2;67800;;;BANANAS;SEASHELLS;4813.0;1
2;68000;;;BANANAS;SEASHELLS;4815.0;2
2;68000;;;PEARLS;SEASHELLS;10004.0;2
2;68300;;;BANANAS;SEASHELLS;4811.0;1
2;68300;;;PEARLS;SEASHELLS;10002.0;1
2;68500;;;PEARLS;SEASHELLS;9998.0;5
2;68600;;;PEARLS;SEASHELLS;9998.0;1
2;68600;;;COCONUTS;SEASHELLS;7918.0;24
2;68600;;;BANANAS;SEASHELLS;4813.0;6
2;69000;;;BANANAS;SEASHELLS;4816.0;2
2;69000;;;PEARLS;SEASHELLS;10004.0;2
2;69100;;;BERRIES;SEASHELLS;3855.0;7
2;69200;;;PINA_COLADAS;SEASHELLS;14837.0;13
2;69300;;;BANANAS;SEASHELLS;4811.0;3
2;69400;;;BANANAS;SEASHELLS;4810.0;9
2;69400;;;DIVING_GEAR;SEASHELLS;99184.0;1
2;70500;;;PEARLS;SEASHELLS;9998.0;1
2;70500;;;BANANAS;SEASHELLS;4813.0;1
2;71000;;;BANANAS;SEASHELLS;4810.0;5
2;71100;;;PEARLS;SEASHELLS;10004.0;7
2;71100;;;PEARLS;SEASHELLS;10004.0;2
2;71300;;;PEARLS;SEASHELLS;10002.0;1
2;71400;;;PEARLS;SEASHELLS;9998.0;3
2;71600;;;PEARLS;SEASHELLS;9996.0;2
2;71800;;;BANANAS;SEASHELLS;4816.0;2
2;71900;;;BANANAS;SEASHELLS;4814.0;1
2;72000;;;BANANAS;SEASHELLS;4813.0;4
2;72100;;;DIVING_GEAR;SEASHELLS;99125.0;1
2;72200;;;BANANAS;SEASHELLS;4809.0;1
2;72300;;;PEARLS;SEASHELLS;9998.0;1
2;72500;;;PEARLS;SEASHELLS;9995.0;2
2;72500;;;BANANAS;SEASHELLS;4808.0;2
2;72800;;;BANANAS;SEASHELLS;4813.0;2
2;72800;;;PEARLS;SEASHELLS;10002.0;2
2;72900;;;BANANAS;SEASHELLS;4808.0;1
2;73000;;;DIVING_GEAR;SEASHELLS;99146.0;2
2;73100;;;BANANAS;SEASHELLS;4810.0;1
2;73300;;;BERRIES;SEASHELLS;3850.0;11
2;73300;;;COCONUTS;SEASHELLS;7922.0;25
2;73300;;;DIVING_GEAR;SEASHELLS;99134.0;2
2;73300;;;BANANAS;SEASHELLS;4810.0;5
2;74000;;;BANANAS;SEASHELLS;4815.0;10
2;74000;;;PINA_COLADAS;SEASHELLS;14840.0;12
2;74200;;;COCONUTS;SEASHELLS;7920.0;11
2;74200;;;COCONUTS;SEASHELLS;7920.0;63
2;74300;;;BANANAS;SEASHELLS;4815.0;1
2;74400;;;BANANAS;SEASHELLS;4811.0;1
2;74400;;;COCONUTS;SEASHELLS;7918.0;10
2;74600;;;PEARLS;SEASHELLS;10004.0;1
2;74600;;;PEARLS;SEASHELLS;10004.0;7
2;74700;;;PEARLS;SEASHELLS;10002.0;3
2;74700;;;BANANAS;SEASHELLS;4812.0;2
2;74800;;;BANANAS;SEASHELLS;4816.0;1
2;74800;;;BERRIES;SEASHELLS;3859.0;10
2;74800;;;PEARLS;SEASHELLS;9998.0;4
2;74900;;;BANANAS;SEASHELLS;4811.0;8
2;75200;;;BANANAS;SEASHELLS;4811.0;1
2;75300;;;PEARLS;SEASHELLS;10004.0;2
2;75400;;;PEARLS;SEASHELLS;10004.0;1
2;75400;;;DIVING_GEAR;SEASHELLS;99180.0;1
2;75500;;;PEARLS;SEASHELLS;10002.0;1
2;75600;;;BANANAS;SEASHELLS;4811.0;1
2;75900;;;BERRIES;SEASHELLS;3863.0;7
2;76400;;;PEARLS;SEASHELLS;9998.0;1
2;76400;;;BANANAS;SEASHELLS;4816.0;1
2;76500;;;BANANAS;SEASHELLS;4816.0;1
2;77000;;;PEARLS;SEASHELLS;9998.0;1
2;77100;;;BANANAS;SEASHELLS;4816.0;1
2;77600;;;DIVING_GEAR;SEASHELLS;99196.0;1
2;77600;;;PEARLS;SEASHELLS;9998.0;1
2;77700;;;BERRIES;SEASHELLS;3864.0;6
2;78000;;;PEARLS;SEASHELLS;10002.0;1
2;78100;;;BANANAS;SEASHELLS;4809.0;1
2;78300;;;PEARLS;SEASHELLS;10005.0;1
2;78300;;;BANANAS;SEASHELLS;4816.0;1
2;78300;;;BANANAS;SEASHELLS;4814.0;1
2;78400;;;BERRIES;SEASHELLS;3860.0;14
2;79200;;;DIVING_GEAR;SEASHELLS;99191.0;3
2;79400;;;COCONUTS;SEASHELLS;7921.0;7
2;79900;;;DIVING_GEAR;SEASHELLS;99185.0;3
2;80100;;;BANANAS;SEASHELLS;4815.0;1
2;80300;;;PINA_COLADAS;SEASHELLS;14820.0;8
2;80600;;;PEARLS;SEASHELLS;9998.0;3
2;80900;;;PEARLS;SEASHELLS;10004.0;7
2;80900;;;PEARLS;SEASHELLS;10004.0;1
2;80900;;;BANANAS;SEASHELLS;4816.0;1
2;81000;;;BERRIES;SEASHELLS;3865.0;2
2;81200;;;BANANAS;SEASHELLS;4811.0;1
2;81200;;;BANANAS;SEASHELLS;4811.0;1
2;81200;;;PEARLS;SEASHELLS;9996.0;1
2;81200;;;PEARLS;SEASHELLS;9996.0;1
2;81500;;;DIVING_GEAR;SEASHELLS;99157.0;1
2;81700;;;PINA_COLADAS;SEASHELLS;14819.0;7
2;81800;;;BANANAS;SEASHELLS;4818.0;2
2;81800;;;COCONUTS;SEASHELLS;7918.0;27
2;81800;;;PEARLS;SEASHELLS;10005.0;2
2;81900;;;BANANAS;SEASHELLS;4815.0;2
2;81900;;;PEARLS;SEASHELLS;10002.0;2
2;82000;;;BERRIES;SEASHELLS;3866.0;11
2;82200;;;PEARLS;SEASHELLS;9998.0;1
2;82700;;;PEARLS;SEASHELLS;9996.0;1
2;82700;;;PINA_COLADAS;SEASHELLS;14817.0;12
2;82700;;;BANANAS;SEASHELLS;4810.0;1
2;82800;;;PEARLS;SEASHELLS;10002.0;1
2;82900;;;BANANAS;SEASHELLS;4811.0;1
2;82900;;;PEARLS;SEASHELLS;9998.0;1
2;83000;;;BERRIES;SEASHELLS;3859.0;14
2;83500;;;BANANAS;SEASHELLS;4811.0;1
2;83500;;;BANANAS;SEASHELLS;4811.0;13
2;83800;;;BANANAS;SEASHELLS;4812.0;10
2;83800;;;PEARLS;SEASHELLS;10004.0;1
2;84000;;;BANANAS;SEASHELLS;4818.0;2
2;84000;;;PEARLS;SEASHELLS;10002.0;1
2;84000;;;PEARLS;SEASHELLS;10005.0;2
2;84100;;;BERRIES;SEASHELLS;3864.0;13
2;84200;;;PEARLS;SEASHELLS;9998.0;1
2;84200;;;DIVING_GEAR;SEASHELLS;99156.0;2
2;84300;;;BANANAS;SEASHELLS;4817.0;1
2;84700;;;BANANAS;SEASHELLS;4816.0;3
2;84700;;;PINA_COLADAS;SEASHELLS;14821.0;4
2;84700;;;BANANAS;SEASHELLS;4812.0;1
2;84700;;;BERRIES;SEASHELLS;3863.0;7
2;84700;;;PEARLS;SEASHELLS;10002.0;3
2;84800;;;BANANAS;SEASHELLS;4811.0;3
2;84900;;;PEARLS;SEASHELLS;9998.0;1
2;85400;;;BANANAS;SEASHELLS;4814.0;9
2;85500;;;PEARLS;SEASHELLS;10002.0;1
2;85700;;;DIVING_GEAR;SEASHELLS;99157.0;2
2;85800;;;DIVING_GEAR;SEASHELLS;99158.0;1
2;85800;;;PEARLS;SEASHELLS;10002.0;1
2;86000;;;PEARLS;SEASHELLS;10002.0;1
2;86100;;;PEARLS;SEASHELLS;10005.0;6
2;86700;;;BANANAS;SEASHELLS;4816.0;1
2;86700;;;PEARLS;SEASHELLS;10002.0;5
2;86800;;;PEARLS;SEASHELLS;10004.0;1
2;86800;;;BANANAS;SEASHELLS;4818.0;1
2;86900;;;DIVING_GEAR;SEASHELLS;99167.0;3
2;86900;;;BERRIES;SEASHELLS;3857.0;14
2;87300;;;PEARLS;SEASHELLS;9998.0;5
2;87800;;;BANANAS;SEASHELLS;4811.0;6
2;87800;;;BANANAS;SEASHELLS;4811.0;6
2;87800;;;BANANAS;SEASHELLS;4811.0;5
2;87900;;;BANANAS;SEASHELLS;4811.0;1
2;88200;;;BANANAS;SEASHELLS;4812.0;4
2;88200;;;BANANAS;SEASHELLS;4812.0;1
2;88300;;;BANANAS;SEASHELLS;4817.0;2
2;88300;;;PEARLS;SEASHELLS;10004.0;2
2;88400;;;PINA_COLADAS;SEASHELLS;14816.0;13
2;88600;;;BANANAS;SEASHELLS;4815.0;1
2;89200;;;PEARLS;SEASHELLS;9998.0;1
2;89500;;;PEARLS;SEASHELLS;10005.0;11
2;89600;;;PEARLS;SEASHELLS;9998.0;2
2;89600;;;PEARLS;SEASHELLS;9998.0;1
2;89600;;;BANANAS;SEASHELLS;4813.0;2
2;89800;;;PEARLS;SEASHELLS;9995.0;2
2;89800;;;BANANAS;SEASHELLS;4816.0;2
2;89900;;;BERRIES;SEASHELLS;3858.0;3
2;90400;;;COCONUTS;SEASHELLS;7915.0;6
2;90400;;;DIVING_GEAR;SEASHELLS;99182.0;3
2;90700;;;PEARLS;SEASHELLS;10002.0;1
2;90800;;;PEARLS;SEASHELLS;10004.0;1
2;90800;;;BANANAS;SEASHELLS;4811.0;1
2;91200;;;BANANAS;SEASHELLS;4810.0;2
2;91200;;;PEARLS;SEASHELLS;9995.0;2
2;91300;;;BANANAS;SEASHELLS;4815.0;1
2;91500;;;COCONUTS;SEASHELLS;7919.0;27
2;91800;;;DIVING_GEAR;SEASHELLS;99210.0;1
2;91900;;;PEARLS;SEASHELLS;10002.0;1
2;91900;;;PEARLS;SEASHELLS;10002.0;3
2;92000;;;PEARLS;SEASHELLS;9996.0;3
2;92000;;;PEARLS;SEASHELLS;9996.0;2
2;92000;;;BANANAS;SEASHELLS;4816.0;4
2;92000;;;DIVING_GEAR;SEASHELLS;99214.0;1
2;92600;;;BANANAS;SEASHELLS;4813.0;4
2;92900;;;BERRIES;SEASHELLS;3855.0;13
2;93000;;;BANANAS;SEASHELLS;4811.0;1
2;93200;;;PEARLS;SEASHELLS;10002.0;1
2;93600;;;PEARLS;SEASHELLS;10004.0;2
2;93600;;;PEARLS;SEASHELLS;10004.0;1
2;94200;;;PEARLS;SEASHELLS;9998.0;1
2;94200;;;BANANAS;SEASHELLS;4817.0;1
2;94300;;;PEARLS;SEASHELLS;9998.0;1
2;94500;;;PEARLS;SEASHELLS;10004.0;1
2;94500;;;PEARLS;SEASHELLS;10004.0;1
2;94500;;;BANANAS;SEASHELLS;4818.0;2
2;94500;;;DIVING_GEAR;SEASHELLS;99203.0;3
2;94600;;;BANANAS;SEASHELLS;4817.0;1
2;94600;;;PEARLS;SEASHELLS;9998.0;1
2;94800;;;PEARLS;SEASHELLS;9998.0;1
2;94800;;;BANANAS;SEASHELLS;4814.0;1
2;95000;;;DIVING_GEAR;SEASHELLS;99213.0;3
2;95100;;;BANANAS;SEASHELLS;4818.0;1
2;95100;;;DIVING_GEAR;SEASHELLS;99214.0;1
2;95300;;;BERRIES;SEASHELLS;3862.0;9
2;95400;;;PEARLS;SEASHELLS;10002.0;4
2;95400;;;PEARLS;SEASHELLS;10002.0;1
2;95400;;;BANANAS;SEASHELLS;4818.0;1
2;95500;;;COCONUTS;SEASHELLS;7918.0;1
2;95500;;;BERRIES;SEASHELLS;3856.0;1
2;95500;;;COCONUTS;SEASHELLS;7918.0;62
2;95600;;;BANANAS;SEASHELLS;4819.0;4
2;95600;;;DIVING_GEAR;SEASHELLS;99192.0;1
2;95900;;;PEARLS;SEASHELLS;9998.0;1
2;96000;;;BANANAS;SEASHELLS;4819.0;1
2;96100;;;DIVING_GEAR;SEASHELLS;99176.0;1
2;96400;;;BANANAS;SEASHELLS;4814.0;13
2;96500;;;DIVING_GEAR;SEASHELLS;99193.0;3
2;97400;;;BERRIES;SEASHELLS;3864.0;20
2;97400;;;BANANAS;SEASHELLS;4814.0;1
2;97500;;;DIVING_GEAR;SEASHELLS;99191.0;2
2;97900;;;PEARLS;SEASHELLS;10002.0;4
2;98000;;;BANANAS;SEASHELLS;4814.0;13
2;98200;;;PEARLS;SEASHELLS;9998.0;1
2;98300;;;PEARLS;SEASHELLS;10002.0;1
2;98500;;;BANANAS;SEASHELLS;4818.0;1
2;98500;;;BANANAS;SEASHELLS;4818.0;3
2;98500;;;DIVING_GEAR;SEASHELLS;99196.0;1
2;99000;;;BANANAS;SEASHELLS;4816.0;4
2;99000;;;BANANAS;SEASHELLS;4815.0;1
2;99300;;;BANANAS;SEASHELLS;4820.0;2
2;99300;;;PEARLS;SEASHELLS;10004.0;2
2;99500;;;BERRIES;SEASHELLS;3854.0;10
2;99600;;;BANANAS;SEASHELLS;4815.0;2
2;99700;;;BANANAS;SEASHELLS;4817.0;3
2;100100;;;DIVING_GEAR;SEASHELLS;99177.0;1
2;100200;;;BERRIES;SEASHELLS;3854.0;17
2;100200;;;PEARLS;SEASHELLS;10002.0;1
2;100300;;;COCONUTS;SEASHELLS;7917.0;48
2;100500;;;DIVING_GEAR;SEASHELLS;99168.0;3
2;100600;;;BANANAS;SEASHELLS;4819.0;1
2;100600;;;PEARLS;SEASHELLS;10004.0;1
2;101100;;;PEARLS;SEASHELLS;9998.0;4
2;101200;;;COCONUTS;SEASHELLS;7920.0;9
2;101200;;;PEARLS;SEASHELLS;10002.0;1
2;101700;;;DIVING_GEAR;SEASHELLS;99170.0;1
2;101700;;;BANANAS;SEASHELLS;4812.0;1
2;101800;;;PEARLS;SEASHELLS;9995.0;2
2;101800;;;BANANAS;SEASHELLS;4813.0;2
2;101900;;;BANANAS;SEASHELLS;4813.0;1
2;102000;;;BANANAS;SEASHELLS;4813.0;2
2;102100;;;BERRIES;SEASHELLS;3856.0;3
2;102300;;;PEARLS;SEASHELLS;9998.0;1
2;102400;;;BANANAS;SEASHELLS;4813.0;1
2;102400;;;BANANAS;SEASHELLS;4814.0;1
2;102600;;;PEARLS;SEASHELLS;10002.0;1
2;102700;;;BANANAS;SEASHELLS;4820.0;14
2;103200;;;BANANAS;SEASHELLS;4819.0;1
2;103200;;;PEARLS;SEASHELLS;10004.0;1
2;103200;;;BANANAS;SEASHELLS;4819.0;3
2;103300;;;BANANAS;SEASHELLS;4815.0;3
2;103500;;;PEARLS;SEASHELLS;9998.0;5
2;103800;;;BANANAS;SEASHELLS;4818.0;1
2;103900;;;COCONUTS;SEASHELLS;7922.0;13
2;104500;;;DIVING_GEAR;SEASHELLS;99175.0;2
2;104500;;;BANANAS;SEASHELLS;4813.0;1
2;104600;;;BANANAS;SEASHELLS;4813.0;1
2;104600;;;PEARLS;SEASHELLS;9998.0;1
2;104700;;;BANANAS;SEASHELLS;4817.0;2
2;104700;;;BANANAS;SEASHELLS;4817.0;1
2;105200;;;BANANAS;SEASHELLS;4813.0;1
2;105300;;;BANANAS;SEASHELLS;4813.0;1
2;105400;;;PINA_COLADAS;SEASHELLS;14870.0;2
2;105500;;;BANANAS;SEASHELLS;4818.0;1
2;105700;;;DIVING_GEAR;SEASHELLS;99167.0;1
2;106200;;;BERRIES;SEASHELLS;3856.0;2
2;106800;;;BANANAS;SEASHELLS;4815.0;1
2;107100;;;COCONUTS;SEASHELLS;7913.0;43
2;107300;;;DIVING_GEAR;SEASHELLS;99217.0;2
2;107600;;;BANANAS;SEASHELLS;4813.0;1
2;107800;;;PEARLS;SEASHELLS;9996.0;1
2;107800;;;BANANAS;SEASHELLS;4818.0;1
2;107800;;;PEARLS;SEASHELLS;9996.0;1
2;107900;;;BANANAS;SEASHELLS;4814.0;1
2;107900;;;PEARLS;SEASHELLS;10004.0;1
2;108000;;;BERRIES;SEASHELLS;3861.0;5
2;108300;;;DIVING_GEAR;SEASHELLS;99225.0;2
2;108300;;;PINA_COLADAS;SEASHELLS;14861.0;5
2;108400;;;BANANAS;SEASHELLS;4815.0;4
2;108500;;;PEARLS;SEASHELLS;9998.0;1
2;108600;;;DIVING_GEAR;SEASHELLS;99240.0;1
2;109000;;;BANANAS;SEASHELLS;4812.0;1
2;109200;;;DIVING_GEAR;SEASHELLS;99248.0;2
2;109600;;;PEARLS;SEASHELLS;9998.0;1
2;109900;;;BANANAS;SEASHELLS;4815.0;11
2;109900;;;BANANAS;SEASHELLS;4814.0;1
2;110000;;;PEARLS;SEASHELLS;9996.0;2
2;110000;;;BANANAS;SEASHELLS;4813.0;4
2;110000;;;COCONUTS;SEASHELLS;7911.0;51
2;110100;;;PEARLS;SEASHELLS;10002.0;1
2;110200;;;PEARLS;SEASHELLS;9995.0;5
2;110400;;;COCONUTS;SEASHELLS;7910.0;9
2;111000;;;PINA_COLADAS;SEASHELLS;14853.0;1
2;111000;;;PINA_COLADAS;SEASHELLS;14853.0;30
2;111100;;;DIVING_GEAR;SEASHELLS;99294.0;1
2;111200;;;BANANAS;SEASHELLS;4809.0;1
2;111400;;;BANANAS;SEASHELLS;4809.0;1
2;111700;;;PINA_COLADAS;SEASHELLS;14844.0;3
2;111800;;;PEARLS;SEASHELLS;9998.0;3
2;111900;;;PINA_COLADAS;SEASHELLS;14839.0;5
2;112300;;;PEARLS;SEASHELLS;9998.0;1
2;112300;;;BANANAS;SEASHELLS;4812.0;1
2;112500;;;DIVING_GEAR;SEASHELLS;99282.0;1
2;112600;;;BANANAS;SEASHELLS;4812.0;1
2;112700;;;BANANAS;SEASHELLS;4817.0;1
2;112800;;;PEARLS;SEASHELLS;9998.0;1
2;112900;;;BANANAS;SEASHELLS;4816.0;1
2;112900;;;BANANAS;SEASHELLS;4816.0;1
2;113100;;;PEARLS;SEASHELLS;10002.0;1
2;113700;;;BANANAS;SEASHELLS;4812.0;10
2;113800;;;BANANAS;SEASHELLS;4817.0;12
2;114000;;;BERRIES;SEASHELLS;3865.0;11
2;114000;;;PEARLS;SEASHELLS;10002.0;1
2;114100;;;PEARLS;SEASHELLS;9998.0;1
2;114100;;;BANANAS;SEASHELLS;4817.0;1
2;114100;;;PEARLS;SEASHELLS;9998.0;3
2;114300;;;BANANAS;SEASHELLS;4816.0;1
2;114300;;;PEARLS;SEASHELLS;9998.0;10
2;114300;;;PEARLS;SEASHELLS;9996.0;2
2;114500;;;BANANAS;SEASHELLS;4815.0;4
2;114500;;;BANANAS;SEASHELLS;4815.0;3
2;114600;;;BERRIES;SEASHELLS;3858.0;5
2;114600;;;COCONUTS;SEASHELLS;7909.0;8
2;114700;;;DIVING_GEAR;SEASHELLS;99250.0;1
2;114700;;;PINA_COLADAS;SEASHELLS;14846.0;23
2;114900;;;PINA_COLADAS;SEASHELLS;14849.0;3
2;114900;;;PEARLS;SEASHELLS;9996.0;2
2;115000;;;BANANAS;SEASHELLS;4814.0;1
2;115000;;;DIVING_GEAR;SEASHELLS;99244.0;1
2;115500;;;BANANAS;SEASHELLS;4810.0;3
2;115500;;;BANANAS;SEASHELLS;4810.0;1
2;115600;;;BANANAS;SEASHELLS;4812.0;1
2;115600;;;BERRIES;SEASHELLS;3858.0;1
2;115700;;;COCONUTS;SEASHELLS;7907.0;6
2;115700;;;BANANAS;SEASHELLS;4814.0;1
2;115900;;;BANANAS;SEASHELLS;4810.0;4
2;116100;;;BANANAS;SEASHELLS;4809.0;1
2;116100;;;PEARLS;SEASHELLS;10002.0;1
2;116400;;;PEARLS;SEASHELLS;9998.0;9
2;116600;;;PEARLS;SEASHELLS;9998.0;1
2;116600;;;BANANAS;SEASHELLS;4810.0;1
2;116800;;;PEARLS;SEASHELLS;9995.0;7
2;116800;;;DIVING_GEAR;SEASHELLS;99263.0;2
2;116900;;;BANANAS;SEASHELLS;4815.0;7
2;116900;;;PEARLS;SEASHELLS;10002.0;1
2;117000;;;PEARLS;SEASHELLS;10002.0;3
2;117100;;;PEARLS;SEASHELLS;9998.0;1
2;117100;;;BANANAS;SEASHELLS;4815.0;1
2;117300;;;PEARLS;SEASHELLS;9998.0;1
2;117300;;;BANANAS;SEASHELLS;4811.0;1
2;117400;;;PEARLS;SEASHELLS;9998.0;1
2;117500;;;BANANAS;SEASHELLS;4811.0;1
2;117700;;;BERRIES;SEASHELLS;3864.0;8
2;117800;;;PEARLS;SEASHELLS;9998.0;1
2;117800;;;BANANAS;SEASHELLS;4815.0;1
2;118000;;;COCONUTS;SEASHELLS;7903.0;20
2;118000;;;BANANAS;SEASHELLS;4811.0;14
2;118100;;;BANANAS;SEASHELLS;4815.0;1
2;118100;;;PEARLS;SEASHELLS;9996.0;1
2;118800;;;BANANAS;SEASHELLS;4810.0;1
2;119100;;;BANANAS;SEASHELLS;4814.0;2
2;119100;;;PEARLS;SEASHELLS;10002.0;5
2;119100;;;PEARLS;SEASHELLS;10004.0;2
2;119200;;;PEARLS;SEASHELLS;9998.0;5
2;119200;;;PEARLS;SEASHELLS;9998.0;3
2;119800;;;BERRIES;SEASHELLS;3859.0;8
2;120000;;;PEARLS;SEASHELLS;10002.0;3
2;120300;;;BANANAS;SEASHELLS;4810.0;1
2;120300;;;PEARLS;SEASHELLS;9995.0;1
2;120500;;;BANANAS;SEASHELLS;4811.0;9
2;120500;;;BANANAS;SEASHELLS;4811.0;2
2;120800;;;BERRIES;SEASHELLS;3855.0;12
2;121000;;;PEARLS;SEASHELLS;10000.0;5
2;121200;;;PEARLS;SEASHELLS;9998.0;1
2;121700;;;PEARLS;SEASHELLS;10002.0;1
2;121700;;;BANANAS;SEASHELLS;4812.0;3
2;121800;;;BERRIES;SEASHELLS;3856.0;15
2;122100;;;BANANAS;SEASHELLS;4818.0;7
2;122100;;;PEARLS;SEASHELLS;9998.0;1
2;122200;;;BANANAS;SEASHELLS;4812.0;1
2;122500;;;PINA_COLADAS;SEASHELLS;14816.0;4
2;122500;;;BANANAS;SEASHELLS;4811.0;1
2;122600;;;PEARLS;SEASHELLS;9998.0;1
2;122900;;;BANANAS;SEASHELLS;4810.0;1
2;122900;;;PEARLS;SEASHELLS;9996.0;1
2;123000;;;BANANAS;SEASHELLS;4814.0;1
2;123200;;;BANANAS;SEASHELLS;4815.0;1
2;123800;;;PEARLS;SEASHELLS;10002.0;2
2;123800;;;BANANAS;SEASHELLS;4814.0;2
2;123900;;;BANANAS;SEASHELLS;4810.0;1
2;124000;;;COCONUTS;SEASHELLS;7885.0;44
2;124400;;;BANANAS;SEASHELLS;4815.0;1
2;124700;;;PEARLS;SEASHELLS;9998.0;1
2;124900;;;BERRIES;SEASHELLS;3860.0;8
2;125100;;;BANANAS;SEASHELLS;4809.0;1
2;125100;;;PEARLS;SEASHELLS;9996.0;1
2;125600;;;PEARLS;SEASHELLS;10002.0;1
2;125900;;;DIVING_GEAR;SEASHELLS;99367.0;3
2;126200;;;PEARLS;SEASHELLS;9998.0;3
2;126200;;;PEARLS;SEASHELLS;9998.0;1
2;126300;;;PEARLS;SEASHELLS;9998.0;1
2;126400;;;PEARLS;SEASHELLS;9996.0;1
2;126400;;;BANANAS;SEASHELLS;4808.0;1
2;126500;;;BANANAS;SEASHELLS;4814.0;1
2;126700;;;PEARLS;SEASHELLS;9996.0;1
2;126700;;;BANANAS;SEASHELLS;4809.0;1
2;126700;;;BANANAS;SEASHELLS;4808.0;1
2;126700;;;BERRIES;SEASHELLS;3863.0;8
2;126800;;;BERRIES;SEASHELLS;3863.0;10
2;126900;;;BANANAS;SEASHELLS;4808.0;2
2;127000;;;BANANAS;SEASHELLS;4814.0;1
2;127000;;;PEARLS;SEASHELLS;10000.0;1
2;127600;;;DIVING_GEAR;SEASHELLS;99375.0;2
2;127700;;;BANANAS;SEASHELLS;4806.0;1
2;127900;;;BANANAS;SEASHELLS;4805.0;1
2;128000;;;BANANAS;SEASHELLS;4806.0;2
2;128000;;;PEARLS;SEASHELLS;9998.0;2
2;128200;;;BANANAS;SEASHELLS;4805.0;1
2;128500;;;PEARLS;SEASHELLS;10002.0;3
2;128800;;;PEARLS;SEASHELLS;10002.0;1
2;129100;;;BANANAS;SEASHELLS;4807.0;1
2;129200;;;BANANAS;SEASHELLS;4807.0;1
2;129300;;;BANANAS;SEASHELLS;4807.0;1
2;129600;;;PEARLS;SEASHELLS;10000.0;1
2;129600;;;BANANAS;SEASHELLS;4812.0;1
2;129800;;;BERRIES;SEASHELLS;3861.0;1
2;130000;;;BANANAS;SEASHELLS;4805.0;2
2;130000;;;PEARLS;SEASHELLS;9996.0;2
2;130400;;;COCONUTS;SEASHELLS;7886.0;9
2;130400;;;BERRIES;SEASHELLS;3857.0;3
2;130600;;;BERRIES;SEASHELLS;3855.0;8
2;130700;;;COCONUTS;SEASHELLS;7884.0;16
2;131100;;;DIVING_GEAR;SEASHELLS;99393.0;3
2;131200;;;PEARLS;SEASHELLS;10002.0;1
2;131300;;;COCONUTS;SEASHELLS;7887.0;17
2;131400;;;BANANAS;SEASHELLS;4813.0;1
2;131400;;;BANANAS;SEASHELLS;4808.0;7
2;131700;;;DIVING_GEAR;SEASHELLS;99376.0;1
2;131800;;;DIVING_GEAR;SEASHELLS;99386.0;2
2;132100;;;PINA_COLADAS;SEASHELLS;14846.0;4
2;132100;;;BANANAS;SEASHELLS;4807.0;1
2;132600;;;BANANAS;SEASHELLS;4807.0;2
2;132600;;;BANANAS;SEASHELLS;4813.0;2
2;132600;;;PEARLS;SEASHELLS;10004.0;2
2;132700;;;COCONUTS;SEASHELLS;7897.0;10
2;132800;;;DIVING_GEAR;SEASHELLS;99390.0;1
2;132900;;;BERRIES;SEASHELLS;3861.0;10
2;133200;;;PEARLS;SEASHELLS;9996.0;7
2;133200;;;PEARLS;SEASHELLS;9996.0;1
2;134200;;;DIVING_GEAR;SEASHELLS;99406.0;3
2;134600;;;BERRIES;SEASHELLS;3860.0;4
2;134800;;;BANANAS;SEASHELLS;4815.0;1
2;134800;;;DIVING_GEAR;SEASHELLS;99395.0;1
2;135000;;;BANANAS;SEASHELLS;4815.0;1
2;135200;;;DIVING_GEAR;SEASHELLS;99381.0;1
2;135400;;;COCONUTS;SEASHELLS;7902.0;7
2;135600;;;BERRIES;SEASHELLS;3856.0;11
2;135700;;;BANANAS;SEASHELLS;4812.0;3
2;135700;;;DIVING_GEAR;SEASHELLS;99404.0;2
2;135800;;;DIVING_GEAR;SEASHELLS;99397.0;1
2;136100;;;PINA_COLADAS;SEASHELLS;14870.0;30
2;136200;;;DIVING_GEAR;SEASHELLS;99392.0;1
2;136300;;;PEARLS;SEASHELLS;9998.0;3
2;136500;;;BANANAS;SEASHELLS;4810.0;1
2;136500;;;PEARLS;SEASHELLS;9996.0;1
2;136500;;;COCONUTS;SEASHELLS;7901.0;30
2;136600;;;PEARLS;SEASHELLS;10002.0;2
2;136600;;;PEARLS;SEASHELLS;10002.0;2
2;136700;;;DIVING_GEAR;SEASHELLS;99421.0;1
2;136800;;;BANANAS;SEASHELLS;4811.0;1
2;137000;;;PEARLS;SEASHELLS;9998.0;1
2;137100;;;BERRIES;SEASHELLS;3863.0;2
2;137400;;;PINA_COLADAS;SEASHELLS;14868.0;5
2;137400;;;PINA_COLADAS;SEASHELLS;14868.0;30
2;137600;;;BANANAS;SEASHELLS;4817.0;1
2;138000;;;BERRIES;SEASHELLS;3858.0;2
2;138200;;;PEARLS;SEASHELLS;9995.0;7
2;138300;;;PEARLS;SEASHELLS;9998.0;1
2;138600;;;DIVING_GEAR;SEASHELLS;99405.0;1
2;138800;;;BANANAS;SEASHELLS;4814.0;1
2;138900;;;PEARLS;SEASHELLS;9998.0;1
2;139000;;;PEARLS;SEASHELLS;9998.0;1
2;139200;;;PEARLS;SEASHELLS;10002.0;1
2;139300;;;PEARLS;SEASHELLS;9998.0;2
2;139400;;;BERRIES;SEASHELLS;3864.0;7
2;139900;;;BERRIES;SEASHELLS;3860.0;13
2;140000;;;DIVING_GEAR;SEASHELLS;99368.0;1
2;140100;;;PEARLS;SEASHELLS;9995.0;1
2;140100;;;BANANAS;SEASHELLS;4807.0;1
2;140200;;;BANANAS;SEASHELLS;4812.0;10
2;140200;;;DIVING_GEAR;SEASHELLS;99376.0;1
2;140400;;;BANANAS;SEASHELLS;4812.0;2
2;140400;;;BANANAS;SEASHELLS;4807.0;1
2;140400;;;PEARLS;SEASHELLS;10002.0;2
2;140500;;;PEARLS;SEASHELLS;9998.0;3
2;140500;;;BANANAS;SEASHELLS;4812.0;1
2;141000;;;BERRIES;SEASHELLS;3857.0;12
2;141000;;;PINA_COLADAS;SEASHELLS;14870.0;23
2;141100;;;BANANAS;SEASHELLS;4808.0;1
2;141400;;;PEARLS;SEASHELLS;9995.0;7
2;141500;;;PINA_COLADAS;SEASHELLS;14870.0;4
2;141600;;;DIVING_GEAR;SEASHELLS;99306.0;1
2;141900;;;BERRIES;SEASHELLS;3856.0;6
2;141900;;;BANANAS;SEASHELLS;4808.0;1
2;141900;;;PEARLS;SEASHELLS;10004.0;1
2;142100;;;PEARLS;SEASHELLS;9996.0;1
2;142100;;;BANANAS;SEASHELLS;4808.0;1
2;142200;;;BERRIES;SEASHELLS;3861.0;3
2;142300;;;BANANAS;SEASHELLS;4808.0;17
2;142400;;;BERRIES;SEASHELLS;3856.0;2
2;142400;;;PEARLS;SEASHELLS;9995.0;12
2;142700;;;DIVING_GEAR;SEASHELLS;99314.0;3
2;143100;;;PEARLS;SEASHELLS;9998.0;2
2;143200;;;BANANAS;SEASHELLS;4814.0;1
2;143300;;;DIVING_GEAR;SEASHELLS;99321.0;2
2;143500;;;BANANAS;SEASHELLS;4814.0;2
2;143900;;;DIVING_GEAR;SEASHELLS;99352.0;3
2;144200;;;BANANAS;SEASHELLS;4809.0;2
2;144200;;;PEARLS;SEASHELLS;9996.0;2
2;144500;;;PEARLS;SEASHELLS;10002.0;3
2;144500;;;BANANAS;SEASHELLS;4812.0;4
2;144600;;;BANANAS;SEASHELLS;4814.0;1
2;144600;;;PEARLS;SEASHELLS;10002.0;1
2;144900;;;COCONUTS;SEASHELLS;7907.0;25
2;145100;;;BANANAS;SEASHELLS;4808.0;1
2;145300;;;DIVING_GEAR;SEASHELLS;99323.0;2
2;145900;;;BANANAS;SEASHELLS;4815.0;1
2;146000;;;BANANAS;SEASHELLS;4810.0;7
2;146000;;;DIVING_GEAR;SEASHELLS;99340.0;1
2;146300;;;COCONUTS;SEASHELLS;7910.0;28
2;146400;;;BERRIES;SEASHELLS;3855.0;10
2;146500;;;DIVING_GEAR;SEASHELLS;99323.0;3
2;146900;;;BANANAS;SEASHELLS;4812.0;3
2;146900;;;PEARLS;SEASHELLS;10002.0;1
2;147000;;;DIVING_GEAR;SEASHELLS;99303.0;3
2;147300;;;BANANAS;SEASHELLS;4815.0;1
2;147300;;;PINA_COLADAS;SEASHELLS;14875.0;4
2;147600;;;BANANAS;SEASHELLS;4809.0;1
2;147700;;;PEARLS;SEASHELLS;10004.0;2
2;147700;;;PEARLS;SEASHELLS;10004.0;8
2;147700;;;BANANAS;SEASHELLS;4809.0;1
2;147800;;;PEARLS;SEASHELLS;9998.0;4
2;147800;;;PEARLS;SEASHELLS;9998.0;1
2;147900;;;BERRIES;SEASHELLS;3858.0;10
2;147900;;;DIVING_GEAR;SEASHELLS;99298.0;3
2;148400;;;BERRIES;SEASHELLS;3857.0;5
2;148700;;;BANANAS;SEASHELLS;4811.0;13
2;148700;;;BERRIES;SEASHELLS;3861.0;14
2;148800;;;PEARLS;SEASHELLS;9998.0;1
2;148900;;;PEARLS;SEASHELLS;9998.0;5
2;148900;;;COCONUTS;SEASHELLS;7907.0;9
2;149000;;;BANANAS;SEASHELLS;4816.0;1
2;149000;;;PEARLS;SEASHELLS;10002.0;1
2;149000;;;BANANAS;SEASHELLS;4816.0;1
2;149500;;;BANANAS;SEASHELLS;4816.0;1
2;149500;;;BANANAS;SEASHELLS;4816.0;10
2;149600;;;BANANAS;SEASHELLS;4816.0;1
2;149700;;;BANANAS;SEASHELLS;4811.0;12
2;149700;;;COCONUTS;SEASHELLS;7906.0;29
2;149900;;;COCONUTS;SEASHELLS;7905.0;52
2;150100;;;BANANAS;SEASHELLS;4811.0;1
2;150100;;;PEARLS;SEASHELLS;10002.0;1
2;150500;;;PEARLS;SEASHELLS;10002.0;3
2;150600;;;PEARLS;SEASHELLS;10004.0;1
2;150600;;;BANANAS;SEASHELLS;4817.0;1
2;150700;;;BANANAS;SEASHELLS;4810.0;8
2;150800;;;DIVING_GEAR;SEASHELLS;99319.0;1
2;151000;;;PINA_COLADAS;SEASHELLS;14871.0;24
2;151000;;;PINA_COLADAS;SEASHELLS;14871.0;5
2;151300;;;BANANAS;SEASHELLS;4811.0;3
2;151500;;;DIVING_GEAR;SEASHELLS;99313.0;2
2;152000;;;COCONUTS;SEASHELLS;7900.0;50
2;152100;;;BANANAS;SEASHELLS;4812.0;1
2;152100;;;BANANAS;SEASHELLS;4812.0;4
2;152200;;;PEARLS;SEASHELLS;10004.0;1
2;152200;;;BANANAS;SEASHELLS;4814.0;1
2;152700;;;PEARLS;SEASHELLS;9998.0;1
2;153000;;;DIVING_GEAR;SEASHELLS;99304.0;3
2;153100;;;PEARLS;SEASHELLS;10002.0;1
2;153200;;;PEARLS;SEASHELLS;10002.0;4
2;153500;;;BANANAS;SEASHELLS;4810.0;11
2;153700;;;PINA_COLADAS;SEASHELLS;14862.0;5
2;154000;;;PEARLS;SEASHELLS;10002.0;1
2;154000;;;BANANAS;SEASHELLS;4810.0;4
2;154000;;;BERRIES;SEASHELLS;3866.0;10
2;154300;;;BANANAS;SEASHELLS;4809.0;1
2;154300;;;DIVING_GEAR;SEASHELLS;99305.0;2
2;154900;;;DIVING_GEAR;SEASHELLS;99316.0;3
2;155200;;;PEARLS;SEASHELLS;9996.0;1
2;155200;;;BANANAS;SEASHELLS;4809.0;2
2;155500;;;BANANAS;SEASHELLS;4808.0;1
2;156000;;;BANANAS;SEASHELLS;4807.0;1
2;156100;;;PEARLS;SEASHELLS;10002.0;2
2;156100;;;BANANAS;SEASHELLS;4812.0;2
2;156100;;;BERRIES;SEASHELLS;3863.0;1
2;156300;;;PEARLS;SEASHELLS;9998.0;2
2;156300;;;BANANAS;SEASHELLS;4814.0;2
2;156600;;;BANANAS;SEASHELLS;4812.0;1
2;157100;;;COCONUTS;SEASHELLS;7904.0;47
2;157300;;;BANANAS;SEASHELLS;4808.0;1
2;157400;;;DIVING_GEAR;SEASHELLS;99304.0;3
2;157400;;;DIVING_GEAR;SEASHELLS;99304.0;2
2;157500;;;DIVING_GEAR;SEASHELLS;99304.0;1
2;157900;;;BANANAS;SEASHELLS;4809.0;6
2;158100;;;BANANAS;SEASHELLS;4811.0;1
2;158200;;;BANANAS;SEASHELLS;4810.0;1
2;158300;;;BANANAS;SEASHELLS;4811.0;2
2;158300;;;PEARLS;SEASHELLS;9995.0;2
2;158400;;;BERRIES;SEASHELLS;3863.0;2
2;158500;;;BANANAS;SEASHELLS;4816.0;4
2;158900;;;PEARLS;SEASHELLS;9998.0;1
2;159400;;;BANANAS;SEASHELLS;4812.0;1
2;159600;;;BERRIES;SEASHELLS;3864.0;7
2;159600;;;PEARLS;SEASHELLS;10002.0;3
2;159700;;;PEARLS;SEASHELLS;9996.0;1
2;159700;;;BANANAS;SEASHELLS;4811.0;1
2;159800;;;BANANAS;SEASHELLS;4812.0;2
2;159800;;;PEARLS;SEASHELLS;9998.0;2
2;159900;;;BANANAS;SEASHELLS;4818.0;12
2;159900;;;PEARLS;SEASHELLS;10004.0;1
2;160200;;;BANANAS;SEASHELLS;4814.0;1
2;160400;;;DIVING_GEAR;SEASHELLS;99340.0;3
2;160600;;;PEARLS;SEASHELLS;9995.0;7
2;160600;;;BANANAS;SEASHELLS;4815.0;11
2;160900;;;BANANAS;SEASHELLS;4820.0;1
2;160900;;;PEARLS;SEASHELLS;10005.0;1
2;161100;;;BANANAS;SEASHELLS;4813.0;1
2;161100;;;PEARLS;SEASHELLS;9995.0;1
2;161100;;;BERRIES;SEASHELLS;3868.0;14
2;161200;;;BANANAS;SEASHELLS;4813.0;1
2;161500;;;BANANAS;SEASHELLS;4819.0;1
2;161500;;;PEARLS;SEASHELLS;10005.0;1
2;161600;;;PINA_COLADAS;SEASHELLS;14890.0;26
2;161900;;;DIVING_GEAR;SEASHELLS;99321.0;3
2;162000;;;PEARLS;SEASHELLS;10002.0;1
2;162100;;;PINA_COLADAS;SEASHELLS;14888.0;40
2;162100;;;PEARLS;SEASHELLS;9998.0;5
2;162100;;;BANANAS;SEASHELLS;4817.0;1
2;162300;;;BANANAS;SEASHELLS;4812.0;15
2;162300;;;BANANAS;SEASHELLS;4812.0;1
2;162400;;;DIVING_GEAR;SEASHELLS;99330.0;2
2;162600;;;BANANAS;SEASHELLS;4818.0;2
2;162600;;;PEARLS;SEASHELLS;10004.0;2
2;163000;;;BANANAS;SEASHELLS;4816.0;1
2;163000;;;PEARLS;SEASHELLS;9998.0;1
2;163100;;;BERRIES;SEASHELLS;3870.0;8
2;163100;;;BANANAS;SEASHELLS;4813.0;3
2;163200;;;BERRIES;SEASHELLS;3862.0;4
2;163500;;;BANANAS;SEASHELLS;4814.0;13
2;163500;;;BANANAS;SEASHELLS;4814.0;1
2;163800;;;BANANAS;SEASHELLS;4813.0;1
2;163800;;;PEARLS;SEASHELLS;10005.0;1
2;163900;;;PEARLS;SEASHELLS;10004.0;1
2;163900;;;PEARLS;SEASHELLS;9998.0;1
2;163900;;;BANANAS;SEASHELLS;4819.0;2
2;163900;;;PEARLS;SEASHELLS;10004.0;1
2;164100;;;COCONUTS;SEASHELLS;7914.0;41
2;164300;;;DIVING_GEAR;SEASHELLS;99319.0;1
2;164300;;;BANANAS;SEASHELLS;4818.0;1
2;164300;;;PEARLS;SEASHELLS;10002.0;3
2;164500;;;COCONUTS;SEASHELLS;7913.0;10
2;164800;;;BANANAS;SEASHELLS;4816.0;1
2;164900;;;PEARLS;SEASHELLS;9996.0;2
2;164900;;;PEARLS;SEASHELLS;9996.0;6
2;165400;;;PEARLS;SEASHELLS;9998.0;2
2;165600;;;BERRIES;SEASHELLS;3867.0;14
2;165800;;;BANANAS;SEASHELLS;4812.0;1
2;165800;;;BERRIES;SEASHELLS;3861.0;9
2;165800;;;PEARLS;SEASHELLS;10002.0;1
2;165900;;;PEARLS;SEASHELLS;9998.0;1
2;166100;;;PEARLS;SEASHELLS;9998.0;3
2;166300;;;PINA_COLADAS;SEASHELLS;14901.0;10
2;166500;;;BANANAS;SEASHELLS;4814.0;5
2;166600;;;COCONUTS;SEASHELLS;7912.0;5
2;166600;;;BANANAS;SEASHELLS;4813.0;1
2;166700;;;COCONUTS;SEASHELLS;7910.0;67
2;167000;;;PEARLS;SEASHELLS;9998.0;5
2;167100;;;PEARLS;SEASHELLS;10004.0;2
2;167100;;;BANANAS;SEASHELLS;4814.0;1
2;167300;;;PEARLS;SEASHELLS;10005.0;5
2;167500;;;BANANAS;SEASHELLS;4819.0;2
2;167500;;;PEARLS;SEASHELLS;9998.0;1
2;168100;;;PEARLS;SEASHELLS;10002.0;1
2;168200;;;PEARLS;SEASHELLS;9998.0;4
2;168500;;;BANANAS;SEASHELLS;4813.0;1
2;168600;;;BERRIES;SEASHELLS;3858.0;10
2;168900;;;BANANAS;SEASHELLS;4814.0;8
2;168900;;;PEARLS;SEASHELLS;9998.0;2
2;168900;;;BANANAS;SEASHELLS;4814.0;1
2;169300;;;PINA_COLADAS;SEASHELLS;14903.0;13
2;169300;;;PEARLS;SEASHELLS;10002.0;1
2;169400;;;BANANAS;SEASHELLS;4819.0;1
2;169600;;;COCONUTS;SEASHELLS;7912.0;16
2;169700;;;PEARLS;SEASHELLS;9998.0;1
2;169800;;;BANANAS;SEASHELLS;4820.0;2
2;169800;;;PEARLS;SEASHELLS;10004.0;2
2;169900;;;PINA_COLADAS;SEASHELLS;14899.0;15
2;170100;;;BANANAS;SEASHELLS;4820.0;2
2;170100;;;PEARLS;SEASHELLS;10005.0;2
2;170200;;;BANANAS;SEASHELLS;4818.0;1
2;170200;;;DIVING_GEAR;SEASHELLS;99452.0;3
2;170400;;;BANANAS;SEASHELLS;4812.0;1
2;170700;;;PEARLS;SEASHELLS;9996.0;1
2;170700;;;BANANAS;SEASHELLS;4810.0;1
2;170800;;;PINA_COLADAS;SEASHELLS;14905.0;6
2;170800;;;PEARLS;SEASHELLS;10002.0;1
2;171400;;;BERRIES;SEASHELLS;3858.0;3
2;171500;;;PEARLS;SEASHELLS;9996.0;1
2;171600;;;PEARLS;SEASHELLS;9996.0;2
2;171900;;;BERRIES;SEASHELLS;3855.0;4
2;172200;;;PEARLS;SEASHELLS;9998.0;1
2;172200;;;DIVING_GEAR;SEASHELLS;99504.0;1
2;172300;;;PEARLS;SEASHELLS;10002.0;2
2;172400;;;BANANAS;SEASHELLS;4808.0;1
2;172400;;;BERRIES;SEASHELLS;3862.0;13
2;172500;;;PINA_COLADAS;SEASHELLS;14912.0;2
2;172600;;;BANANAS;SEASHELLS;4813.0;12
2;173100;;;BANANAS;SEASHELLS;4806.0;1
2;173100;;;PEARLS;SEASHELLS;9996.0;1
2;173300;;;BANANAS;SEASHELLS;4810.0;4
2;173300;;;BANANAS;SEASHELLS;4810.0;1
2;173400;;;BANANAS;SEASHELLS;4811.0;1
2;173400;;;BERRIES;SEASHELLS;3857.0;5
2;173600;;;BANANAS;SEASHELLS;4811.0;1
2;173600;;;PEARLS;SEASHELLS;9998.0;1
2;173800;;;BANANAS;SEASHELLS;4806.0;1
2;173900;;;BANANAS;SEASHELLS;4805.0;1
2;174000;;;DIVING_GEAR;SEASHELLS;99534.0;2
2;174200;;;PEARLS;SEASHELLS;10004.0;2
2;174400;;;PINA_COLADAS;SEASHELLS;14925.0;5
2;174700;;;BANANAS;SEASHELLS;4805.0;1
2;174800;;;PEARLS;SEASHELLS;9995.0;1
2;174800;;;BANANAS;SEASHELLS;4804.0;1
2;175200;;;PEARLS;SEASHELLS;10002.0;1
2;175300;;;BANANAS;SEASHELLS;4805.0;1
2;175500;;;BANANAS;SEASHELLS;4806.0;2
2;175800;;;BERRIES;SEASHELLS;3869.0;5
2;175800;;;BANANAS;SEASHELLS;4809.0;1
2;176100;;;BANANAS;SEASHELLS;4812.0;4
2;176200;;;BANANAS;SEASHELLS;4812.0;1
2;176200;;;PEARLS;SEASHELLS;10005.0;1
2;177000;;;BANANAS;SEASHELLS;4812.0;1
2;177700;;;BANANAS;SEASHELLS;4806.0;3
2;177700;;;BANANAS;SEASHELLS;4811.0;1
2;177800;;;PEARLS;SEASHELLS;9998.0;1
2;178100;;;DIVING_GEAR;SEASHELLS;99570.0;1
2;178100;;;BANANAS;SEASHELLS;4807.0;1
2;178200;;;BERRIES;SEASHELLS;3874.0;5
2;178400;;;PEARLS;SEASHELLS;9998.0;1
2;178500;;;PEARLS;SEASHELLS;9998.0;3
2;178700;;;PEARLS;SEASHELLS;9998.0;1
2;178700;;;BANANAS;SEASHELLS;4807.0;1
2;178800;;;PEARLS;SEASHELLS;10002.0;2
2;178800;;;BANANAS;SEASHELLS;4809.0;2
2;179300;;;BANANAS;SEASHELLS;4807.0;12
2;179500;;;BERRIES;SEASHELLS;3870.0;10
2;179600;;;PEARLS;SEASHELLS;10002.0;4
2;179700;;;BANANAS;SEASHELLS;4815.0;9
2;179700;;;BANANAS;SEASHELLS;4808.0;1
2;179800;;;PEARLS;SEASHELLS;10004.0;2
2;179800;;;BANANAS;SEASHELLS;4814.0;2
2;179900;;;DIVING_GEAR;SEASHELLS;99589.0;2
2;180000;;;DIVING_GEAR;SEASHELLS;99597.0;2
2;180300;;;BANANAS;SEASHELLS;4813.0;1
2;180300;;;PEARLS;SEASHELLS;9998.0;1
2;180600;;;PEARLS;SEASHELLS;10004.0;1
2;180600;;;BANANAS;SEASHELLS;4810.0;1
2;180800;;;BANANAS;SEASHELLS;4814.0;10
2;180900;;;PEARLS;SEASHELLS;9996.0;1
2;180900;;;BANANAS;SEASHELLS;4808.0;1
2;181400;;;BANANAS;SEASHELLS;4807.0;7
2;181600;;;BANANAS;SEASHELLS;4812.0;3
2;181700;;;BANANAS;SEASHELLS;4813.0;1
2;181700;;;PEARLS;SEASHELLS;9998.0;1
2;181800;;;DIVING_GEAR;SEASHELLS;99624.0;1
2;182200;;;DIVING_GEAR;SEASHELLS;99628.0;2
2;182700;;;DIVING_GEAR;SEASHELLS;99631.0;2
2;183100;;;PEARLS;SEASHELLS;9998.0;2
2;183200;;;BANANAS;SEASHELLS;4807.0;1
2;183300;;;BANANAS;SEASHELLS;4808.0;1
2;183400;;;BANANAS;SEASHELLS;4807.0;1
2;183500;;;BANANAS;SEASHELLS;4808.0;12
2;183600;;;PEARLS;SEASHELLS;10005.0;2
2;183600;;;DIVING_GEAR;SEASHELLS;99652.0;2
2;183600;;;BANANAS;SEASHELLS;4807.0;5
2;183700;;;DIVING_GEAR;SEASHELLS;99648.0;1
2;183800;;;PEARLS;SEASHELLS;10002.0;1
2;183800;;;BANANAS;SEASHELLS;4808.0;1
2;183900;;;PEARLS;SEASHELLS;9995.0;2
2;183900;;;BANANAS;SEASHELLS;4812.0;1
2;184000;;;PINA_COLADAS;SEASHELLS;14916.0;27
2;184000;;;BANANAS;SEASHELLS;4812.0;1
2;184000;;;PINA_COLADAS;SEASHELLS;14916.0;8
2;184400;;;DIVING_GEAR;SEASHELLS;99636.0;3
2;184500;;;PEARLS;SEASHELLS;10002.0;1
2;184800;;;COCONUTS;SEASHELLS;7921.0;10
2;184800;;;BANANAS;SEASHELLS;4812.0;1
2;184800;;;COCONUTS;SEASHELLS;7921.0;64
2;184900;;;BANANAS;SEASHELLS;4807.0;1
2;184900;;;BANANAS;SEASHELLS;4807.0;2
2;185100;;;DIVING_GEAR;SEASHELLS;99641.0;1
2;185600;;;BERRIES;SEASHELLS;3874.0;7
2;185600;;;PEARLS;SEASHELLS;10002.0;2
2;185800;;;BERRIES;SEASHELLS;3867.0;10
2;185900;;;BANANAS;SEASHELLS;4807.0;2
2;185900;;;BANANAS;SEASHELLS;4807.0;7
2;185900;;;COCONUTS;SEASHELLS;7923.0;10
2;185900;;;PEARLS;SEASHELLS;10005.0;2
2;185900;;;BANANAS;SEASHELLS;4807.0;3
2;186200;;;BANANAS;SEASHELLS;4806.0;1
2;186200;;;PEARLS;SEASHELLS;9998.0;1
2;186400;;;COCONUTS;SEASHELLS;7923.0;73
2;186600;;;PEARLS;SEASHELLS;10002.0;1
2;186800;;;BANANAS;SEASHELLS;4812.0;1
2;186900;;;DIVING_GEAR;SEASHELLS;99686.0;2
2;187200;;;DIVING_GEAR;SEASHELLS;99698.0;1
2;187800;;;BERRIES;SEASHELLS;3865.0;5
2;187900;;;PEARLS;SEASHELLS;10004.0;2
2;187900;;;BERRIES;SEASHELLS;3873.0;12
2;187900;;;PEARLS;SEASHELLS;10004.0;1
2;187900;;;BANANAS;SEASHELLS;4808.0;2
2;188200;;;BANANAS;SEASHELLS;4813.0;1
2;188300;;;DIVING_GEAR;SEASHELLS;99704.0;1
2;188600;;;PEARLS;SEASHELLS;10002.0;3
2;189000;;;PEARLS;SEASHELLS;9998.0;1
2;189100;;;DIVING_GEAR;SEASHELLS;99733.0;1
2;189100;;;PEARLS;SEASHELLS;9998.0;1
2;189100;;;PEARLS;SEASHELLS;9998.0;1
2;189100;;;BANANAS;SEASHELLS;4809.0;2
2;189700;;;PINA_COLADAS;SEASHELLS;14928.0;33
2;189700;;;BANANAS;SEASHELLS;4812.0;1
2;189700;;;PINA_COLADAS;SEASHELLS;14928.0;3
2;189800;;;PEARLS;SEASHELLS;10004.0;1
2;189800;;;BANANAS;SEASHELLS;4813.0;1
2;189900;;;BANANAS;SEASHELLS;4813.0;1
2;189900;;;DIVING_GEAR;SEASHELLS;99754.0;2
2;190100;;;BERRIES;SEASHELLS;3867.0;6
2;190300;;;BANANAS;SEASHELLS;4808.0;1
2;190300;;;BANANAS;SEASHELLS;4814.0;18
2;190500;;;BANANAS;SEASHELLS;4809.0;4
2;190900;;;BANANAS;SEASHELLS;4814.0;1
2;191000;;;DIVING_GEAR;SEASHELLS;99761.0;2
2;191500;;;BANANAS;SEASHELLS;4811.0;1
2;191900;;;DIVING_GEAR;SEASHELLS;99765.0;3
2;192100;;;BANANAS;SEASHELLS;4812.0;1
2;192200;;;BANANAS;SEASHELLS;4817.0;1
2;192300;;;BANANAS;SEASHELLS;4812.0;7
2;192300;;;BERRIES;SEASHELLS;3875.0;12
2;192300;;;BANANAS;SEASHELLS;4812.0;2
2;192500;;;BANANAS;SEASHELLS;4811.0;19
2;192800;;;PEARLS;SEASHELLS;9998.0;1
2;193200;;;PEARLS;SEASHELLS;10002.0;1
2;193200;;;BANANAS;SEASHELLS;4817.0;1
2;193300;;;PEARLS;SEASHELLS;9998.0;4
2;193400;;;PEARLS;SEASHELLS;10002.0;1
2;193700;;;PEARLS;SEASHELLS;9998.0;1
2;193900;;;DIVING_GEAR;SEASHELLS;99791.0;2
2;194000;;;PEARLS;SEASHELLS;10002.0;1
2;194000;;;BANANAS;SEASHELLS;4815.0;1
2;194100;;;BANANAS;SEASHELLS;4810.0;1
2;194200;;;BANANAS;SEASHELLS;4816.0;9
2;194200;;;BANANAS;SEASHELLS;4815.0;1
2;194400;;;DIVING_GEAR;SEASHELLS;99781.0;1
2;194600;;;COCONUTS;SEASHELLS;7932.0;8
2;194700;;;BANANAS;SEASHELLS;4817.0;2
2;194700;;;PEARLS;SEASHELLS;10005.0;2
2;194900;;;PEARLS;SEASHELLS;10002.0;1
2;195500;;;DIVING_GEAR;SEASHELLS;99792.0;1
2;195700;;;BANANAS;SEASHELLS;4811.0;1
2;195700;;;DIVING_GEAR;SEASHELLS;99804.0;2
2;196300;;;DIVING_GEAR;SEASHELLS;99790.0;1
2;196400;;;BANANAS;SEASHELLS;4811.0;1
2;197200;;;BANANAS;SEASHELLS;4810.0;1
2;197300;;;BANANAS;SEASHELLS;4815.0;1
2;197300;;;BANANAS;SEASHELLS;4815.0;5
2;197400;;;PEARLS;SEASHELLS;9998.0;4
2;197400;;;BANANAS;SEASHELLS;4810.0;1
2;197800;;;PEARLS;SEASHELLS;10000.0;3
2;197800;;;PEARLS;SEASHELLS;10002.0;2
2;198200;;;BANANAS;SEASHELLS;4812.0;4
2;198300;;;BANANAS;SEASHELLS;4812.0;4
2;198300;;;DIVING_GEAR;SEASHELLS;99787.0;2
2;198600;;;BERRIES;SEASHELLS;3862.0;4
2;198800;;;BANANAS;SEASHELLS;4811.0;5
2;198800;;;BANANAS;SEASHELLS;4811.0;1
2;198800;;;BERRIES;SEASHELLS;3862.0;1
2;199000;;;BANANAS;SEASHELLS;4818.0;1
2;199000;;;PEARLS;SEASHELLS;10004.0;1
2;199300;;;BANANAS;SEASHELLS;4816.0;1
2;199700;;;PEARLS;SEASHELLS;10004.0;2
2;199700;;;BANANAS;SEASHELLS;4818.0;2
2;199900;;;DIVING_GEAR;SEASHELLS;99786.0;2
2;200100;;;BANANAS;SEASHELLS;4812.0;4
2;200600;;;BANANAS;SEASHELLS;4819.0;2
2;200600;;;PEARLS;SEASHELLS;10004.0;2
2;200700;;;COCONUTS;SEASHELLS;7929.0;10
2;200800;;;COCONUTS;SEASHELLS;7930.0;61
2;200800;;;PEARLS;SEASHELLS;10004.0;2
2;200800;;;PEARLS;SEASHELLS;10004.0;6
2;200800;;;DIVING_GEAR;SEASHELLS;99777.0;1
2;201100;;;COCONUTS;SEASHELLS;7934.0;8
2;201300;;;PEARLS;SEASHELLS;10002.0;5
2;201300;;;PEARLS;SEASHELLS;10002.0;1
2;201300;;;BERRIES;SEASHELLS;3868.0;2
2;201300;;;BANANAS;SEASHELLS;4812.0;1
2;201600;;;BERRIES;SEASHELLS;3867.0;2
2;201700;;;PEARLS;SEASHELLS;10005.0;1
2;201700;;;BANANAS;SEASHELLS;4817.0;1
2;201700;;;BANANAS;SEASHELLS;4819.0;1
2;202100;;;BANANAS;SEASHELLS;4814.0;1
2;202300;;;BANANAS;SEASHELLS;4814.0;1
2;202400;;;PEARLS;SEASHELLS;10002.0;1
2;203000;;;PEARLS;SEASHELLS;10002.0;1
2;203100;;;BERRIES;SEASHELLS;3874.0;15
2;203200;;;BANANAS;SEASHELLS;4817.0;1
2;203200;;;DIVING_GEAR;SEASHELLS;99806.0;2
2;203300;;;PEARLS;SEASHELLS;9998.0;1
2;203300;;;BANANAS;SEASHELLS;4815.0;1
2;203400;;;BANANAS;SEASHELLS;4815.0;11
2;203400;;;BANANAS;SEASHELLS;4815.0;1
2;203700;;;PEARLS;SEASHELLS;10002.0;1
2;203700;;;PEARLS;SEASHELLS;10004.0;1
2;203700;;;BANANAS;SEASHELLS;4822.0;1
2;203800;;;BERRIES;SEASHELLS;3874.0;14
2;204200;;;BANANAS;SEASHELLS;4819.0;2
2;204300;;;PEARLS;SEASHELLS;10005.0;6
2;204400;;;PEARLS;SEASHELLS;10004.0;6
2;204400;;;PEARLS;SEASHELLS;10004.0;2
2;204500;;;PEARLS;SEASHELLS;10002.0;4
2;204900;;;DIVING_GEAR;SEASHELLS;99813.0;3
2;205100;;;PEARLS;SEASHELLS;9998.0;1
2;205300;;;PEARLS;SEASHELLS;9996.0;1
2;205300;;;BANANAS;SEASHELLS;4817.0;1
2;205400;;;BANANAS;SEASHELLS;4816.0;1
2;205600;;;PEARLS;SEASHELLS;9998.0;1
2;205700;;;PEARLS;SEASHELLS;10005.0;1
2;205700;;;BANANAS;SEASHELLS;4822.0;1
2;205800;;;PEARLS;SEASHELLS;10002.0;1
2;206100;;;DIVING_GEAR;SEASHELLS;99813.0;2
2;206100;;;BANANAS;SEASHELLS;4821.0;1
2;206500;;;BANANAS;SEASHELLS;4822.0;1
2;206500;;;PEARLS;SEASHELLS;10004.0;1
2;206600;;;PINA_COLADAS;SEASHELLS;14918.0;24
2;206600;;;PEARLS;SEASHELLS;9998.0;1
2;206700;;;PEARLS;SEASHELLS;9998.0;3
2;206800;;;PINA_COLADAS;SEASHELLS;14919.0;12
2;206800;;;BANANAS;SEASHELLS;4820.0;1
2;206900;;;PEARLS;SEASHELLS;9998.0;1
2;207000;;;PINA_COLADAS;SEASHELLS;14918.0;4
2;207100;;;BANANAS;SEASHELLS;4815.0;2
2;207100;;;BANANAS;SEASHELLS;4820.0;1
2;207100;;;PEARLS;SEASHELLS;9996.0;2
2;207300;;;PEARLS;SEASHELLS;10002.0;1
2;207600;;;BERRIES;SEASHELLS;3866.0;1
2;207700;;;PEARLS;SEASHELLS;9996.0;1
2;207700;;;BANANAS;SEASHELLS;4816.0;1
2;207800;;;PEARLS;SEASHELLS;9998.0;1
2;208100;;;BANANAS;SEASHELLS;4822.0;2
2;208100;;;BANANAS;SEASHELLS;4816.0;2
2;208300;;;BERRIES;SEASHELLS;3874.0;12
2;208600;;;BANANAS;SEASHELLS;4819.0;2
2;208600;;;PEARLS;SEASHELLS;10002.0;2
2;209000;;;BERRIES;SEASHELLS;3868.0;14
2;209300;;;PEARLS;SEASHELLS;9996.0;1
2;209500;;;PEARLS;SEASHELLS;9998.0;1
2;209500;;;BERRIES;SEASHELLS;3874.0;12
2;209500;;;BANANAS;SEASHELLS;4814.0;1
2;210100;;;BANANAS;SEASHELLS;4820.0;10
2;210100;;;PEARLS;SEASHELLS;9998.0;1
2;210300;;;PEARLS;SEASHELLS;10002.0;8
2;210300;;;PEARLS;SEASHELLS;10002.0;3
2;210300;;;BANANAS;SEASHELLS;4818.0;8
2;210300;;;BANANAS;SEASHELLS;4818.0;3
2;210400;;;BERRIES;SEASHELLS;3874.0;5
2;210500;;;DIVING_GEAR;SEASHELLS;99935.0;3
2;210600;;;PEARLS;SEASHELLS;10002.0;7
2;210700;;;BANANAS;SEASHELLS;4821.0;1
2;210700;;;PEARLS;SEASHELLS;10000.0;1
2;210800;;;DIVING_GEAR;SEASHELLS;99936.0;1
2;210900;;;BANANAS;SEASHELLS;4819.0;1
2;211100;;;BANANAS;SEASHELLS;4821.0;3
2;211100;;;BANANAS;SEASHELLS;4814.0;1
2;211100;;;PINA_COLADAS;SEASHELLS;14908.0;2
2;211200;;;BANANAS;SEASHELLS;4815.0;2
2;211200;;;PEARLS;SEASHELLS;9998.0;2
2;211300;;;COCONUTS;SEASHELLS;7927.0;10
2;211500;;;BANANAS;SEASHELLS;4819.0;1
2;211500;;;PEARLS;SEASHELLS;9998.0;1
2;211700;;;DIVING_GEAR;SEASHELLS;99915.0;3
2;211700;;;BANANAS;SEASHELLS;4813.0;1
2;211800;;;BANANAS;SEASHELLS;4818.0;1
2;211900;;;BANANAS;SEASHELLS;4813.0;18
2;211900;;;BERRIES;SEASHELLS;3875.0;11
2;212000;;;PEARLS;SEASHELLS;9998.0;1
2;212200;;;BERRIES;SEASHELLS;3870.0;1
2;212300;;;PEARLS;SEASHELLS;9998.0;1
2;212300;;;BANANAS;SEASHELLS;4814.0;1
2;212500;;;BANANAS;SEASHELLS;4819.0;1
2;212800;;;COCONUTS;SEASHELLS;7923.0;73
2;212800;;;DIVING_GEAR;SEASHELLS;99922.0;2
2;212900;;;BANANAS;SEASHELLS;4813.0;1
2;213100;;;PEARLS;SEASHELLS;9996.0;1
2;213100;;;BANANAS;SEASHELLS;4813.0;1
2;213200;;;COCONUTS;SEASHELLS;7924.0;21
2;213200;;;BANANAS;SEASHELLS;4817.0;1
2;213200;;;BANANAS;SEASHELLS;4817.0;1
2;213400;;;PEARLS;SEASHELLS;9998.0;1
2;213500;;;PEARLS;SEASHELLS;10002.0;2
2;213600;;;BANANAS;SEASHELLS;4813.0;1
2;213800;;;PINA_COLADAS;SEASHELLS;14909.0;7
2;213900;;;BANANAS;SEASHELLS;4819.0;1
2;213900;;;COCONUTS;SEASHELLS;7927.0;13
2;213900;;;PEARLS;SEASHELLS;9998.0;1
2;214100;;;BANANAS;SEASHELLS;4818.0;1
2;214400;;;COCONUTS;SEASHELLS;7923.0;30
2;215300;;;BERRIES;SEASHELLS;3874.0;1
2;215400;;;PINA_COLADAS;SEASHELLS;14913.0;2
2;215500;;;DIVING_GEAR;SEASHELLS;99946.0;3
2;216100;;;PINA_COLADAS;SEASHELLS;14910.0;6
2;216300;;;PEARLS;SEASHELLS;10002.0;3
2;216500;;;COCONUTS;SEASHELLS;7922.0;72
2;216600;;;BANANAS;SEASHELLS;4812.0;1
2;216700;;;DIVING_GEAR;SEASHELLS;99958.0;2
2;217300;;;DIVING_GEAR;SEASHELLS;99978.0;3
2;217400;;;BANANAS;SEASHELLS;4812.0;1
2;217500;;;PEARLS;SEASHELLS;10004.0;2
2;217500;;;PEARLS;SEASHELLS;10004.0;1
2;217600;;;PEARLS;SEASHELLS;10004.0;1
2;217600;;;BANANAS;SEASHELLS;4814.0;1
2;217700;;;BANANAS;SEASHELLS;4812.0;1
2;217900;;;DIVING_GEAR;SEASHELLS;99971.0;1
2;218100;;;BANANAS;SEASHELLS;4813.0;1
2;218600;;;PEARLS;SEASHELLS;9998.0;3
2;218600;;;COCONUTS;SEASHELLS;7920.0;66
2;218700;;;DIVING_GEAR;SEASHELLS;99977.0;2
2;218900;;;BANANAS;SEASHELLS;4814.0;2
2;219000;;;PEARLS;SEASHELLS;10005.0;1
2;219000;;;BANANAS;SEASHELLS;4814.0;1
2;219000;;;PEARLS;SEASHELLS;10002.0;9
2;219400;;;BANANAS;SEASHELLS;4815.0;1
2;219500;;;BANANAS;SEASHELLS;4811.0;2
2;220100;;;PEARLS;SEASHELLS;10002.0;1
2;220400;;;BANANAS;SEASHELLS;4816.0;12
2;220500;;;PEARLS;SEASHELLS;10004.0;2
2;220500;;;PEARLS;SEASHELLS;10004.0;8
2;220500;;;BANANAS;SEASHELLS;4816.0;2
2;220500;;;DIVING_GEAR;SEASHELLS;99966.0;1
2;220600;;;BERRIES;SEASHELLS;3878.0;2
2;220800;;;BANANAS;SEASHELLS;4809.0;12
2;220900;;;BANANAS;SEASHELLS;4814.0;1
2;221200;;;PEARLS;SEASHELLS;9995.0;6
2;221300;;;PEARLS;SEASHELLS;10004.0;1
2;221300;;;BANANAS;SEASHELLS;4817.0;1
2;221400;;;PEARLS;SEASHELLS;10002.0;1
2;221800;;;BANANAS;SEASHELLS;4814.0;1
2;221800;;;PEARLS;SEASHELLS;10002.0;1
2;221900;;;BANANAS;SEASHELLS;4809.0;1
2;222400;;;BANANAS;SEASHELLS;4808.0;1
2;222500;;;PEARLS;SEASHELLS;10002.0;1
2;222500;;;PEARLS;SEASHELLS;10002.0;2
2;222500;;;BANANAS;SEASHELLS;4808.0;2
2;222700;;;BANANAS;SEASHELLS;4809.0;1
2;222900;;;PEARLS;SEASHELLS;10002.0;1
2;222900;;;BERRIES;SEASHELLS;3879.0;7
2;223000;;;BANANAS;SEASHELLS;4810.0;3
2;223000;;;BANANAS;SEASHELLS;4810.0;8
2;223100;;;BANANAS;SEASHELLS;4810.0;1
2;223300;;;BANANAS;SEASHELLS;4810.0;1
2;223400;;;PEARLS;SEASHELLS;10002.0;2
2;223400;;;BANANAS;SEASHELLS;4814.0;2
2;223500;;;PINA_COLADAS;SEASHELLS;14872.0;13
2;223700;;;BANANAS;SEASHELLS;4809.0;1
2;223700;;;PEARLS;SEASHELLS;10004.0;5
2;223700;;;PEARLS;SEASHELLS;10004.0;1
2;223700;;;BANANAS;SEASHELLS;4810.0;1
2;223700;;;PEARLS;SEASHELLS;10005.0;2
2;224100;;;PEARLS;SEASHELLS;10002.0;1
2;224200;;;PEARLS;SEASHELLS;10002.0;1
2;224500;;;BANANAS;SEASHELLS;4814.0;1
2;224600;;;PEARLS;SEASHELLS;10002.0;4
2;224900;;;DIVING_GEAR;SEASHELLS;100036.0;2
2;225000;;;BANANAS;SEASHELLS;4812.0;1
2;225000;;;BANANAS;SEASHELLS;4812.0;1
2;225200;;;PEARLS;SEASHELLS;10002.0;1
2;225300;;;PEARLS;SEASHELLS;9998.0;3
2;225400;;;PEARLS;SEASHELLS;9998.0;1
2;225400;;;BANANAS;SEASHELLS;4811.0;1
2;225400;;;BANANAS;SEASHELLS;4811.0;1
2;225600;;;COCONUTS;SEASHELLS;7924.0;21
2;225600;;;PEARLS;SEASHELLS;9998.0;1
2;225900;;;DIVING_GEAR;SEASHELLS;100036.0;3
2;226000;;;PINA_COLADAS;SEASHELLS;14886.0;29
2;226100;;;DIVING_GEAR;SEASHELLS;100026.0;1
2;226600;;;PEARLS;SEASHELLS;10004.0;8
2;226600;;;BERRIES;SEASHELLS;3873.0;3
2;226600;;;PEARLS;SEASHELLS;10004.0;1
2;226600;;;BERRIES;SEASHELLS;3873.0;1
2;226700;;;BERRIES;SEASHELLS;3870.0;10
2;226800;;;BANANAS;SEASHELLS;4810.0;1
2;226800;;;PEARLS;SEASHELLS;9998.0;1
2;227100;;;BERRIES;SEASHELLS;3877.0;1
2;227300;;;BANANAS;SEASHELLS;4809.0;1
2;227500;;;PEARLS;SEASHELLS;10002.0;1
2;227600;;;BANANAS;SEASHELLS;4813.0;13
2;227600;;;PEARLS;SEASHELLS;10002.0;1
2;227600;;;PEARLS;SEASHELLS;10002.0;4
2;227800;;;PEARLS;SEASHELLS;9996.0;2
2;227800;;;PEARLS;SEASHELLS;9996.0;1
2;227900;;;PEARLS;SEASHELLS;10002.0;1
2;228000;;;BERRIES;SEASHELLS;3873.0;3
2;228000;;;BANANAS;SEASHELLS;4809.0;3
2;228200;;;BANANAS;SEASHELLS;4814.0;1
2;228300;;;BERRIES;SEASHELLS;3878.0;4
2;228700;;;BANANAS;SEASHELLS;4814.0;3
2;228800;;;BANANAS;SEASHELLS;4811.0;1
2;228900;;;PEARLS;SEASHELLS;9995.0;2
2;229100;;;BANANAS;SEASHELLS;4811.0;3
2;229200;;;PEARLS;SEASHELLS;10002.0;1
2;229700;;;PEARLS;SEASHELLS;9996.0;1
2;229700;;;BANANAS;SEASHELLS;4808.0;1
2;229900;;;PEARLS;SEASHELLS;9998.0;1
2;230000;;;BANANAS;SEASHELLS;4808.0;1
2;230200;;;PEARLS;SEASHELLS;9996.0;1
2;230200;;;BANANAS;SEASHELLS;4807.0;1
2;230300;;;PEARLS;SEASHELLS;10002.0;1
2;230400;;;PEARLS;SEASHELLS;9998.0;1
2;230600;;;BANANAS;SEASHELLS;4812.0;1
2;230800;;;BANANAS;SEASHELLS;4808.0;1
2;231200;;;BANANAS;SEASHELLS;4813.0;1
2;231200;;;PEARLS;SEASHELLS;10005.0;1
2;231500;;;BANANAS;SEASHELLS;4806.0;12
2;232400;;;DIVING_GEAR;SEASHELLS;100069.0;1
2;232500;;;BERRIES;SEASHELLS;3875.0;13
2;232700;;;BANANAS;SEASHELLS;4805.0;1
2;232700;;;PEARLS;SEASHELLS;10004.0;1
2;232900;;;COCONUTS;SEASHELLS;7914.0;9
2;233000;;;DIVING_GEAR;SEASHELLS;100069.0;1
2;233000;;;BANANAS;SEASHELLS;4812.0;1
2;233000;;;BANANAS;SEASHELLS;4813.0;18
2;233100;;;BANANAS;SEASHELLS;4813.0;11
2;233500;;;BANANAS;SEASHELLS;4811.0;1
2;233500;;;BERRIES;SEASHELLS;3865.0;10
2;233600;;;DIVING_GEAR;SEASHELLS;100058.0;3
2;233700;;;PEARLS;SEASHELLS;9998.0;1
2;233900;;;COCONUTS;SEASHELLS;7913.0;8
2;234000;;;DIVING_GEAR;SEASHELLS;100020.0;2
2;234000;;;BANANAS;SEASHELLS;4810.0;10
2;234100;;;BANANAS;SEASHELLS;4810.0;2
2;234100;;;PEARLS;SEASHELLS;10005.0;2
2;234300;;;PEARLS;SEASHELLS;10004.0;1
2;234300;;;BANANAS;SEASHELLS;4809.0;1
2;234400;;;PEARLS;SEASHELLS;9998.0;1
2;234600;;;BANANAS;SEASHELLS;4803.0;1
2;234800;;;COCONUTS;SEASHELLS;7916.0;8
2;235000;;;PEARLS;SEASHELLS;10005.0;2
2;235000;;;BANANAS;SEASHELLS;4802.0;9
2;235000;;;BANANAS;SEASHELLS;4809.0;2
2;235300;;;PEARLS;SEASHELLS;9998.0;1
2;235400;;;BANANAS;SEASHELLS;4809.0;1
2;235400;;;PEARLS;SEASHELLS;10004.0;1
2;235700;;;PEARLS;SEASHELLS;9998.0;4
2;235700;;;BANANAS;SEASHELLS;4804.0;8
2;235800;;;BANANAS;SEASHELLS;4807.0;1
2;235900;;;DIVING_GEAR;SEASHELLS;99970.0;1
2;235900;;;PEARLS;SEASHELLS;10002.0;1
2;236000;;;PEARLS;SEASHELLS;10002.0;1
2;236100;;;BANANAS;SEASHELLS;4803.0;1
2;236100;;;PEARLS;SEASHELLS;10002.0;1
2;236200;;;BERRIES;SEASHELLS;3865.0;10
2;236300;;;BANANAS;SEASHELLS;4803.0;1
2;236700;;;PEARLS;SEASHELLS;10004.0;2
2;237400;;;BANANAS;SEASHELLS;4804.0;5
2;237500;;;PEARLS;SEASHELLS;10005.0;1
2;237500;;;BANANAS;SEASHELLS;4810.0;1
2;237600;;;COCONUTS;SEASHELLS;7918.0;6
2;237900;;;BANANAS;SEASHELLS;4805.0;4
2;238000;;;PINA_COLADAS;SEASHELLS;14898.0;27
2;238200;;;BERRIES;SEASHELLS;3862.0;11
2;238300;;;PEARLS;SEASHELLS;10000.0;2
2;238300;;;BANANAS;SEASHELLS;4806.0;2
2;238500;;;PEARLS;SEASHELLS;10002.0;1
2;238600;;;PEARLS;SEASHELLS;9998.0;2
2;238900;;;BANANAS;SEASHELLS;4804.0;1
2;238900;;;PEARLS;SEASHELLS;9998.0;1
2;239600;;;PEARLS;SEASHELLS;10002.0;1
2;239900;;;DIVING_GEAR;SEASHELLS;99987.0;3
2;240100;;;BERRIES;SEASHELLS;3869.0;4
2;240100;;;COCONUTS;SEASHELLS;7919.0;10
2;240300;;;BANANAS;SEASHELLS;4804.0;1
2;241300;;;BANANAS;SEASHELLS;4811.0;1
2;241300;;;PEARLS;SEASHELLS;10004.0;1
2;241400;;;COCONUTS;SEASHELLS;7920.0;51
2;241700;;;BANANAS;SEASHELLS;4811.0;12
2;241700;;;BERRIES;SEASHELLS;3863.0;14
2;241800;;;DIVING_GEAR;SEASHELLS;99969.0;2
2;241900;;;BANANAS;SEASHELLS;4805.0;1
2;242100;;;BANANAS;SEASHELLS;4811.0;18
2;242100;;;COCONUTS;SEASHELLS;7921.0;12
2;242300;;;COCONUTS;SEASHELLS;7919.0;7
2;242600;;;COCONUTS;SEASHELLS;7918.0;61
2;242600;;;COCONUTS;SEASHELLS;7918.0;13
2;242700;;;BERRIES;SEASHELLS;3863.0;15
2;242800;;;PINA_COLADAS;SEASHELLS;14909.0;2
2;242900;;;BERRIES;SEASHELLS;3869.0;10
2;243000;;;BANANAS;SEASHELLS;4813.0;8
2;243000;;;BANANAS;SEASHELLS;4807.0;4
2;243000;;;BANANAS;SEASHELLS;4813.0;2
2;243000;;;PEARLS;SEASHELLS;10004.0;1
2;243000;;;BANANAS;SEASHELLS;4807.0;1
2;243200;;;PINA_COLADAS;SEASHELLS;14911.0;21
2;243200;;;BANANAS;SEASHELLS;4808.0;1
2;243300;;;BANANAS;SEASHELLS;4813.0;4
2;243900;;;BANANAS;SEASHELLS;4804.0;2
2;243900;;;PEARLS;SEASHELLS;9995.0;2
2;244200;;;COCONUTS;SEASHELLS;7927.0;5
2;244300;;;PEARLS;SEASHELLS;9998.0;3
2;244400;;;PEARLS;SEASHELLS;10002.0;3
2;244500;;;BANANAS;SEASHELLS;4811.0;1
2;244900;;;BANANAS;SEASHELLS;4807.0;1
2;244900;;;PEARLS;SEASHELLS;10004.0;1
2;245000;;;PEARLS;SEASHELLS;9998.0;1
2;245100;;;BANANAS;SEASHELLS;4806.0;2
2;245100;;;BANANAS;SEASHELLS;4806.0;12
2;245300;;;PEARLS;SEASHELLS;9996.0;1
2;245300;;;PEARLS;SEASHELLS;9996.0;1
2;245300;;;BANANAS;SEASHELLS;4806.0;2
2;245500;;;PEARLS;SEASHELLS;10002.0;1
2;245500;;;BANANAS;SEASHELLS;4807.0;10
2;245600;;;PEARLS;SEASHELLS;10002.0;1
2;245900;;;BERRIES;SEASHELLS;3862.0;12
2;246000;;;PEARLS;SEASHELLS;9996.0;3
2;246000;;;PEARLS;SEASHELLS;9996.0;2
2;246100;;;PEARLS;SEASHELLS;10005.0;2
2;246100;;;BANANAS;SEASHELLS;4814.0;2
2;246100;;;PINA_COLADAS;SEASHELLS;14899.0;7
2;246600;;;PEARLS;SEASHELLS;10002.0;4
2;246600;;;BANANAS;SEASHELLS;4816.0;17
2;247200;;;COCONUTS;SEASHELLS;7923.0;71
2;247400;;;BERRIES;SEASHELLS;3867.0;7
2;247600;;;BANANAS;SEASHELLS;4814.0;1
2;247900;;;BERRIES;SEASHELLS;3867.0;6
2;248000;;;PINA_COLADAS;SEASHELLS;14904.0;5
2;248400;;;PEARLS;SEASHELLS;9998.0;1
2;248400;;;DIVING_GEAR;SEASHELLS;100038.0;1
2;248400;;;BERRIES;SEASHELLS;3869.0;14
2;248800;;;BANANAS;SEASHELLS;4809.0;2
2;248800;;;PEARLS;SEASHELLS;9995.0;2
2;249200;;;BANANAS;SEASHELLS;4810.0;2
2;249200;;;COCONUTS;SEASHELLS;7924.0;5
2;249200;;;PEARLS;SEASHELLS;10002.0;1
2;249300;;;BANANAS;SEASHELLS;4809.0;1
2;249500;;;BANANAS;SEASHELLS;4809.0;1
2;249600;;;DIVING_GEAR;SEASHELLS;100075.0;2
2;249600;;;PEARLS;SEASHELLS;10002.0;2
2;249600;;;BANANAS;SEASHELLS;4814.0;2
2;249700;;;PEARLS;SEASHELLS;10002.0;1
2;249900;;;BANANAS;SEASHELLS;4815.0;1
2;249900;;;PEARLS;SEASHELLS;9995.0;1
2;250100;;;BANANAS;SEASHELLS;4810.0;1
2;250400;;;COCONUTS;SEASHELLS;7919.0;25
2;250400;;;BANANAS;SEASHELLS;4811.0;1
2;250400;;;COCONUTS;SEASHELLS;7919.0;40
2;250400;;;DIVING_GEAR;SEASHELLS;100101.0;1
2;250700;;;PINA_COLADAS;SEASHELLS;14884.0;26
2;250700;;;COCONUTS;SEASHELLS;7918.0;25
2;250900;;;BANANAS;SEASHELLS;4816.0;11
2;251000;;;PEARLS;SEASHELLS;10002.0;1
2;251200;;;BANANAS;SEASHELLS;4818.0;7
2;251200;;;BANANAS;SEASHELLS;4818.0;5
2;251300;;;BANANAS;SEASHELLS;4819.0;1
2;251400;;;BANANAS;SEASHELLS;4813.0;1
2;251600;;;BANANAS;SEASHELLS;4819.0;1
2;252000;;;PINA_COLADAS;SEASHELLS;14888.0;5
2;252300;;;BERRIES;SEASHELLS;3866.0;2
2;252500;;;PEARLS;SEASHELLS;9998.0;1
2;252600;;;PEARLS;SEASHELLS;9995.0;1
2;252600;;;COCONUTS;SEASHELLS;7913.0;9
2;252600;;;BANANAS;SEASHELLS;4813.0;1
2;253000;;;PEARLS;SEASHELLS;10002.0;1
2;253300;;;DIVING_GEAR;SEASHELLS;100085.0;1
2;253300;;;BANANAS;SEASHELLS;4815.0;5
2;253300;;;BANANAS;SEASHELLS;4815.0;2
2;253300;;;BANANAS;SEASHELLS;4815.0;8
2;253400;;;PEARLS;SEASHELLS;10000.0;5
2;253500;;;BANANAS;SEASHELLS;4815.0;1
2;253800;;;PEARLS;SEASHELLS;10002.0;3
2;253800;;;BANANAS;SEASHELLS;4816.0;4
2;254000;;;PEARLS;SEASHELLS;9998.0;2
2;254100;;;DIVING_GEAR;SEASHELLS;100096.0;1
2;254200;;;BANANAS;SEASHELLS;4820.0;1
2;254200;;;PEARLS;SEASHELLS;10002.0;1
2;254400;;;BANANAS;SEASHELLS;4816.0;3
2;254500;;;PEARLS;SEASHELLS;10002.0;1
2;254600;;;BERRIES;SEASHELLS;3867.0;5
2;254600;;;DIVING_GEAR;SEASHELLS;100090.0;1
2;254700;;;BANANAS;SEASHELLS;4821.0;2
2;254700;;;PEARLS;SEASHELLS;10002.0;2
2;254900;;;BANANAS;SEASHELLS;4818.0;1
2;254900;;;BANANAS;SEASHELLS;4818.0;4
2;254900;;;BERRIES;SEASHELLS;3861.0;1
2;255600;;;PINA_COLADAS;SEASHELLS;14867.0;24
2;255600;;;BANANAS;SEASHELLS;4817.0;2
2;255600;;;PEARLS;SEASHELLS;10002.0;2
2;255600;;;BANANAS;SEASHELLS;4817.0;1
2;255800;;;PEARLS;SEASHELLS;10002.0;1
2;256100;;;COCONUTS;SEASHELLS;7908.0;24
2;256100;;;PEARLS;SEASHELLS;10002.0;1
2;256200;;;BANANAS;SEASHELLS;4818.0;1
2;256500;;;DIVING_GEAR;SEASHELLS;100057.0;3
2;256600;;;PINA_COLADAS;SEASHELLS;14861.0;3
2;256900;;;BERRIES;SEASHELLS;3866.0;10
2;257100;;;BANANAS;SEASHELLS;4819.0;1
2;257100;;;BANANAS;SEASHELLS;4820.0;1
2;257100;;;PEARLS;SEASHELLS;9998.0;1
2;257400;;;PEARLS;SEASHELLS;10002.0;1
2;257500;;;PINA_COLADAS;SEASHELLS;14864.0;3
2;257500;;;COCONUTS;SEASHELLS;7907.0;8
2;257700;;;BANANAS;SEASHELLS;4825.0;1
2;257700;;;PEARLS;SEASHELLS;10004.0;1
2;258000;;;PEARLS;SEASHELLS;10002.0;2
2;258200;;;DIVING_GEAR;SEASHELLS;100071.0;1
2;258300;;;PEARLS;SEASHELLS;9998.0;1
2;258400;;;BANANAS;SEASHELLS;4819.0;1
2;258600;;;DIVING_GEAR;SEASHELLS;100070.0;2
2;258700;;;COCONUTS;SEASHELLS;7912.0;9
2;258800;;;DIVING_GEAR;SEASHELLS;100074.0;1
2;259300;;;PEARLS;SEASHELLS;9998.0;1
2;259800;;;BANANAS;SEASHELLS;4817.0;1
2;260000;;;COCONUTS;SEASHELLS;7913.0;9
2;260100;;;BANANAS;SEASHELLS;4820.0;6
2;260300;;;BANANAS;SEASHELLS;4823.0;1
2;260300;;;PEARLS;SEASHELLS;9998.0;1
2;260300;;;DIVING_GEAR;SEASHELLS;100070.0;1
2;260600;;;BANANAS;SEASHELLS;4818.0;1
2;260900;;;PINA_COLADAS;SEASHELLS;14878.0;32
2;260900;;;DIVING_GEAR;SEASHELLS;100061.0;3
2;261000;;;PEARLS;SEASHELLS;9998.0;1
2;261000;;;BANANAS;SEASHELLS;4822.0;1
2;261200;;;PEARLS;SEASHELLS;9995.0;4
2;261200;;;BANANAS;SEASHELLS;4819.0;2
2;261500;;;BANANAS;SEASHELLS;4823.0;1
2;261900;;;DIVING_GEAR;SEASHELLS;100075.0;1
2;262000;;;PEARLS;SEASHELLS;10002.0;5
2;262300;;;BANANAS;SEASHELLS;4817.0;7
2;262500;;;BERRIES;SEASHELLS;3857.0;16
2;262800;;;PEARLS;SEASHELLS;10002.0;1
2;262800;;;BANANAS;SEASHELLS;4822.0;1
2;263100;;;PEARLS;SEASHELLS;9998.0;1
2;263100;;;BERRIES;SEASHELLS;3856.0;11
2;263100;;;BANANAS;SEASHELLS;4823.0;1
2;263300;;;COCONUTS;SEASHELLS;7911.0;10
2;263400;;;BANANAS;SEASHELLS;4823.0;1
2;263500;;;BANANAS;SEASHELLS;4823.0;7
2;263500;;;PEARLS;SEASHELLS;9998.0;2
2;263500;;;BANANAS;SEASHELLS;4823.0;2
2;263500;;;COCONUTS;SEASHELLS;7912.0;12
2;263700;;;PINA_COLADAS;SEASHELLS;14878.0;3
2;264000;;;COCONUTS;SEASHELLS;7914.0;6
2;264100;;;DIVING_GEAR;SEASHELLS;100022.0;1
2;264100;;;PEARLS;SEASHELLS;10002.0;7
2;264100;;;BANANAS;SEASHELLS;4823.0;1
2;264300;;;PEARLS;SEASHELLS;10002.0;1
2;264300;;;BANANAS;SEASHELLS;4818.0;1
2;264400;;;PEARLS;SEASHELLS;9998.0;1
2;264700;;;BERRIES;SEASHELLS;3868.0;15
2;264800;;;BANANAS;SEASHELLS;4823.0;1
2;264800;;;PEARLS;SEASHELLS;10005.0;1
2;265100;;;BANANAS;SEASHELLS;4817.0;1
2;265100;;;BERRIES;SEASHELLS;3860.0;11
2;265200;;;PEARLS;SEASHELLS;9998.0;4
2;265200;;;PEARLS;SEASHELLS;9998.0;5
2;265400;;;PINA_COLADAS;SEASHELLS;14869.0;29
2;265500;;;BANANAS;SEASHELLS;4817.0;1
2;265500;;;BANANAS;SEASHELLS;4817.0;6
2;265700;;;PEARLS;SEASHELLS;10002.0;1
2;265800;;;BANANAS;SEASHELLS;4821.0;1
2;265900;;;PEARLS;SEASHELLS;10002.0;1
2;266400;;;BANANAS;SEASHELLS;4815.0;1
2;266400;;;COCONUTS;SEASHELLS;7904.0;51
2;266400;;;COCONUTS;SEASHELLS;7904.0;3
2;266600;;;BERRIES;SEASHELLS;3869.0;6
2;266700;;;BANANAS;SEASHELLS;4815.0;2
2;266700;;;BANANAS;SEASHELLS;4815.0;6
2;267200;;;BANANAS;SEASHELLS;4819.0;1
2;267800;;;DIVING_GEAR;SEASHELLS;99946.0;3
2;267800;;;COCONUTS;SEASHELLS;7906.0;10
2;268300;;;DIVING_GEAR;SEASHELLS;99930.0;2
2;268500;;;COCONUTS;SEASHELLS;7901.0;5
2;268600;;;BERRIES;SEASHELLS;3870.0;3
2;268700;;;PEARLS;SEASHELLS;10005.0;9
2;268800;;;BANANAS;SEASHELLS;4821.0;1
2;268900;;;PINA_COLADAS;SEASHELLS;14856.0;3
2;269000;;;BANANAS;SEASHELLS;4823.0;6
2;269100;;;BANANAS;SEASHELLS;4821.0;2
2;269100;;;BANANAS;SEASHELLS;4817.0;1
2;269300;;;DIVING_GEAR;SEASHELLS;99927.0;3
2;269500;;;DIVING_GEAR;SEASHELLS;99936.0;3
2;269500;;;PINA_COLADAS;SEASHELLS;14849.0;5
2;269600;;;PEARLS;SEASHELLS;9998.0;1
2;270000;;;BANANAS;SEASHELLS;4818.0;8
2;270100;;;BANANAS;SEASHELLS;4818.0;6
2;270100;;;BANANAS;SEASHELLS;4818.0;3
2;270100;;;PINA_COLADAS;SEASHELLS;14848.0;2
2;270300;;;BANANAS;SEASHELLS;4819.0;20
2;270300;;;BANANAS;SEASHELLS;4819.0;1
2;270400;;;BANANAS;SEASHELLS;4824.0;7
2;270400;;;PEARLS;SEASHELLS;9998.0;1
2;270400;;;COCONUTS;SEASHELLS;7897.0;1
2;270400;;;COCONUTS;SEASHELLS;7897.0;64
2;270700;;;PEARLS;SEASHELLS;10002.0;1
2;270800;;;PEARLS;SEASHELLS;10004.0;2
2;270900;;;BANANAS;SEASHELLS;4821.0;1
2;270900;;;BANANAS;SEASHELLS;4821.0;1
2;271000;;;BERRIES;SEASHELLS;3869.0;2
2;271200;;;PEARLS;SEASHELLS;10002.0;1
2;271400;;;COCONUTS;SEASHELLS;7891.0;59
2;271400;;;COCONUTS;SEASHELLS;7891.0;16
2;271600;;;DIVING_GEAR;SEASHELLS;99952.0;2
2;271600;;;PEARLS;SEASHELLS;10002.0;3
2;271800;;;COCONUTS;SEASHELLS;7893.0;7
2;272200;;;COCONUTS;SEASHELLS;7893.0;42
2;272300;;;PINA_COLADAS;SEASHELLS;14845.0;4
2;272500;;;DIVING_GEAR;SEASHELLS;99987.0;1
2;272500;;;PEARLS;SEASHELLS;9998.0;1
2;272900;;;PEARLS;SEASHELLS;9996.0;1
2;272900;;;BANANAS;SEASHELLS;4822.0;1
2;273100;;;BANANAS;SEASHELLS;4824.0;2
2;273200;;;PEARLS;SEASHELLS;10002.0;1
2;273300;;;PEARLS;SEASHELLS;9995.0;1
2;273300;;;BANANAS;SEASHELLS;4823.0;1
2;273400;;;COCONUTS;SEASHELLS;7898.0;51
2;273900;;;BERRIES;SEASHELLS;3869.0;4
2;274100;;;BANANAS;SEASHELLS;4825.0;4
2;274200;;;BANANAS;SEASHELLS;4824.0;14
2;274200;;;BANANAS;SEASHELLS;4824.0;1
2;274400;;;PINA_COLADAS;SEASHELLS;14853.0;27
2;275000;;;PEARLS;SEASHELLS;10002.0;1
2;275200;;;PEARLS;SEASHELLS;10004.0;2
2;275400;;;PINA_COLADAS;SEASHELLS;14848.0;14
2;275400;;;PINA_COLADAS;SEASHELLS;14848.0;3
2;275500;;;BANANAS;SEASHELLS;4824.0;2
2;275700;;;PEARLS;SEASHELLS;9998.0;3
2;275800;;;PEARLS;SEASHELLS;10005.0;2
2;275800;;;BANANAS;SEASHELLS;4831.0;2
2;275800;;;PEARLS;SEASHELLS;9998.0;5
2;275900;;;PEARLS;SEASHELLS;9998.0;3
2;276000;;;DIVING_GEAR;SEASHELLS;99965.0;2
2;276300;;;BERRIES;SEASHELLS;3869.0;9
2;276300;;;BANANAS;SEASHELLS;4826.0;1
2;276400;;;BANANAS;SEASHELLS;4831.0;1
2;276900;;;PEARLS;SEASHELLS;9998.0;4
2;276900;;;BERRIES;SEASHELLS;3869.0;10
2;276900;;;BANANAS;SEASHELLS;4825.0;1
2;277200;;;PEARLS;SEASHELLS;9998.0;4
2;277500;;;BANANAS;SEASHELLS;4830.0;2
2;277600;;;PEARLS;SEASHELLS;9996.0;1
2;277800;;;BANANAS;SEASHELLS;4828.0;2
2;278200;;;BANANAS;SEASHELLS;4832.0;1
2;278300;;;DIVING_GEAR;SEASHELLS;99991.0;3
2;278300;;;PEARLS;SEASHELLS;10002.0;1
2;278500;;;BANANAS;SEASHELLS;4826.0;1
2;278600;;;BANANAS;SEASHELLS;4830.0;1
2;278900;;;PEARLS;SEASHELLS;10002.0;4
2;279000;;;DIVING_GEAR;SEASHELLS;99972.0;3
2;279100;;;DIVING_GEAR;SEASHELLS;99964.0;2
2;279100;;;PEARLS;SEASHELLS;9998.0;1
2;279200;;;BANANAS;SEASHELLS;4830.0;1
2;279400;;;PEARLS;SEASHELLS;9998.0;1
2;279400;;;BANANAS;SEASHELLS;4825.0;1
2;279400;;;BANANAS;SEASHELLS;4826.0;1
2;279500;;;BANANAS;SEASHELLS;4825.0;1
2;279800;;;BANANAS;SEASHELLS;4824.0;1
2;280000;;;BANANAS;SEASHELLS;4829.0;1
2;280100;;;BANANAS;SEASHELLS;4828.0;1
2;280700;;;PEARLS;SEASHELLS;9998.0;4
2;280800;;;BERRIES;SEASHELLS;3856.0;20
2;280900;;;BANANAS;SEASHELLS;4824.0;1
2;281000;;;BANANAS;SEASHELLS;4829.0;1
2;281100;;;PEARLS;SEASHELLS;9996.0;8
2;281100;;;BANANAS;SEASHELLS;4824.0;1
2;281100;;;PEARLS;SEASHELLS;9996.0;2
2;281200;;;BANANAS;SEASHELLS;4824.0;2
2;281300;;;PEARLS;SEASHELLS;10002.0;1
2;281400;;;DIVING_GEAR;SEASHELLS;99967.0;1
2;281500;;;DIVING_GEAR;SEASHELLS;99972.0;2
2;281800;;;PEARLS;SEASHELLS;9998.0;1
2;281800;;;PEARLS;SEASHELLS;9995.0;2
2;281800;;;BANANAS;SEASHELLS;4824.0;2
2;281900;;;BERRIES;SEASHELLS;3860.0;12
2;282300;;;BANANAS;SEASHELLS;4831.0;2
2;282300;;;PEARLS;SEASHELLS;10005.0;2
2;283000;;;BANANAS;SEASHELLS;4831.0;1
2;283300;;;DIVING_GEAR;SEASHELLS;99978.0;2
2;283400;;;COCONUTS;SEASHELLS;7893.0;59
2;283800;;;BANANAS;SEASHELLS;4831.0;8
2;283900;;;BANANAS;SEASHELLS;4827.0;1
2;284100;;;BERRIES;SEASHELLS;3853.0;10
2;284200;;;PINA_COLADAS;SEASHELLS;14833.0;29
2;284300;;;BANANAS;SEASHELLS;4827.0;1
2;284700;;;BANANAS;SEASHELLS;4827.0;1
2;284700;;;DIVING_GEAR;SEASHELLS;99973.0;1
2;285000;;;DIVING_GEAR;SEASHELLS;99962.0;2
2;285300;;;BERRIES;SEASHELLS;3859.0;13
2;285300;;;PEARLS;SEASHELLS;9998.0;1
2;285500;;;PEARLS;SEASHELLS;10002.0;3
2;285600;;;PEARLS;SEASHELLS;10002.0;1
2;285700;;;BANANAS;SEASHELLS;4832.0;1
2;285700;;;BANANAS;SEASHELLS;4833.0;7
2;285800;;;DIVING_GEAR;SEASHELLS;99958.0;3
2;286000;;;BERRIES;SEASHELLS;3858.0;12
2;286200;;;BANANAS;SEASHELLS;4826.0;1
2;286300;;;PEARLS;SEASHELLS;10004.0;1
2;286300;;;PEARLS;SEASHELLS;10004.0;7
2;286500;;;BANANAS;SEASHELLS;4833.0;12
2;286500;;;PEARLS;SEASHELLS;10002.0;1
2;286700;;;PEARLS;SEASHELLS;10002.0;1
2;286900;;;DIVING_GEAR;SEASHELLS;99957.0;3
2;287200;;;PEARLS;SEASHELLS;10002.0;5
2;287400;;;BANANAS;SEASHELLS;4832.0;1
2;287500;;;BANANAS;SEASHELLS;4827.0;1
2;287500;;;DIVING_GEAR;SEASHELLS;99938.0;3
2;287500;;;PEARLS;SEASHELLS;9998.0;1
2;287600;;;COCONUTS;SEASHELLS;7894.0;10
2;287600;;;BERRIES;SEASHELLS;3860.0;3
2;287600;;;BANANAS;SEASHELLS;4831.0;1
2;287600;;;PEARLS;SEASHELLS;9995.0;8
2;287900;;;BANANAS;SEASHELLS;4827.0;1
2;288600;;;DIVING_GEAR;SEASHELLS;99963.0;2
2;288700;;;BANANAS;SEASHELLS;4825.0;11
2;288900;;;PEARLS;SEASHELLS;9998.0;1
2;289000;;;PEARLS;SEASHELLS;9998.0;1
2;289000;;;BANANAS;SEASHELLS;4832.0;7
2;289400;;;BANANAS;SEASHELLS;4825.0;1
2;289600;;;BANANAS;SEASHELLS;4830.0;1
2;289700;;;PEARLS;SEASHELLS;10005.0;11
2;289800;;;PEARLS;SEASHELLS;10002.0;3
2;289800;;;PEARLS;SEASHELLS;10002.0;1
2;290000;;;PINA_COLADAS;SEASHELLS;14828.0;5
2;290200;;;DIVING_GEAR;SEASHELLS;99958.0;3
2;290300;;;DIVING_GEAR;SEASHELLS;99953.0;1
2;290400;;;BANANAS;SEASHELLS;4831.0;6
2;290700;;;PINA_COLADAS;SEASHELLS;14827.0;2
2;290800;;;BANANAS;SEASHELLS;4828.0;1
2;290800;;;PEARLS;SEASHELLS;9996.0;1
2;291300;;;COCONUTS;SEASHELLS;7901.0;7
2;292300;;;PEARLS;SEASHELLS;10002.0;2
2;292300;;;BANANAS;SEASHELLS;4829.0;1
2;292400;;;PEARLS;SEASHELLS;9998.0;4
2;292400;;;BANANAS;SEASHELLS;4834.0;1
2;292600;;;BANANAS;SEASHELLS;4834.0;8
2;292700;;;BANANAS;SEASHELLS;4834.0;2
2;292700;;;DIVING_GEAR;SEASHELLS;99977.0;2
2;292700;;;PEARLS;SEASHELLS;10004.0;1
2;292800;;;PEARLS;SEASHELLS;9996.0;1
2;293000;;;DIVING_GEAR;SEASHELLS;99961.0;1
2;293300;;;BANANAS;SEASHELLS;4828.0;12
2;293600;;;BANANAS;SEASHELLS;4835.0;1
2;293600;;;PEARLS;SEASHELLS;10004.0;1
2;293900;;;PEARLS;SEASHELLS;9998.0;1
2;294100;;;PEARLS;SEASHELLS;9998.0;1
2;294100;;;BANANAS;SEASHELLS;4829.0;1
2;294100;;;DIVING_GEAR;SEASHELLS;99958.0;1
2;294500;;;PEARLS;SEASHELLS;9996.0;1
2;294500;;;BANANAS;SEASHELLS;4829.0;1
2;294600;;;PEARLS;SEASHELLS;9998.0;1
2;294600;;;BANANAS;SEASHELLS;4830.0;1
2;294700;;;COCONUTS;SEASHELLS;7906.0;9
2;294700;;;PEARLS;SEASHELLS;9996.0;4
2;294700;;;PEARLS;SEASHELLS;9996.0;2
2;294800;;;DIVING_GEAR;SEASHELLS;99933.0;1
2;294900;;;BERRIES;SEASHELLS;3851.0;1
2;295200;;;BANANAS;SEASHELLS;4836.0;2
2;295200;;;BANANAS;SEASHELLS;4835.0;1
2;295200;;;PEARLS;SEASHELLS;10004.0;1
2;295200;;;PEARLS;SEASHELLS;10004.0;1
2;295400;;;BANANAS;SEASHELLS;4836.0;2
2;295400;;;PEARLS;SEASHELLS;10004.0;1
2;295800;;;BANANAS;SEASHELLS;4831.0;14
2;295800;;;BANANAS;SEASHELLS;4836.0;1
2;295900;;;PEARLS;SEASHELLS;10002.0;1
2;296000;;;PEARLS;SEASHELLS;10002.0;1
2;296000;;;BANANAS;SEASHELLS;4836.0;1
2;296100;;;BANANAS;SEASHELLS;4832.0;1
2;296300;;;BERRIES;SEASHELLS;3858.0;2
2;296700;;;BANANAS;SEASHELLS;4837.0;1
2;296800;;;BANANAS;SEASHELLS;4833.0;1
2;296900;;;BANANAS;SEASHELLS;4833.0;17
2;297000;;;COCONUTS;SEASHELLS;7908.0;61
2;297100;;;PEARLS;SEASHELLS;10002.0;2
2;297100;;;BANANAS;SEASHELLS;4837.0;2
2;297200;;;PINA_COLADAS;SEASHELLS;14855.0;2
2;297200;;;BANANAS;SEASHELLS;4837.0;5
2;297400;;;COCONUTS;SEASHELLS;7907.0;54
2;297400;;;COCONUTS;SEASHELLS;7907.0;2
2;298100;;;BANANAS;SEASHELLS;4832.0;1
2;298400;;;PEARLS;SEASHELLS;10002.0;2
2;298500;;;DIVING_GEAR;SEASHELLS;99888.0;1
2;298500;;;BANANAS;SEASHELLS;4835.0;1
2;298600;;;BANANAS;SEASHELLS;4831.0;1
2;298600;;;DIVING_GEAR;SEASHELLS;99881.0;2
2;298700;;;PEARLS;SEASHELLS;9996.0;1
2;298700;;;BANANAS;SEASHELLS;4833.0;1
2;298800;;;BANANAS;SEASHELLS;4832.0;4
2;298800;;;BANANAS;SEASHELLS;4835.0;9
2;298900;;;PEARLS;SEASHELLS;9998.0;1
2;298900;;;BANANAS;SEASHELLS;4833.0;1
2;298900;;;BANANAS;SEASHELLS;4831.0;1
2;299300;;;BANANAS;SEASHELLS;4838.0;1
2;299700;;;PEARLS;SEASHELLS;9996.0;1
2;299700;;;BANANAS;SEASHELLS;4833.0;1
2;299800;;;BANANAS;SEASHELLS;4837.0;1
2;299800;;;PEARLS;SEASHELLS;10004.0;1
2;299800;;;BANANAS;SEASHELLS;4837.0;2
2;299900;;;PINA_COLADAS;SEASHELLS;14852.0;20
2;300200;;;BANANAS;SEASHELLS;4834.0;1
2;300500;;;COCONUTS;SEASHELLS;7908.0;5
2;300600;;;PEARLS;SEASHELLS;9998.0;1
2;300600;;;PINA_COLADAS;SEASHELLS;14851.0;29
2;300700;;;COCONUTS;SEASHELLS;7906.0;14
2;301000;;;BANANAS;SEASHELLS;4833.0;1
2;301000;;;PEARLS;SEASHELLS;9996.0;2
2;301000;;;PEARLS;SEASHELLS;9996.0;2
2;301100;;;PEARLS;SEASHELLS;10004.0;2
2;301100;;;BANANAS;SEASHELLS;4833.0;5
2;301100;;;BANANAS;SEASHELLS;4839.0;2
2;301200;;;BANANAS;SEASHELLS;4832.0;2
2;301200;;;PEARLS;SEASHELLS;9996.0;1
2;301300;;;BERRIES;SEASHELLS;3850.0;15
2;301300;;;PEARLS;SEASHELLS;10005.0;7
2;301300;;;DIVING_GEAR;SEASHELLS;99847.0;3
2;301600;;;BANANAS;SEASHELLS;4832.0;2
2;301600;;;PEARLS;SEASHELLS;9996.0;1
2;301600;;;PEARLS;SEASHELLS;9996.0;1
2;301800;;;BANANAS;SEASHELLS;4834.0;2
2;301800;;;BANANAS;SEASHELLS;4837.0;1
2;302400;;;PEARLS;SEASHELLS;9998.0;3
2;302700;;;DIVING_GEAR;SEASHELLS;99836.0;2
2;303100;;;PEARLS;SEASHELLS;9998.0;3
2;303100;;;BERRIES;SEASHELLS;3850.0;14
2;303600;;;PINA_COLADAS;SEASHELLS;14841.0;28
2;303700;;;BANANAS;SEASHELLS;4833.0;6
2;303800;;;PEARLS;SEASHELLS;10004.0;2
2;303800;;;BANANAS;SEASHELLS;4837.0;2
2;304100;;;PEARLS;SEASHELLS;10002.0;1
2;304400;;;BERRIES;SEASHELLS;3856.0;10
2;304400;;;PEARLS;SEASHELLS;9996.0;1
2;304400;;;BANANAS;SEASHELLS;4836.0;1
2;304500;;;PEARLS;SEASHELLS;10004.0;1
2;304500;;;PEARLS;SEASHELLS;10004.0;1
2;304500;;;BANANAS;SEASHELLS;4837.0;2
2;304600;;;BANANAS;SEASHELLS;4831.0;1
2;304700;;;BERRIES;SEASHELLS;3851.0;18
2;305000;;;PEARLS;SEASHELLS;9998.0;1
2;305100;;;PEARLS;SEASHELLS;9998.0;1
2;305100;;;BANANAS;SEASHELLS;4835.0;2
2;305100;;;PEARLS;SEASHELLS;9998.0;2
2;305200;;;BANANAS;SEASHELLS;4835.0;1
2;305300;;;BERRIES;SEASHELLS;3850.0;5
2;305300;;;BANANAS;SEASHELLS;4830.0;1
2;305400;;;BANANAS;SEASHELLS;4835.0;1
2;305400;;;BANANAS;SEASHELLS;4835.0;1
2;305600;;;BANANAS;SEASHELLS;4830.0;1
2;305700;;;BANANAS;SEASHELLS;4830.0;1
2;305700;;;DIVING_GEAR;SEASHELLS;99815.0;3
2;305800;;;BANANAS;SEASHELLS;4830.0;16
2;305900;;;BERRIES;SEASHELLS;3853.0;1
2;306100;;;PEARLS;SEASHELLS;9998.0;1
2;306200;;;BERRIES;SEASHELLS;3857.0;17
2;306200;;;BERRIES;SEASHELLS;3858.0;11
2;306300;;;BANANAS;SEASHELLS;4834.0;9
2;306300;;;BANANAS;SEASHELLS;4834.0;1
2;306300;;;PEARLS;SEASHELLS;9996.0;1
2;306500;;;PEARLS;SEASHELLS;9998.0;1
2;306500;;;BANANAS;SEASHELLS;4830.0;6
2;306500;;;BANANAS;SEASHELLS;4830.0;7
2;306700;;;BANANAS;SEASHELLS;4834.0;1
2;306700;;;COCONUTS;SEASHELLS;7908.0;5
2;306800;;;DIVING_GEAR;SEASHELLS;99812.0;2
2;306900;;;PEARLS;SEASHELLS;9998.0;2
2;307000;;;BERRIES;SEASHELLS;3856.0;6
2;307000;;;PEARLS;SEASHELLS;10002.0;1
2;307300;;;BANANAS;SEASHELLS;4831.0;1
2;307300;;;PEARLS;SEASHELLS;10002.0;2
2;307400;;;BERRIES;SEASHELLS;3855.0;3
2;308600;;;BERRIES;SEASHELLS;3855.0;10
2;308600;;;PEARLS;SEASHELLS;10005.0;2
2;308600;;;BANANAS;SEASHELLS;4836.0;2
2;308600;;;BANANAS;SEASHELLS;4836.0;14
2;308700;;;DIVING_GEAR;SEASHELLS;99827.0;1
2;309100;;;PEARLS;SEASHELLS;10005.0;8
2;309500;;;PINA_COLADAS;SEASHELLS;14834.0;15
2;309500;;;PEARLS;SEASHELLS;9998.0;1
2;309800;;;BANANAS;SEASHELLS;4828.0;1
2;310400;;;PEARLS;SEASHELLS;9995.0;5
2;310500;;;BERRIES;SEASHELLS;3850.0;12
2;310500;;;PEARLS;SEASHELLS;10002.0;3
2;310500;;;BERRIES;SEASHELLS;3849.0;9
2;311000;;;DIVING_GEAR;SEASHELLS;99848.0;2
2;311000;;;BERRIES;SEASHELLS;3857.0;8
2;311200;;;PEARLS;SEASHELLS;10004.0;2
2;311200;;;BANANAS;SEASHELLS;4835.0;2
2;311400;;;DIVING_GEAR;SEASHELLS;99834.0;2
2;311400;;;BANANAS;SEASHELLS;4829.0;1
2;311500;;;PEARLS;SEASHELLS;10002.0;1
2;311500;;;BERRIES;SEASHELLS;3851.0;1
2;312100;;;BANANAS;SEASHELLS;4835.0;1
2;312100;;;PEARLS;SEASHELLS;10004.0;1
2;312300;;;PEARLS;SEASHELLS;10004.0;1
2;312300;;;DIVING_GEAR;SEASHELLS;99826.0;2
2;312300;;;PEARLS;SEASHELLS;10004.0;1
2;312300;;;PEARLS;SEASHELLS;10002.0;3
2;312700;;;BANANAS;SEASHELLS;4830.0;1
2;312800;;;COCONUTS;SEASHELLS;7911.0;10
2;313000;;;PEARLS;SEASHELLS;9998.0;1
2;314100;;;PEARLS;SEASHELLS;9998.0;1
2;314500;;;PEARLS;SEASHELLS;9998.0;2
2;314500;;;BANANAS;SEASHELLS;4829.0;2
2;314600;;;BANANAS;SEASHELLS;4833.0;7
2;314700;;;BANANAS;SEASHELLS;4833.0;1
2;314900;;;BANANAS;SEASHELLS;4833.0;1
2;314900;;;BANANAS;SEASHELLS;4832.0;1
2;314900;;;PEARLS;SEASHELLS;10002.0;2
2;315200;;;PEARLS;SEASHELLS;9995.0;2
2;315200;;;BANANAS;SEASHELLS;4828.0;2
2;315400;;;PEARLS;SEASHELLS;10004.0;6
2;315400;;;PEARLS;SEASHELLS;10004.0;1
2;315400;;;BANANAS;SEASHELLS;4829.0;1
2;315500;;;PEARLS;SEASHELLS;9998.0;4
2;315800;;;PEARLS;SEASHELLS;10002.0;1
2;316000;;;BANANAS;SEASHELLS;4833.0;1
2;316100;;;BERRIES;SEASHELLS;3864.0;19
2;316200;;;DIVING_GEAR;SEASHELLS;99840.0;1
2;316400;;;BANANAS;SEASHELLS;4828.0;1
2;316900;;;BANANAS;SEASHELLS;4828.0;1
2;317100;;;BANANAS;SEASHELLS;4833.0;4
2;317200;;;PEARLS;SEASHELLS;10002.0;6
2;317300;;;BANANAS;SEASHELLS;4829.0;1
2;317300;;;PEARLS;SEASHELLS;9998.0;3
2;317700;;;PEARLS;SEASHELLS;9998.0;1
2;317800;;;BERRIES;SEASHELLS;3858.0;15
2;317900;;;PEARLS;SEASHELLS;10002.0;1
2;318200;;;BANANAS;SEASHELLS;4833.0;1
2;318300;;;PEARLS;SEASHELLS;9998.0;1
2;318500;;;BERRIES;SEASHELLS;3866.0;9
2;318700;;;DIVING_GEAR;SEASHELLS;99857.0;3
2;318800;;;PEARLS;SEASHELLS;9998.0;1
2;318900;;;BANANAS;SEASHELLS;4829.0;1
2;318900;;;DIVING_GEAR;SEASHELLS;99849.0;1
2;319000;;;BERRIES;SEASHELLS;3861.0;2
2;319100;;;DIVING_GEAR;SEASHELLS;99852.0;3
2;319100;;;BANANAS;SEASHELLS;4828.0;16
2;319300;;;PEARLS;SEASHELLS;9998.0;5
2;319300;;;PEARLS;SEASHELLS;9998.0;1
2;319400;;;BANANAS;SEASHELLS;4834.0;12
2;319500;;;DIVING_GEAR;SEASHELLS;99834.0;3
2;319600;;;PEARLS;SEASHELLS;9998.0;1
2;319600;;;BANANAS;SEASHELLS;4828.0;1
2;319800;;;PEARLS;SEASHELLS;10002.0;1
2;319800;;;COCONUTS;SEASHELLS;7922.0;13
2;320000;;;PEARLS;SEASHELLS;10004.0;1
2;320000;;;PEARLS;SEASHELLS;10004.0;1
2;320000;;;BANANAS;SEASHELLS;4834.0;2
2;320100;;;BANANAS;SEASHELLS;4831.0;4
2;320300;;;PEARLS;SEASHELLS;9998.0;1
2;320300;;;BERRIES;SEASHELLS;3860.0;6
2;320600;;;BANANAS;SEASHELLS;4828.0;1
2;320600;;;PEARLS;SEASHELLS;9996.0;2
2;320600;;;BANANAS;SEASHELLS;4827.0;2
2;321000;;;BERRIES;SEASHELLS;3868.0;8
2;321000;;;PEARLS;SEASHELLS;9998.0;2
2;321100;;;PINA_COLADAS;SEASHELLS;14841.0;3
2;321400;;;BANANAS;SEASHELLS;4830.0;1
2;321600;;;BANANAS;SEASHELLS;4829.0;1
2;321600;;;PEARLS;SEASHELLS;10002.0;1
2;322000;;;COCONUTS;SEASHELLS;7922.0;49
2;322200;;;BANANAS;SEASHELLS;4829.0;1
2;322500;;;PEARLS;SEASHELLS;10004.0;1
2;322500;;;PEARLS;SEASHELLS;10005.0;2
2;322500;;;BANANAS;SEASHELLS;4831.0;1
2;322600;;;PINA_COLADAS;SEASHELLS;14839.0;24
2;323000;;;DIVING_GEAR;SEASHELLS;99865.0;2
2;323200;;;BERRIES;SEASHELLS;3868.0;9
2;323300;;;BANANAS;SEASHELLS;4828.0;1
2;323500;;;BANANAS;SEASHELLS;4835.0;4
2;323600;;;DIVING_GEAR;SEASHELLS;99874.0;2
2;323800;;;BANANAS;SEASHELLS;4829.0;1
2;323800;;;PEARLS;SEASHELLS;9996.0;1
2;323900;;;COCONUTS;SEASHELLS;7917.0;6
2;323900;;;PEARLS;SEASHELLS;9998.0;1
2;324200;;;PEARLS;SEASHELLS;9998.0;1
2;324300;;;BANANAS;SEASHELLS;4834.0;1
2;324400;;;BANANAS;SEASHELLS;4836.0;2
2;324400;;;PEARLS;SEASHELLS;10004.0;2
2;324500;;;PEARLS;SEASHELLS;9998.0;1
2;325000;;;BANANAS;SEASHELLS;4835.0;4
2;325100;;;BERRIES;SEASHELLS;3859.0;3
2;325100;;;BANANAS;SEASHELLS;4832.0;3
2;325200;;;PEARLS;SEASHELLS;10002.0;2
2;325200;;;PEARLS;SEASHELLS;10002.0;1
2;325200;;;PEARLS;SEASHELLS;10002.0;1
2;325600;;;DIVING_GEAR;SEASHELLS;99902.0;1
2;325600;;;PEARLS;SEASHELLS;10005.0;2
2;325900;;;BANANAS;SEASHELLS;4834.0;2
2;326500;;;BANANAS;SEASHELLS;4834.0;1
2;326600;;;PEARLS;SEASHELLS;9998.0;1
2;326700;;;PEARLS;SEASHELLS;10004.0;2
2;326700;;;PEARLS;SEASHELLS;10004.0;7
2;326900;;;PEARLS;SEASHELLS;9995.0;2
2;326900;;;BANANAS;SEASHELLS;4829.0;2
2;327100;;;BANANAS;SEASHELLS;4835.0;1
2;327300;;;BANANAS;SEASHELLS;4831.0;1
2;327400;;;PEARLS;SEASHELLS;9998.0;1
2;327600;;;PEARLS;SEASHELLS;9998.0;3
2;327700;;;PEARLS;SEASHELLS;9996.0;2
2;327900;;;BERRIES;SEASHELLS;3861.0;8
2;328000;;;BANANAS;SEASHELLS;4836.0;1
2;328300;;;PEARLS;SEASHELLS;9998.0;1
2;328500;;;PEARLS;SEASHELLS;9996.0;1
2;328500;;;BANANAS;SEASHELLS;4834.0;1
2;328700;;;BANANAS;SEASHELLS;4832.0;13
2;328900;;;BANANAS;SEASHELLS;4836.0;3
2;329400;;;DIVING_GEAR;SEASHELLS;99821.0;3
2;329600;;;BANANAS;SEASHELLS;4830.0;1
2;330000;;;PEARLS;SEASHELLS;10002.0;1
2;330100;;;DIVING_GEAR;SEASHELLS;99830.0;3
2;330300;;;BANANAS;SEASHELLS;4829.0;1
2;330700;;;PEARLS;SEASHELLS;10002.0;6
2;330800;;;PEARLS;SEASHELLS;9998.0;1
2;330900;;;PEARLS;SEASHELLS;10002.0;3
2;330900;;;BANANAS;SEASHELLS;4831.0;1
2;331000;;;PEARLS;SEASHELLS;10004.0;1
2;331000;;;BANANAS;SEASHELLS;4838.0;1
2;331200;;;PEARLS;SEASHELLS;10002.0;5
2;331300;;;PEARLS;SEASHELLS;9996.0;1
2;331300;;;PEARLS;SEASHELLS;9996.0;1
2;331300;;;BANANAS;SEASHELLS;4831.0;2
2;331600;;;PEARLS;SEASHELLS;10005.0;4
2;331900;;;BANANAS;SEASHELLS;4835.0;1
2;331900;;;PEARLS;SEASHELLS;10004.0;5
2;331900;;;PEARLS;SEASHELLS;10004.0;2
2;332000;;;BERRIES;SEASHELLS;3872.0;11
2;332100;;;PEARLS;SEASHELLS;9998.0;2
2;332100;;;BANANAS;SEASHELLS;4837.0;2
2;332100;;;BANANAS;SEASHELLS;4831.0;1
2;332100;;;PEARLS;SEASHELLS;9998.0;1
2;332200;;;COCONUTS;SEASHELLS;7922.0;55
2;332600;;;PINA_COLADAS;SEASHELLS;14853.0;1
2;332600;;;PINA_COLADAS;SEASHELLS;14853.0;22
2;332600;;;BANANAS;SEASHELLS;4836.0;1
2;332800;;;BANANAS;SEASHELLS;4832.0;1
2;332800;;;PEARLS;SEASHELLS;10002.0;4
2;333000;;;BANANAS;SEASHELLS;4837.0;18
2;333000;;;PEARLS;SEASHELLS;9998.0;2
2;333200;;;PEARLS;SEASHELLS;9998.0;1
2;333500;;;BANANAS;SEASHELLS;4830.0;13
2;333600;;;PEARLS;SEASHELLS;10004.0;2
2;333600;;;PEARLS;SEASHELLS;10004.0;7
2;333900;;;PINA_COLADAS;SEASHELLS;14857.0;3
2;334000;;;BANANAS;SEASHELLS;4830.0;1
2;334300;;;PINA_COLADAS;SEASHELLS;14859.0;32
2;334500;;;BANANAS;SEASHELLS;4830.0;1
2;334500;;;PEARLS;SEASHELLS;9995.0;6
2;334600;;;BANANAS;SEASHELLS;4830.0;2
2;334600;;;PEARLS;SEASHELLS;9995.0;2
2;334900;;;PEARLS;SEASHELLS;10002.0;1
2;335100;;;BANANAS;SEASHELLS;4835.0;1
2;335100;;;PEARLS;SEASHELLS;9998.0;5
2;335600;;;BANANAS;SEASHELLS;4832.0;2
2;335800;;;BANANAS;SEASHELLS;4835.0;1
2;336000;;;BANANAS;SEASHELLS;4831.0;5
2;336100;;;BANANAS;SEASHELLS;4831.0;2
2;336300;;;BANANAS;SEASHELLS;4833.0;2
2;336500;;;BANANAS;SEASHELLS;4834.0;1
2;336500;;;PEARLS;SEASHELLS;9998.0;1
2;336700;;;BANANAS;SEASHELLS;4835.0;15
2;337200;;;COCONUTS;SEASHELLS;7927.0;54
2;337200;;;PEARLS;SEASHELLS;10002.0;1
2;337200;;;BERRIES;SEASHELLS;3860.0;7
2;337300;;;BERRIES;SEASHELLS;3868.0;17
2;337600;;;PEARLS;SEASHELLS;10002.0;1
2;337700;;;BANANAS;SEASHELLS;4832.0;2
2;337700;;;PEARLS;SEASHELLS;9996.0;7
2;337700;;;PEARLS;SEASHELLS;9996.0;1
2;337800;;;BANANAS;SEASHELLS;4829.0;2
2;337800;;;BANANAS;SEASHELLS;4829.0;1
2;337900;;;PEARLS;SEASHELLS;9995.0;5
2;338000;;;PEARLS;SEASHELLS;9998.0;1
2;338100;;;BANANAS;SEASHELLS;4829.0;1
2;338100;;;BANANAS;SEASHELLS;4829.0;12
2;338200;;;BANANAS;SEASHELLS;4830.0;1
2;338800;;;PEARLS;SEASHELLS;10002.0;1
2;339100;;;BANANAS;SEASHELLS;4834.0;1
2;339100;;;PEARLS;SEASHELLS;9998.0;2
2;339600;;;BERRIES;SEASHELLS;3861.0;2
2;339800;;;BANANAS;SEASHELLS;4829.0;5
2;340000;;;BERRIES;SEASHELLS;3869.0;7
2;340000;;;PEARLS;SEASHELLS;10002.0;1
2;340000;;;BANANAS;SEASHELLS;4833.0;1
2;340100;;;BANANAS;SEASHELLS;4836.0;1
2;340100;;;PEARLS;SEASHELLS;10004.0;1
2;340200;;;PEARLS;SEASHELLS;10004.0;2
2;340200;;;BANANAS;SEASHELLS;4835.0;2
2;340300;;;BANANAS;SEASHELLS;4833.0;1
2;340400;;;PEARLS;SEASHELLS;10002.0;1
2;340600;;;BANANAS;SEASHELLS;4834.0;4
2;340700;;;PEARLS;SEASHELLS;9998.0;1
2;340900;;;BANANAS;SEASHELLS;4831.0;11
2;341000;;;DIVING_GEAR;SEASHELLS;99897.0;3
2;341200;;;PEARLS;SEASHELLS;9998.0;1
2;341400;;;PEARLS;SEASHELLS;9998.0;1
2;341500;;;PEARLS;SEASHELLS;10002.0;1
2;341700;;;DIVING_GEAR;SEASHELLS;99885.0;1
2;341800;;;PEARLS;SEASHELLS;9998.0;4
2;342300;;;PINA_COLADAS;SEASHELLS;14874.0;2
2;342500;;;BANANAS;SEASHELLS;4837.0;1
2;342500;;;PEARLS;SEASHELLS;10005.0;1
2;342600;;;PINA_COLADAS;SEASHELLS;14874.0;3
2;342800;;;PEARLS;SEASHELLS;10002.0;1
2;342800;;;BANANAS;SEASHELLS;4836.0;1
2;343600;;;BANANAS;SEASHELLS;4831.0;2
2;343600;;;PEARLS;SEASHELLS;9995.0;2
2;343800;;;BANANAS;SEASHELLS;4832.0;1
2;343900;;;BANANAS;SEASHELLS;4831.0;2
2;343900;;;PEARLS;SEASHELLS;9996.0;1
2;343900;;;BANANAS;SEASHELLS;4836.0;1
2;343900;;;PEARLS;SEASHELLS;9996.0;1
2;344100;;;COCONUTS;SEASHELLS;7923.0;70
2;344200;;;BANANAS;SEASHELLS;4831.0;19
2;344200;;;BANANAS;SEASHELLS;4833.0;4
2;344200;;;PINA_COLADAS;SEASHELLS;14870.0;21
2;344500;;;COCONUTS;SEASHELLS;7921.0;65
2;344500;;;PEARLS;SEASHELLS;10002.0;1
2;344700;;;DIVING_GEAR;SEASHELLS;99850.0;1
2;344700;;;PEARLS;SEASHELLS;9998.0;10
2;344700;;;PEARLS;SEASHELLS;9998.0;1
2;344800;;;BANANAS;SEASHELLS;4832.0;3
2;344800;;;BANANAS;SEASHELLS;4832.0;2
2;344900;;;BANANAS;SEASHELLS;4831.0;1
2;344900;;;PEARLS;SEASHELLS;9996.0;1
2;345000;;;BANANAS;SEASHELLS;4835.0;8
2;345100;;;PEARLS;SEASHELLS;10005.0;12
2;345200;;;COCONUTS;SEASHELLS;7923.0;5
2;345800;;;BANANAS;SEASHELLS;4830.0;1
2;345800;;;PEARLS;SEASHELLS;9998.0;3
2;345900;;;PEARLS;SEASHELLS;9998.0;1
2;346000;;;PEARLS;SEASHELLS;10002.0;4
2;346000;;;BANANAS;SEASHELLS;4830.0;17
2;346100;;;PEARLS;SEASHELLS;9996.0;2
2;346100;;;BERRIES;SEASHELLS;3866.0;3
2;346300;;;PEARLS;SEASHELLS;9998.0;5
2;346400;;;PINA_COLADAS;SEASHELLS;14873.0;3
2;346400;;;BANANAS;SEASHELLS;4835.0;5
2;346600;;;DIVING_GEAR;SEASHELLS;99864.0;2
2;346800;;;PEARLS;SEASHELLS;10002.0;3
2;346900;;;BANANAS;SEASHELLS;4835.0;2
2;346900;;;PEARLS;SEASHELLS;9998.0;1
2;347100;;;DIVING_GEAR;SEASHELLS;99858.0;3
2;347300;;;BANANAS;SEASHELLS;4837.0;7
2;347500;;;BANANAS;SEASHELLS;4836.0;2
2;347500;;;BANANAS;SEASHELLS;4835.0;1
2;347500;;;PEARLS;SEASHELLS;10004.0;2
2;347700;;;PEARLS;SEASHELLS;9998.0;5
2;348100;;;PEARLS;SEASHELLS;9998.0;1
2;348300;;;BANANAS;SEASHELLS;4829.0;1
2;348600;;;PINA_COLADAS;SEASHELLS;14835.0;5
2;348700;;;BANANAS;SEASHELLS;4829.0;10
2;348800;;;DIVING_GEAR;SEASHELLS;99814.0;3
2;348900;;;DIVING_GEAR;SEASHELLS;99824.0;2
2;349000;;;PEARLS;SEASHELLS;9996.0;1
2;349000;;;PEARLS;SEASHELLS;9996.0;11
2;349300;;;PEARLS;SEASHELLS;9998.0;1
2;349400;;;PEARLS;SEASHELLS;10004.0;1
2;349400;;;BANANAS;SEASHELLS;4835.0;2
2;349600;;;BANANAS;SEASHELLS;4834.0;1
2;349600;;;BERRIES;SEASHELLS;3873.0;10
2;349700;;;BANANAS;SEASHELLS;4829.0;1
2;349800;;;PEARLS;SEASHELLS;10002.0;1
2;350100;;;PEARLS;SEASHELLS;10002.0;1
2;350100;;;PINA_COLADAS;SEASHELLS;14839.0;13
2;350100;;;BANANAS;SEASHELLS;4836.0;1
2;350200;;;BERRIES;SEASHELLS;3866.0;1
2;350500;;;DIVING_GEAR;SEASHELLS;99836.0;2
2;350600;;;BANANAS;SEASHELLS;4837.0;1
2;351100;;;BANANAS;SEASHELLS;4833.0;1
2;351200;;;BANANAS;SEASHELLS;4838.0;1
2;351300;;;PINA_COLADAS;SEASHELLS;14835.0;33
2;351300;;;PEARLS;SEASHELLS;9998.0;4
2;351300;;;BERRIES;SEASHELLS;3870.0;1
2;352000;;;PEARLS;SEASHELLS;9996.0;1
2;352000;;;BANANAS;SEASHELLS;4832.0;1
2;352000;;;PINA_COLADAS;SEASHELLS;14832.0;4
2;352200;;;PEARLS;SEASHELLS;9998.0;1
2;352300;;;BANANAS;SEASHELLS;4832.0;1
2;352300;;;PEARLS;SEASHELLS;10000.0;1
2;352500;;;BANANAS;SEASHELLS;4832.0;1
2;352800;;;PEARLS;SEASHELLS;9998.0;3
2;352800;;;BANANAS;SEASHELLS;4833.0;1
2;352900;;;BANANAS;SEASHELLS;4833.0;1
2;352900;;;BERRIES;SEASHELLS;3862.0;9
2;352900;;;PEARLS;SEASHELLS;9996.0;1
2;353400;;;PEARLS;SEASHELLS;9996.0;2
2;353500;;;BANANAS;SEASHELLS;4832.0;17
2;354000;;;PEARLS;SEASHELLS;10004.0;1
2;354000;;;BANANAS;SEASHELLS;4839.0;2
2;354000;;;PEARLS;SEASHELLS;10004.0;1
2;354100;;;PEARLS;SEASHELLS;10002.0;1
2;354200;;;BANANAS;SEASHELLS;4839.0;1
2;354200;;;PEARLS;SEASHELLS;10005.0;1
2;354300;;;BANANAS;SEASHELLS;4832.0;1
2;354400;;;BANANAS;SEASHELLS;4832.0;4
2;354500;;;BANANAS;SEASHELLS;4833.0;3
2;354500;;;BANANAS;SEASHELLS;4833.0;2
2;354700;;;BANANAS;SEASHELLS;4831.0;6
2;354700;;;PEARLS;SEASHELLS;10002.0;4
2;354700;;;BERRIES;SEASHELLS;3870.0;10
2;354700;;;BANANAS;SEASHELLS;4832.0;1
2;354800;;;BANANAS;SEASHELLS;4837.0;1
2;354900;;;PEARLS;SEASHELLS;10004.0;1
2;354900;;;BANANAS;SEASHELLS;4838.0;1
2;355200;;;BANANAS;SEASHELLS;4833.0;1
2;355300;;;BERRIES;SEASHELLS;3866.0;4
2;355400;;;BANANAS;SEASHELLS;4834.0;1
2;355400;;;PEARLS;SEASHELLS;9995.0;7
2;355500;;;BANANAS;SEASHELLS;4834.0;2
2;355500;;;PEARLS;SEASHELLS;9996.0;1
2;355500;;;COCONUTS;SEASHELLS;7911.0;7
2;355800;;;DIVING_GEAR;SEASHELLS;99858.0;1
2;356300;;;COCONUTS;SEASHELLS;7910.0;8
2;356600;;;BERRIES;SEASHELLS;3868.0;1
2;356700;;;BANANAS;SEASHELLS;4840.0;1
2;356800;;;DIVING_GEAR;SEASHELLS;99846.0;1
2;356800;;;PEARLS;SEASHELLS;9996.0;1
2;356800;;;PEARLS;SEASHELLS;9996.0;1
2;356800;;;BANANAS;SEASHELLS;4835.0;2
2;356800;;;BANANAS;SEASHELLS;4836.0;11
2;356900;;;BERRIES;SEASHELLS;3866.0;10
2;357200;;;BERRIES;SEASHELLS;3874.0;3
2;357400;;;BANANAS;SEASHELLS;4841.0;7
2;357500;;;PEARLS;SEASHELLS;9998.0;1
2;357500;;;BANANAS;SEASHELLS;4839.0;1
2;357600;;;BANANAS;SEASHELLS;4835.0;1
2;357600;;;PEARLS;SEASHELLS;9996.0;1
2;358100;;;COCONUTS;SEASHELLS;7912.0;9
2;358600;;;PEARLS;SEASHELLS;10002.0;1
2;358700;;;DIVING_GEAR;SEASHELLS;99821.0;1
2;358800;;;BANANAS;SEASHELLS;4839.0;1
2;359000;;;PINA_COLADAS;SEASHELLS;14847.0;3
2;359500;;;COCONUTS;SEASHELLS;7911.0;56
2;359800;;;BANANAS;SEASHELLS;4833.0;1
2;359800;;;PEARLS;SEASHELLS;9998.0;2
2;359900;;;PEARLS;SEASHELLS;9998.0;1
2;360100;;;DIVING_GEAR;SEASHELLS;99797.0;2
2;360400;;;PEARLS;SEASHELLS;10002.0;1
2;360400;;;BERRIES;SEASHELLS;3880.0;13
2;360600;;;DIVING_GEAR;SEASHELLS;99798.0;1
2;360700;;;BERRIES;SEASHELLS;3873.0;12
2;360800;;;PEARLS;SEASHELLS;10002.0;1
2;360800;;;BANANAS;SEASHELLS;4840.0;1
2;361100;;;BANANAS;SEASHELLS;4835.0;7
2;361200;;;COCONUTS;SEASHELLS;7910.0;55
2;361200;;;COCONUTS;SEASHELLS;7910.0;22
2;361400;;;BANANAS;SEASHELLS;4835.0;4
2;361700;;;PEARLS;SEASHELLS;10002.0;1
2;361700;;;DIVING_GEAR;SEASHELLS;99802.0;2
2;361900;;;BANANAS;SEASHELLS;4841.0;4
2;361900;;;BANANAS;SEASHELLS;4835.0;1
2;362000;;;DIVING_GEAR;SEASHELLS;99800.0;1
2;362000;;;PINA_COLADAS;SEASHELLS;14831.0;6
2;362200;;;BANANAS;SEASHELLS;4836.0;1
2;362200;;;BANANAS;SEASHELLS;4836.0;1
2;362200;;;PEARLS;SEASHELLS;9996.0;1
2;362200;;;PEARLS;SEASHELLS;9996.0;1
2;362400;;;BANANAS;SEASHELLS;4836.0;1
2;362600;;;BANANAS;SEASHELLS;4841.0;1
2;362700;;;BANANAS;SEASHELLS;4836.0;1
2;362800;;;BANANAS;SEASHELLS;4837.0;2
2;363000;;;DIVING_GEAR;SEASHELLS;99763.0;1
2;363100;;;BANANAS;SEASHELLS;4843.0;1
2;363100;;;BANANAS;SEASHELLS;4841.0;9
2;363100;;;PEARLS;SEASHELLS;10004.0;1
2;363200;;;BANANAS;SEASHELLS;4837.0;2
2;363200;;;PEARLS;SEASHELLS;10002.0;1
2;363600;;;DIVING_GEAR;SEASHELLS;99784.0;2
2;363600;;;BANANAS;SEASHELLS;4842.0;1
2;363600;;;PEARLS;SEASHELLS;9996.0;6
2;363600;;;PEARLS;SEASHELLS;9996.0;2
2;363700;;;PEARLS;SEASHELLS;9998.0;1
2;363800;;;DIVING_GEAR;SEASHELLS;99778.0;2
2;364000;;;DIVING_GEAR;SEASHELLS;99789.0;1
2;364100;;;BANANAS;SEASHELLS;4835.0;1
2;364100;;;PEARLS;SEASHELLS;10002.0;4
2;364200;;;BANANAS;SEASHELLS;4835.0;1
2;364300;;;BANANAS;SEASHELLS;4835.0;1
2;364300;;;COCONUTS;SEASHELLS;7910.0;25
2;364400;;;DIVING_GEAR;SEASHELLS;99816.0;2
2;364600;;;BANANAS;SEASHELLS;4835.0;1
2;364700;;;BANANAS;SEASHELLS;4835.0;1
2;364800;;;PEARLS;SEASHELLS;10002.0;1
2;364800;;;BERRIES;SEASHELLS;3881.0;13
2;364900;;;BANANAS;SEASHELLS;4838.0;1
2;364900;;;BANANAS;SEASHELLS;4838.0;1
2;365400;;;PEARLS;SEASHELLS;9995.0;2
2;365400;;;BANANAS;SEASHELLS;4835.0;2
2;365500;;;BANANAS;SEASHELLS;4840.0;1
2;365900;;;BANANAS;SEASHELLS;4836.0;1
2;365900;;;PEARLS;SEASHELLS;9995.0;1
2;366000;;;PEARLS;SEASHELLS;10005.0;2
2;366000;;;DIVING_GEAR;SEASHELLS;99831.0;3
2;366100;;;BANANAS;SEASHELLS;4836.0;1
2;366100;;;BANANAS;SEASHELLS;4843.0;1
2;366100;;;PEARLS;SEASHELLS;9998.0;1
2;366200;;;BANANAS;SEASHELLS;4836.0;1
2;366200;;;PEARLS;SEASHELLS;9998.0;1
2;366300;;;DIVING_GEAR;SEASHELLS;99837.0;2
2;366600;;;DIVING_GEAR;SEASHELLS;99846.0;1
2;366700;;;BANANAS;SEASHELLS;4837.0;1
2;367000;;;PINA_COLADAS;SEASHELLS;14832.0;2
2;367000;;;PINA_COLADAS;SEASHELLS;14832.0;34
2;367100;;;PEARLS;SEASHELLS;10002.0;3
2;367100;;;BANANAS;SEASHELLS;4843.0;1
2;367300;;;BANANAS;SEASHELLS;4838.0;1
2;367300;;;BANANAS;SEASHELLS;4839.0;2
2;367300;;;PEARLS;SEASHELLS;10002.0;2
2;367400;;;DIVING_GEAR;SEASHELLS;99857.0;3
2;367500;;;PEARLS;SEASHELLS;9998.0;1
2;367500;;;BANANAS;SEASHELLS;4838.0;1
2;367500;;;PEARLS;SEASHELLS;9996.0;1
2;367500;;;PINA_COLADAS;SEASHELLS;14836.0;11
2;367700;;;PEARLS;SEASHELLS;10002.0;1
2;367700;;;PEARLS;SEASHELLS;10002.0;1
2;367700;;;BANANAS;SEASHELLS;4842.0;1
2;368000;;;DIVING_GEAR;SEASHELLS;99847.0;1
2;368100;;;PEARLS;SEASHELLS;10004.0;2
2;368100;;;BANANAS;SEASHELLS;4844.0;2
2;368200;;;BERRIES;SEASHELLS;3883.0;4
2;368300;;;DIVING_GEAR;SEASHELLS;99848.0;2
2;368300;;;BERRIES;SEASHELLS;3881.0;7
2;368300;;;BANANAS;SEASHELLS;4839.0;7
2;368500;;;BANANAS;SEASHELLS;4842.0;2
2;368700;;;BANANAS;SEASHELLS;4839.0;16
2;368700;;;BANANAS;SEASHELLS;4840.0;1
2;368700;;;BANANAS;SEASHELLS;4845.0;1
2;368800;;;BANANAS;SEASHELLS;4838.0;15
