day;timestamp;bid_price_1;bid_volume_1;bid_price_2;bid_volume_2;bid_price_3;bid_volume_3;ask_price_1;ask_volume_1;ask_price_2;ask_volume_2;ask_price_3;ask_volume_3;mid_price;profit_and_loss
-2;1.0;4997.0;26.0;0.0;0.0;0.0;0.0;5003.0;26.0;0.0;0.0;0.0;0.0;5000.0;0.0
-2;2.0;4997.0;20.0;0.0;0.0;0.0;0.0;4998.0;1.0;5004.0;20.0;0.0;0.0;4997.5;2.86328125
-2;3.0;4997.0;31.0;0.0;0.0;0.0;0.0;5004.0;31.0;0.0;0.0;0.0;0.0;5000.5;2.53662109375
-2;4.0;4997.0;27.0;0.0;0.0;0.0;0.0;5004.0;27.0;0.0;0.0;0.0;0.0;5000.5;2.40576171875
-2;5.0;4997.0;20.0;0.0;0.0;0.0;0.0;5002.0;9.0;5004.0;20.0;0.0;0.0;4999.5;2.92578125
-2;6.0;5002.0;1.0;4997.0;30.0;0.0;0.0;5004.0;30.0;0.0;0.0;0.0;0.0;5003.0;2.56591796875
-2;7.0;4997.0;30.0;0.0;0.0;0.0;0.0;5004.0;30.0;0.0;0.0;0.0;0.0;5000.5;2.388671875
-2;8.0;4998.0;5.0;4997.0;28.0;0.0;0.0;5004.0;28.0;0.0;0.0;0.0;0.0;5001.0;2.603515625
-2;9.0;5003.0;1.0;4997.0;23.0;0.0;0.0;5004.0;23.0;0.0;0.0;0.0;0.0;5003.5;2.37255859375
-2;10.0;4997.0;30.0;0.0;0.0;0.0;0.0;5004.0;30.0;0.0;0.0;0.0;0.0;5000.5;2.22802734375
-2;11.0;4998.0;2.0;4997.0;22.0;0.0;0.0;5004.0;24.0;0.0;0.0;0.0;0.0;5001.0;2.11181640625
-2;12.0;4998.0;3.0;4997.0;25.0;0.0;0.0;5004.0;26.0;0.0;0.0;0.0;0.0;5001.0;-0.796875
-2;13.0;4999.0;6.0;4998.0;28.0;0.0;0.0;5004.0;1.0;5005.0;27.0;0.0;0.0;5001.5;-1.2314453125
-2;14.0;5000.0;3.0;4997.0;23.0;0.0;0.0;5004.0;23.0;0.0;0.0;0.0;0.0;5002.0;-0.642578125
-2;15.0;4997.0;26.0;0.0;0.0;0.0;0.0;5004.0;26.0;0.0;0.0;0.0;0.0;5000.5;-5.8046875
-2;16.0;4997.0;27.0;0.0;0.0;0.0;0.0;5004.0;27.0;0.0;0.0;0.0;0.0;5000.5;-39.6953125
-2;17.0;4998.0;1.0;4997.0;23.0;0.0;0.0;5004.0;24.0;0.0;0.0;0.0;0.0;5001.0;-41.015625
-2;18.0;4997.0;28.0;0.0;0.0;0.0;0.0;5002.0;6.0;5004.0;28.0;0.0;0.0;4999.5;-41.3203125
-2;19.0;5003.0;1.0;4998.0;10.0;4997.0;24.0;5004.0;24.0;0.0;0.0;0.0;0.0;5003.5;-38.96875
-2;20.0;5002.0;1.0;4997.0;26.0;0.0;0.0;5004.0;26.0;0.0;0.0;0.0;0.0;5003.0;-30.109375
-2;21.0;5002.0;1.0;4997.0;31.0;0.0;0.0;5004.0;31.0;0.0;0.0;0.0;0.0;5003.0;-27.9375
-2;22.0;4997.0;22.0;0.0;0.0;0.0;0.0;5004.0;22.0;0.0;0.0;0.0;0.0;5000.5;-26.2734375
-2;23.0;4997.0;26.0;0.0;0.0;0.0;0.0;5003.0;1.0;5004.0;25.0;0.0;0.0;5000.0;-23.8359375
-2;24.0;4997.0;30.0;0.0;0.0;0.0;0.0;5004.0;30.0;0.0;0.0;0.0;0.0;5000.5;-35.171875
-2;25.0;4998.0;30.0;0.0;0.0;0.0;0.0;5005.0;30.0;0.0;0.0;0.0;0.0;5001.5;-43.9765625
-2;26.0;4997.0;21.0;0.0;0.0;0.0;0.0;5004.0;21.0;0.0;0.0;0.0;0.0;5000.5;-20.1953125
-2;27.0;4996.0;22.0;0.0;0.0;0.0;0.0;5003.0;22.0;0.0;0.0;0.0;0.0;4999.5;-3.6171875
-2;28.0;4996.0;27.0;0.0;0.0;0.0;0.0;5001.0;8.0;5002.0;1.0;5003.0;26.0;4998.5;-2.0703125
-2;29.0;4996.0;28.0;0.0;0.0;0.0;0.0;5003.0;28.0;0.0;0.0;0.0;0.0;4999.5;1.6484375
-2;30.0;4996.0;30.0;0.0;0.0;0.0;0.0;5003.0;30.0;0.0;0.0;0.0;0.0;4999.5;-0.203125
-2;31.0;4996.0;28.0;0.0;0.0;0.0;0.0;5002.0;2.0;5003.0;26.0;0.0;0.0;4999.0;-2.09375
-2;32.0;5002.0;1.0;4997.0;25.0;0.0;0.0;5003.0;2.0;5004.0;23.0;0.0;0.0;5002.5;-20.6328125
-2;33.0;4996.0;28.0;0.0;0.0;0.0;0.0;5003.0;28.0;0.0;0.0;0.0;0.0;4999.5;-10.8671875
-2;34.0;4996.0;20.0;0.0;0.0;0.0;0.0;5003.0;20.0;0.0;0.0;0.0;0.0;4999.5;-10.96875
-2;35.0;4997.0;23.0;0.0;0.0;0.0;0.0;5003.0;1.0;5004.0;22.0;0.0;0.0;5000.0;-38.1796875
-2;36.0;5003.0;1.0;4997.0;31.0;0.0;0.0;5004.0;31.0;0.0;0.0;0.0;0.0;5003.5;-44.59375
-2;37.0;4998.0;3.0;4997.0;26.0;0.0;0.0;5004.0;26.0;0.0;0.0;0.0;0.0;5001.0;-51.1796875
-2;38.0;4997.0;27.0;0.0;0.0;0.0;0.0;5004.0;27.0;0.0;0.0;0.0;0.0;5000.5;-46.0390625
-2;39.0;4996.0;27.0;0.0;0.0;0.0;0.0;5001.0;7.0;5003.0;27.0;0.0;0.0;4998.5;-29.609375
-2;40.0;5002.0;1.0;4997.0;1.0;4996.0;25.0;5003.0;26.0;0.0;0.0;0.0;0.0;5002.5;-31.2578125
-2;41.0;4998.0;3.0;4997.0;27.0;0.0;0.0;5004.0;27.0;0.0;0.0;0.0;0.0;5001.0;-30.328125
-2;42.0;4997.0;8.0;4996.0;28.0;0.0;0.0;5003.0;28.0;0.0;0.0;0.0;0.0;5000.0;-17.59375
-2;43.0;4997.0;5.0;4996.0;25.0;0.0;0.0;5002.0;2.0;5003.0;23.0;0.0;0.0;4999.5;-13.75
-2;44.0;4996.0;26.0;0.0;0.0;0.0;0.0;5003.0;26.0;0.0;0.0;0.0;0.0;4999.5;-12.953125
-2;45.0;4996.0;9.0;4995.0;28.0;0.0;0.0;5002.0;29.0;0.0;0.0;0.0;0.0;4999.0;-2.765625
-2;46.0;4996.0;2.0;4995.0;29.0;0.0;0.0;5002.0;30.0;0.0;0.0;0.0;0.0;4999.0;-1.6875
-2;47.0;4996.0;2.0;4995.0;29.0;0.0;0.0;5002.0;31.0;0.0;0.0;0.0;0.0;4999.0;-2.6875
-2;48.0;4996.0;1.0;4995.0;29.0;0.0;0.0;5000.0;3.0;5002.0;30.0;0.0;0.0;4998.0;-3.0625
-2;49.0;4995.0;26.0;0.0;0.0;0.0;0.0;5000.0;6.0;5002.0;26.0;0.0;0.0;4997.5;2.40625
-2;50.0;4996.0;2.0;4995.0;22.0;0.0;0.0;5002.0;24.0;0.0;0.0;0.0;0.0;4999.0;-3.953125
-2;51.0;4996.0;21.0;0.0;0.0;0.0;0.0;5001.0;1.0;5002.0;1.0;5003.0;20.0;4998.5;-13.515625
-2;52.0;4999.0;2.0;4996.0;31.0;0.0;0.0;5003.0;31.0;0.0;0.0;0.0;0.0;5001.0;-16.9375
-2;53.0;4996.0;27.0;0.0;0.0;0.0;0.0;5002.0;2.0;5003.0;25.0;0.0;0.0;4999.0;-8.125
-2;54.0;4996.0;23.0;0.0;0.0;0.0;0.0;5003.0;23.0;0.0;0.0;0.0;0.0;4999.5;-15.984375
-2;55.0;4996.0;30.0;0.0;0.0;0.0;0.0;5002.0;1.0;5003.0;29.0;0.0;0.0;4999.0;-10.5625
-2;56.0;4997.0;7.0;4996.0;30.0;0.0;0.0;5003.0;30.0;0.0;0.0;0.0;0.0;5000.0;-19.984375
-2;57.0;4996.0;32.0;0.0;0.0;0.0;0.0;5002.0;2.0;5003.0;30.0;0.0;0.0;4999.0;-8.4375
-2;58.0;4996.0;29.0;0.0;0.0;0.0;0.0;5001.0;1.0;5003.0;29.0;0.0;0.0;4998.5;-18.265625
-2;59.0;4996.0;28.0;0.0;0.0;0.0;0.0;5003.0;28.0;0.0;0.0;0.0;0.0;4999.5;-18.015625
-2;60.0;4996.0;3.0;4995.0;28.0;0.0;0.0;5002.0;29.0;0.0;0.0;0.0;0.0;4999.0;-4.5625
-2;61.0;4996.0;2.0;4995.0;21.0;0.0;0.0;5002.0;23.0;0.0;0.0;0.0;0.0;4999.0;-1.171875
-2;62.0;4996.0;1.0;4995.0;26.0;0.0;0.0;5002.0;27.0;0.0;0.0;0.0;0.0;4999.0;-1.71875
-2;63.0;4996.0;2.0;4995.0;23.0;0.0;0.0;5002.0;25.0;0.0;0.0;0.0;0.0;4999.0;-4.640625
-2;64.0;4995.0;26.0;0.0;0.0;0.0;0.0;5002.0;26.0;0.0;0.0;0.0;0.0;4998.5;5.953125
-2;65.0;4995.0;25.0;0.0;0.0;0.0;0.0;5002.0;26.0;0.0;0.0;0.0;0.0;4998.5;14.796875
-2;66.0;4995.0;22.0;0.0;0.0;0.0;0.0;5001.0;1.0;5002.0;21.0;0.0;0.0;4998.0;12.578125
-2;67.0;4995.0;1.0;4994.0;23.0;0.0;0.0;5001.0;25.0;0.0;0.0;0.0;0.0;4998.0;14.84375
-2;68.0;4996.0;3.0;4995.0;28.0;0.0;0.0;5001.0;1.0;5002.0;27.0;0.0;0.0;4998.5;12.140625
-2;69.0;4995.0;24.0;0.0;0.0;0.0;0.0;5002.0;24.0;0.0;0.0;0.0;0.0;4998.5;-1.328125
-2;70.0;4999.0;1.0;4994.0;28.0;0.0;0.0;5001.0;28.0;0.0;0.0;0.0;0.0;5000.0;20.34375
-2;71.0;4994.0;24.0;0.0;0.0;0.0;0.0;5001.0;24.0;0.0;0.0;0.0;0.0;4997.5;18.3125
-2;72.0;4995.0;26.0;0.0;0.0;0.0;0.0;5002.0;26.0;0.0;0.0;0.0;0.0;4998.5;2.25
-2;73.0;4995.0;27.0;0.0;0.0;0.0;0.0;5001.0;1.0;5002.0;26.0;0.0;0.0;4998.0;6.1875
-2;74.0;4994.0;27.0;0.0;0.0;0.0;0.0;5001.0;28.0;0.0;0.0;0.0;0.0;4997.5;14.015625
-2;75.0;4995.0;28.0;0.0;0.0;0.0;0.0;5000.0;3.0;5002.0;28.0;0.0;0.0;4997.5;1.703125
-2;76.0;4995.0;26.0;0.0;0.0;0.0;0.0;5002.0;26.0;0.0;0.0;0.0;0.0;4998.5;-0.046875
-2;77.0;4995.0;30.0;0.0;0.0;0.0;0.0;5002.0;30.0;0.0;0.0;0.0;0.0;4998.5;-12.875
-2;78.0;4995.0;26.0;0.0;0.0;0.0;0.0;4996.0;8.0;5000.0;1.0;5002.0;26.0;4995.5;-7.890625
-2;79.0;4995.0;1.0;4994.0;21.0;0.0;0.0;5001.0;22.0;0.0;0.0;0.0;0.0;4998.0;13.390625
-2;80.0;4995.0;1.0;4994.0;29.0;0.0;0.0;5001.0;30.0;0.0;0.0;0.0;0.0;4998.0;15.0
-2;81.0;4995.0;9.0;4994.0;24.0;0.0;0.0;5001.0;24.0;0.0;0.0;0.0;0.0;4998.0;21.40625
-2;82.0;4995.0;10.0;4994.0;20.0;0.0;0.0;5001.0;21.0;0.0;0.0;0.0;0.0;4998.0;10.3125
-2;83.0;4995.0;30.0;0.0;0.0;0.0;0.0;5000.0;9.0;5002.0;30.0;0.0;0.0;4997.5;9.53125
-2;84.0;4994.0;29.0;0.0;0.0;0.0;0.0;5001.0;29.0;0.0;0.0;0.0;0.0;4997.5;33.59375
-2;85.0;4994.0;6.0;4993.0;25.0;0.0;0.0;4995.0;3.0;5000.0;25.0;0.0;0.0;4994.5;51.234375
-2;86.0;4994.0;24.0;0.0;0.0;0.0;0.0;5001.0;24.0;0.0;0.0;0.0;0.0;4997.5;38.25
-2;87.0;4994.0;28.0;0.0;0.0;0.0;0.0;4999.0;10.0;5001.0;28.0;0.0;0.0;4996.5;28.25
-2;88.0;4994.0;24.0;0.0;0.0;0.0;0.0;4999.0;5.0;5001.0;24.0;0.0;0.0;4996.5;39.4375
-2;89.0;4999.0;1.0;4995.0;1.0;4994.0;20.0;5001.0;20.0;0.0;0.0;0.0;0.0;5000.0;42.9375
-2;90.0;4994.0;27.0;0.0;0.0;0.0;0.0;5001.0;27.0;0.0;0.0;0.0;0.0;4997.5;37.421875
-2;91.0;4994.0;31.0;0.0;0.0;0.0;0.0;5001.0;31.0;0.0;0.0;0.0;0.0;4997.5;29.8125
-2;92.0;4994.0;24.0;0.0;0.0;0.0;0.0;5001.0;24.0;0.0;0.0;0.0;0.0;4997.5;15.515625
-2;93.0;4995.0;28.0;0.0;0.0;0.0;0.0;5000.0;2.0;5002.0;28.0;0.0;0.0;4997.5;11.375
-2;94.0;4996.0;9.0;4995.0;28.0;0.0;0.0;5001.0;2.0;5002.0;26.0;0.0;0.0;4998.5;12.953125
-2;95.0;4995.0;2.0;4994.0;25.0;0.0;0.0;5001.0;27.0;0.0;0.0;0.0;0.0;4998.0;17.21875
-2;96.0;4995.0;25.0;0.0;0.0;0.0;0.0;5000.0;6.0;5002.0;25.0;0.0;0.0;4997.5;0.0
-2;97.0;4994.0;31.0;0.0;0.0;0.0;0.0;5001.0;31.0;0.0;0.0;0.0;0.0;4997.5;36.796875
-2;98.0;4994.0;30.0;0.0;0.0;0.0;0.0;5001.0;30.0;0.0;0.0;0.0;0.0;4997.5;39.078125
-2;99.0;4994.0;25.0;0.0;0.0;0.0;0.0;5001.0;25.0;0.0;0.0;0.0;0.0;4997.5;38.578125
-2;100.0;4994.0;2.0;4993.0;25.0;0.0;0.0;5000.0;27.0;0.0;0.0;0.0;0.0;4997.0;61.890625
-2;101.0;4994.0;1.0;4993.0;30.0;0.0;0.0;5000.0;31.0;0.0;0.0;0.0;0.0;4997.0;56.484375
-2;102.0;4993.0;25.0;0.0;0.0;0.0;0.0;5000.0;25.0;0.0;0.0;0.0;0.0;4996.5;67.15625
-2;103.0;4994.0;30.0;0.0;0.0;0.0;0.0;5000.0;1.0;5001.0;29.0;0.0;0.0;4997.0;53.09375
-2;104.0;4999.0;1.0;4994.0;23.0;0.0;0.0;5001.0;23.0;0.0;0.0;0.0;0.0;5000.0;52.15625
-2;105.0;4994.0;23.0;0.0;0.0;0.0;0.0;4999.0;3.0;5001.0;23.0;0.0;0.0;4996.5;41.0
-2;106.0;4999.0;5.0;4994.0;20.0;0.0;0.0;5001.0;20.0;0.0;0.0;0.0;0.0;5000.0;20.65625
-2;107.0;4995.0;1.0;4994.0;29.0;0.0;0.0;4999.0;8.0;5001.0;30.0;0.0;0.0;4997.0;19.671875
-2;108.0;4994.0;29.0;0.0;0.0;0.0;0.0;5001.0;29.0;0.0;0.0;0.0;0.0;4997.5;36.109375
-2;109.0;4994.0;2.0;4993.0;22.0;0.0;0.0;5000.0;24.0;0.0;0.0;0.0;0.0;4997.0;64.484375
-2;110.0;4994.0;22.0;0.0;0.0;0.0;0.0;5001.0;22.0;0.0;0.0;0.0;0.0;4997.5;31.71875
-2;111.0;4994.0;27.0;0.0;0.0;0.0;0.0;5001.0;27.0;0.0;0.0;0.0;0.0;4997.5;33.828125
-2;112.0;4994.0;29.0;0.0;0.0;0.0;0.0;5001.0;29.0;0.0;0.0;0.0;0.0;4997.5;46.75
-2;113.0;4994.0;21.0;0.0;0.0;0.0;0.0;5001.0;21.0;0.0;0.0;0.0;0.0;4997.5;51.28125
-2;114.0;4994.0;22.0;0.0;0.0;0.0;0.0;5001.0;23.0;0.0;0.0;0.0;0.0;4997.5;51.734375
-2;115.0;4994.0;30.0;0.0;0.0;0.0;0.0;4995.0;1.0;5001.0;30.0;0.0;0.0;4994.5;34.828125
-2;116.0;4995.0;4.0;4994.0;24.0;0.0;0.0;5001.0;24.0;0.0;0.0;0.0;0.0;4998.0;31.484375
-2;117.0;4994.0;30.0;0.0;0.0;0.0;0.0;4999.0;9.0;5001.0;30.0;0.0;0.0;4996.5;31.265625
-2;118.0;4994.0;23.0;0.0;0.0;0.0;0.0;5001.0;23.0;0.0;0.0;0.0;0.0;4997.5;45.796875
-2;119.0;4994.0;31.0;0.0;0.0;0.0;0.0;5001.0;31.0;0.0;0.0;0.0;0.0;4997.5;36.3125
-2;120.0;4994.0;23.0;0.0;0.0;0.0;0.0;5000.0;1.0;5001.0;22.0;0.0;0.0;4997.0;57.359375
-2;121.0;4994.0;30.0;0.0;0.0;0.0;0.0;5001.0;30.0;0.0;0.0;0.0;0.0;4997.5;43.859375
-2;122.0;4995.0;21.0;0.0;0.0;0.0;0.0;5002.0;21.0;0.0;0.0;0.0;0.0;4998.5;12.953125
-2;123.0;4994.0;23.0;0.0;0.0;0.0;0.0;5001.0;23.0;0.0;0.0;0.0;0.0;4997.5;43.96875
-2;124.0;4994.0;6.0;4993.0;28.0;0.0;0.0;5000.0;28.0;0.0;0.0;0.0;0.0;4997.0;94.09375
-2;125.0;4993.0;25.0;0.0;0.0;0.0;0.0;5000.0;25.0;0.0;0.0;0.0;0.0;4996.5;81.609375
-2;126.0;4994.0;29.0;0.0;0.0;0.0;0.0;4999.0;10.0;5001.0;29.0;0.0;0.0;4996.5;29.890625
-2;127.0;4994.0;27.0;0.0;0.0;0.0;0.0;5001.0;27.0;0.0;0.0;0.0;0.0;4997.5;50.265625
-2;128.0;4994.0;1.0;4993.0;22.0;0.0;0.0;5000.0;23.0;0.0;0.0;0.0;0.0;4997.0;75.71875
-2;129.0;4994.0;20.0;0.0;0.0;0.0;0.0;4999.0;10.0;5001.0;20.0;0.0;0.0;4996.5;63.78125
-2;130.0;4993.0;20.0;0.0;0.0;0.0;0.0;4998.0;7.0;5000.0;20.0;0.0;0.0;4995.5;47.96875
-2;131.0;4993.0;31.0;0.0;0.0;0.0;0.0;5000.0;31.0;0.0;0.0;0.0;0.0;4996.5;61.15625
-2;132.0;4994.0;10.0;4993.0;22.0;0.0;0.0;5000.0;22.0;0.0;0.0;0.0;0.0;4997.0;70.1875
-2;133.0;4993.0;23.0;0.0;0.0;0.0;0.0;4998.0;2.0;5000.0;23.0;0.0;0.0;4995.5;56.5
-2;134.0;4993.0;29.0;0.0;0.0;0.0;0.0;4998.0;6.0;5000.0;29.0;0.0;0.0;4995.5;67.03125
-2;135.0;4994.0;4.0;4993.0;28.0;0.0;0.0;5000.0;28.0;0.0;0.0;0.0;0.0;4997.0;59.875
-2;136.0;4994.0;4.0;4993.0;27.0;0.0;0.0;5000.0;27.0;0.0;0.0;0.0;0.0;4997.0;61.0625
-2;137.0;4993.0;24.0;0.0;0.0;0.0;0.0;5000.0;24.0;0.0;0.0;0.0;0.0;4996.5;83.3125
-2;138.0;4993.0;1.0;4992.0;20.0;0.0;0.0;4999.0;21.0;0.0;0.0;0.0;0.0;4996.0;91.78125
-2;139.0;4992.0;22.0;0.0;0.0;0.0;0.0;4999.0;22.0;0.0;0.0;0.0;0.0;4995.5;116.78125
-2;140.0;4992.0;21.0;0.0;0.0;0.0;0.0;4999.0;21.0;0.0;0.0;0.0;0.0;4995.5;116.65625
-2;141.0;4995.0;2.0;4992.0;25.0;0.0;0.0;4999.0;25.0;0.0;0.0;0.0;0.0;4997.0;139.90625
-2;142.0;4991.0;27.0;0.0;0.0;0.0;0.0;4998.0;27.0;0.0;0.0;0.0;0.0;4994.5;169.5625
-2;143.0;4992.0;25.0;0.0;0.0;0.0;0.0;4999.0;25.0;0.0;0.0;0.0;0.0;4995.5;130.1875
-2;144.0;4992.0;24.0;0.0;0.0;0.0;0.0;4999.0;25.0;0.0;0.0;0.0;0.0;4995.5;128.40625
-2;145.0;4992.0;20.0;0.0;0.0;0.0;0.0;4997.0;10.0;4999.0;20.0;0.0;0.0;4994.5;129.90625
-2;146.0;4992.0;31.0;0.0;0.0;0.0;0.0;4997.0;3.0;4999.0;31.0;0.0;0.0;4994.5;115.9375
-2;147.0;4992.0;21.0;0.0;0.0;0.0;0.0;4999.0;21.0;0.0;0.0;0.0;0.0;4995.5;127.5625
-2;148.0;4992.0;20.0;0.0;0.0;0.0;0.0;4999.0;20.0;0.0;0.0;0.0;0.0;4995.5;133.84375
-2;149.0;4992.0;30.0;0.0;0.0;0.0;0.0;4993.0;4.0;4997.0;7.0;4999.0;30.0;4992.5;122.25
-2;150.0;4992.0;29.0;0.0;0.0;0.0;0.0;4999.0;29.0;0.0;0.0;0.0;0.0;4995.5;114.53125
-2;151.0;4992.0;22.0;0.0;0.0;0.0;0.0;4998.0;2.0;4999.0;21.0;0.0;0.0;4995.0;143.4375
-2;152.0;4992.0;29.0;0.0;0.0;0.0;0.0;4999.0;29.0;0.0;0.0;0.0;0.0;4995.5;120.25
-2;153.0;4993.0;4.0;4992.0;28.0;0.0;0.0;4999.0;28.0;0.0;0.0;0.0;0.0;4996.0;136.75
-2;154.0;4992.0;8.0;4991.0;26.0;0.0;0.0;4998.0;26.0;0.0;0.0;0.0;0.0;4995.0;166.21875
-2;155.0;4991.0;22.0;0.0;0.0;0.0;0.0;4996.0;8.0;4998.0;22.0;0.0;0.0;4993.5;191.375
-2;156.0;4991.0;25.0;0.0;0.0;0.0;0.0;4996.0;9.0;4997.0;1.0;4998.0;24.0;4993.5;202.3125
-2;157.0;4992.0;8.0;4991.0;25.0;0.0;0.0;4998.0;25.0;0.0;0.0;0.0;0.0;4995.0;157.03125
-2;158.0;4991.0;31.0;0.0;0.0;0.0;0.0;4998.0;31.0;0.0;0.0;0.0;0.0;4994.5;189.84375
-2;159.0;4996.0;8.0;4991.0;21.0;0.0;0.0;4998.0;21.0;0.0;0.0;0.0;0.0;4997.0;188.59375
-2;160.0;4990.0;26.0;0.0;0.0;0.0;0.0;4997.0;26.0;0.0;0.0;0.0;0.0;4993.5;269.34375
-2;161.0;4991.0;4.0;4990.0;22.0;0.0;0.0;4997.0;22.0;0.0;0.0;0.0;0.0;4994.0;269.4375
-2;162.0;4996.0;1.0;4991.0;2.0;4990.0;25.0;4997.0;27.0;0.0;0.0;0.0;0.0;4996.5;240.875
-2;163.0;4991.0;1.0;4990.0;29.0;0.0;0.0;4995.0;10.0;4997.0;30.0;0.0;0.0;4993.0;248.46875
-2;164.0;4990.0;30.0;0.0;0.0;0.0;0.0;4992.0;4.0;4993.0;5.0;4995.0;9.0;4991.0;268.5625
-2;165.0;4990.0;29.0;0.0;0.0;0.0;0.0;4997.0;29.0;0.0;0.0;0.0;0.0;4993.5;261.25
-2;166.0;4991.0;1.0;4990.0;26.0;0.0;0.0;4995.0;9.0;4997.0;27.0;0.0;0.0;4993.0;239.03125
-2;167.0;4991.0;23.0;0.0;0.0;0.0;0.0;4994.0;3.0;4998.0;23.0;0.0;0.0;4992.5;229.0
-2;168.0;4992.0;24.0;0.0;0.0;0.0;0.0;4994.0;4.0;4998.0;24.0;0.0;0.0;4993.0;155.28125
-2;169.0;4992.0;21.0;0.0;0.0;0.0;0.0;4999.0;21.0;0.0;0.0;0.0;0.0;4995.5;143.1875
-2;170.0;4992.0;4.0;4991.0;25.0;0.0;0.0;4998.0;26.0;0.0;0.0;0.0;0.0;4995.0;174.71875
-2;171.0;4992.0;2.0;4991.0;27.0;0.0;0.0;4998.0;29.0;0.0;0.0;0.0;0.0;4995.0;179.8125
-2;172.0;4991.0;25.0;0.0;0.0;0.0;0.0;4998.0;25.0;0.0;0.0;0.0;0.0;4994.5;182.78125
-2;173.0;4991.0;30.0;0.0;0.0;0.0;0.0;4992.0;1.0;4998.0;30.0;0.0;0.0;4991.5;178.53125
-2;174.0;4994.0;4.0;4992.0;1.0;4991.0;24.0;4996.0;1.0;4998.0;25.0;0.0;0.0;4995.0;179.8125
-2;175.0;4992.0;6.0;4991.0;26.0;0.0;0.0;4998.0;26.0;0.0;0.0;0.0;0.0;4995.0;172.96875
-2;176.0;4991.0;22.0;0.0;0.0;0.0;0.0;4997.0;1.0;4998.0;21.0;0.0;0.0;4994.0;239.53125
-2;177.0;4991.0;31.0;0.0;0.0;0.0;0.0;4998.0;31.0;0.0;0.0;0.0;0.0;4994.5;206.59375
-2;178.0;4991.0;28.0;0.0;0.0;0.0;0.0;4998.0;28.0;0.0;0.0;0.0;0.0;4994.5;229.5625
-2;179.0;4995.0;5.0;4991.0;1.0;4990.0;29.0;4997.0;30.0;0.0;0.0;0.0;0.0;4996.0;276.34375
-2;180.0;4991.0;22.0;0.0;0.0;0.0;0.0;4997.0;2.0;4998.0;20.0;0.0;0.0;4994.0;255.625
-2;181.0;4991.0;30.0;0.0;0.0;0.0;0.0;4998.0;30.0;0.0;0.0;0.0;0.0;4994.5;200.6875
-2;182.0;4991.0;26.0;0.0;0.0;0.0;0.0;4998.0;27.0;0.0;0.0;0.0;0.0;4994.5;177.3125
-2;183.0;4992.0;4.0;4991.0;28.0;0.0;0.0;4994.0;5.0;4998.0;29.0;0.0;0.0;4993.0;170.625
-2;184.0;4992.0;9.0;4991.0;27.0;0.0;0.0;4998.0;27.0;0.0;0.0;0.0;0.0;4995.0;207.5625
-2;185.0;4992.0;21.0;0.0;0.0;0.0;0.0;4997.0;6.0;4999.0;21.0;0.0;0.0;4994.5;85.5625
-2;186.0;4992.0;26.0;0.0;0.0;0.0;0.0;4999.0;26.0;0.0;0.0;0.0;0.0;4995.5;46.0625
-2;187.0;4992.0;31.0;0.0;0.0;0.0;0.0;4993.0;1.0;4997.0;10.0;4999.0;31.0;4992.5;97.375
-2;188.0;4992.0;32.0;0.0;0.0;0.0;0.0;4997.0;8.0;4998.0;2.0;4999.0;30.0;4994.5;130.3125
-2;189.0;4992.0;26.0;0.0;0.0;0.0;0.0;4997.0;6.0;4998.0;2.0;4999.0;24.0;4994.5;126.4375
-2;190.0;4992.0;6.0;4991.0;25.0;0.0;0.0;4998.0;25.0;0.0;0.0;0.0;0.0;4995.0;197.0625
-2;191.0;4991.0;24.0;0.0;0.0;0.0;0.0;4996.0;9.0;4998.0;24.0;0.0;0.0;4993.5;189.5
-2;192.0;4991.0;24.0;0.0;0.0;0.0;0.0;4996.0;8.0;4998.0;24.0;0.0;0.0;4993.5;210.4375
-2;193.0;4992.0;23.0;0.0;0.0;0.0;0.0;4998.0;24.0;0.0;0.0;0.0;0.0;4995.0;151.875
-2;194.0;4993.0;4.0;4992.0;31.0;0.0;0.0;4999.0;31.0;0.0;0.0;0.0;0.0;4996.0;108.0
-2;195.0;4992.0;1.0;4991.0;23.0;0.0;0.0;4998.0;23.0;0.0;0.0;0.0;0.0;4995.0;228.8125
-2;196.0;4992.0;5.0;4991.0;31.0;0.0;0.0;4998.0;31.0;0.0;0.0;0.0;0.0;4995.0;227.0
-2;197.0;4995.0;1.0;4990.0;22.0;0.0;0.0;4997.0;22.0;0.0;0.0;0.0;0.0;4996.0;301.75
-2;198.0;4991.0;26.0;0.0;0.0;0.0;0.0;4997.0;1.0;4998.0;25.0;0.0;0.0;4994.0;251.5
-2;199.0;4991.0;23.0;0.0;0.0;0.0;0.0;4998.0;23.0;0.0;0.0;0.0;0.0;4994.5;243.8125
-2;200.0;4994.0;2.0;4991.0;26.0;0.0;0.0;4998.0;26.0;0.0;0.0;0.0;0.0;4996.0;218.3125
-2;201.0;4990.0;28.0;0.0;0.0;0.0;0.0;4997.0;28.0;0.0;0.0;0.0;0.0;4993.5;268.0
-2;202.0;4991.0;30.0;0.0;0.0;0.0;0.0;4998.0;30.0;0.0;0.0;0.0;0.0;4994.5;183.0
-2;203.0;4992.0;28.0;0.0;0.0;0.0;0.0;4999.0;28.0;0.0;0.0;0.0;0.0;4995.5;89.0625
-2;204.0;4997.0;1.0;4996.0;5.0;4992.0;25.0;4998.0;1.0;4999.0;24.0;0.0;0.0;4997.5;138.6875
-2;205.0;4992.0;25.0;0.0;0.0;0.0;0.0;4999.0;25.0;0.0;0.0;0.0;0.0;4995.5;143.6875
-2;206.0;4992.0;1.0;4991.0;24.0;0.0;0.0;4998.0;25.0;0.0;0.0;0.0;0.0;4995.0;172.4375
-2;207.0;4991.0;21.0;0.0;0.0;0.0;0.0;4998.0;21.0;0.0;0.0;0.0;0.0;4994.5;173.75
-2;208.0;4991.0;23.0;0.0;0.0;0.0;0.0;4998.0;23.0;0.0;0.0;0.0;0.0;4994.5;239.875
-2;209.0;4992.0;23.0;0.0;0.0;0.0;0.0;4998.0;2.0;4999.0;21.0;0.0;0.0;4995.0;142.625
-2;210.0;4992.0;2.0;4991.0;28.0;0.0;0.0;4998.0;30.0;0.0;0.0;0.0;0.0;4995.0;193.3125
-2;211.0;4991.0;29.0;0.0;0.0;0.0;0.0;4998.0;29.0;0.0;0.0;0.0;0.0;4994.5;212.125
-2;212.0;4992.0;1.0;4991.0;22.0;0.0;0.0;4998.0;23.0;0.0;0.0;0.0;0.0;4995.0;185.9375
-2;213.0;4991.0;28.0;0.0;0.0;0.0;0.0;4998.0;28.0;0.0;0.0;0.0;0.0;4994.5;220.0
-2;214.0;4991.0;29.0;0.0;0.0;0.0;0.0;4996.0;5.0;4998.0;29.0;0.0;0.0;4993.5;232.6875
-2;215.0;4996.0;1.0;4991.0;23.0;0.0;0.0;4998.0;23.0;0.0;0.0;0.0;0.0;4997.0;264.125
-2;216.0;4991.0;26.0;0.0;0.0;0.0;0.0;4996.0;5.0;4997.0;1.0;4998.0;25.0;4993.5;271.25
-2;217.0;4995.0;8.0;4993.0;3.0;4990.0;23.0;4997.0;23.0;0.0;0.0;0.0;0.0;4996.0;333.375
-2;218.0;4990.0;22.0;0.0;0.0;0.0;0.0;4997.0;22.0;0.0;0.0;0.0;0.0;4993.5;356.625
-2;219.0;4996.0;1.0;4990.0;27.0;0.0;0.0;4997.0;27.0;0.0;0.0;0.0;0.0;4996.5;367.6875
-2;220.0;4991.0;3.0;4990.0;21.0;0.0;0.0;4997.0;21.0;0.0;0.0;0.0;0.0;4994.0;385.4375
-2;221.0;4991.0;1.0;4990.0;24.0;0.0;0.0;4997.0;24.0;0.0;0.0;0.0;0.0;4994.0;382.5625
-2;222.0;4990.0;26.0;0.0;0.0;0.0;0.0;4997.0;26.0;0.0;0.0;0.0;0.0;4993.5;398.1875
-2;223.0;4990.0;27.0;0.0;0.0;0.0;0.0;4995.0;1.0;4997.0;27.0;0.0;0.0;4992.5;358.4375
-2;224.0;4990.0;26.0;0.0;0.0;0.0;0.0;4997.0;27.0;0.0;0.0;0.0;0.0;4993.5;372.1875
-2;225.0;4995.0;1.0;4990.0;29.0;0.0;0.0;4997.0;29.0;0.0;0.0;0.0;0.0;4996.0;379.5625
-2;226.0;4990.0;30.0;0.0;0.0;0.0;0.0;4996.0;1.0;4997.0;29.0;0.0;0.0;4993.0;415.0625
-2;227.0;4989.0;22.0;0.0;0.0;0.0;0.0;4996.0;22.0;0.0;0.0;0.0;0.0;4992.5;443.3125
-2;228.0;4989.0;27.0;0.0;0.0;0.0;0.0;4990.0;1.0;4996.0;27.0;0.0;0.0;4989.5;510.8125
-2;229.0;4989.0;22.0;0.0;0.0;0.0;0.0;4996.0;22.0;0.0;0.0;0.0;0.0;4992.5;483.25
-2;230.0;4989.0;22.0;0.0;0.0;0.0;0.0;4995.0;1.0;4996.0;21.0;0.0;0.0;4992.0;544.25
-2;231.0;4989.0;2.0;4988.0;24.0;0.0;0.0;4990.0;4.0;4995.0;26.0;0.0;0.0;4989.5;584.125
-2;232.0;4989.0;22.0;0.0;0.0;0.0;0.0;4995.0;1.0;4996.0;21.0;0.0;0.0;4992.0;563.0625
-2;233.0;4989.0;29.0;0.0;0.0;0.0;0.0;4995.0;1.0;4996.0;28.0;0.0;0.0;4992.0;541.5625
-2;234.0;4989.0;22.0;0.0;0.0;0.0;0.0;4994.0;4.0;4995.0;2.0;4996.0;20.0;4991.5;563.1875
-2;235.0;4991.0;1.0;4988.0;21.0;0.0;0.0;4995.0;21.0;0.0;0.0;0.0;0.0;4993.0;671.6875
-2;236.0;4988.0;22.0;0.0;0.0;0.0;0.0;4995.0;22.0;0.0;0.0;0.0;0.0;4991.5;649.1875
-2;237.0;4988.0;23.0;0.0;0.0;0.0;0.0;4993.0;3.0;4995.0;23.0;0.0;0.0;4990.5;635.4375
-2;238.0;4988.0;1.0;4987.0;26.0;0.0;0.0;4994.0;27.0;0.0;0.0;0.0;0.0;4991.0;711.375
-2;239.0;4988.0;29.0;0.0;0.0;0.0;0.0;4994.0;2.0;4995.0;27.0;0.0;0.0;4991.0;670.0625
-2;240.0;4987.0;23.0;0.0;0.0;0.0;0.0;4994.0;23.0;0.0;0.0;0.0;0.0;4990.5;707.8125
-2;241.0;4987.0;26.0;0.0;0.0;0.0;0.0;4988.0;9.0;4989.0;2.0;4994.0;26.0;4987.5;768.375
-2;242.0;4987.0;31.0;0.0;0.0;0.0;0.0;4992.0;7.0;4994.0;31.0;0.0;0.0;4989.5;763.375
-2;243.0;4987.0;32.0;0.0;0.0;0.0;0.0;4994.0;32.0;0.0;0.0;0.0;0.0;4990.5;773.0625
-2;244.0;4990.0;6.0;4987.0;29.0;0.0;0.0;4994.0;29.0;0.0;0.0;0.0;0.0;4992.0;762.3125
-2;245.0;4987.0;1.0;4986.0;28.0;0.0;0.0;4993.0;29.0;0.0;0.0;0.0;0.0;4990.0;848.5625
-2;246.0;4993.0;1.0;4988.0;8.0;4987.0;22.0;4994.0;22.0;0.0;0.0;0.0;0.0;4993.5;751.4375
-2;247.0;4987.0;30.0;0.0;0.0;0.0;0.0;4994.0;30.0;0.0;0.0;0.0;0.0;4990.5;786.5
-2;248.0;4986.0;27.0;0.0;0.0;0.0;0.0;4993.0;27.0;0.0;0.0;0.0;0.0;4989.5;937.5
-2;249.0;4987.0;23.0;0.0;0.0;0.0;0.0;4993.0;2.0;4994.0;21.0;0.0;0.0;4990.0;900.1875
-2;250.0;4987.0;2.0;4986.0;26.0;0.0;0.0;4991.0;9.0;4993.0;28.0;0.0;0.0;4989.0;921.75
-2;251.0;4988.0;8.0;4987.0;24.0;0.0;0.0;4993.0;24.0;0.0;0.0;0.0;0.0;4990.5;902.25
-2;252.0;4992.0;1.0;4986.0;24.0;0.0;0.0;4993.0;24.0;0.0;0.0;0.0;0.0;4992.5;922.875
-2;253.0;4987.0;1.0;4986.0;25.0;0.0;0.0;4993.0;26.0;0.0;0.0;0.0;0.0;4990.0;928.75
-2;254.0;4986.0;23.0;0.0;0.0;0.0;0.0;4993.0;23.0;0.0;0.0;0.0;0.0;4989.5;913.9375
-2;255.0;4986.0;22.0;0.0;0.0;0.0;0.0;4993.0;22.0;0.0;0.0;0.0;0.0;4989.5;959.4375
-2;256.0;4987.0;2.0;4986.0;29.0;0.0;0.0;4991.0;1.0;4993.0;31.0;0.0;0.0;4989.0;918.3125
-2;257.0;4986.0;31.0;0.0;0.0;0.0;0.0;4993.0;31.0;0.0;0.0;0.0;0.0;4989.5;947.0625
-2;258.0;4986.0;30.0;0.0;0.0;0.0;0.0;4991.0;8.0;4993.0;30.0;0.0;0.0;4988.5;1007.25
-2;259.0;4986.0;24.0;0.0;0.0;0.0;0.0;4993.0;24.0;0.0;0.0;0.0;0.0;4989.5;1002.625
-2;260.0;4986.0;25.0;0.0;0.0;0.0;0.0;4991.0;6.0;4993.0;25.0;0.0;0.0;4988.5;975.4375
-2;261.0;4986.0;26.0;0.0;0.0;0.0;0.0;4993.0;26.0;0.0;0.0;0.0;0.0;4989.5;989.625
-2;262.0;4986.0;23.0;0.0;0.0;0.0;0.0;4992.0;2.0;4993.0;21.0;0.0;0.0;4989.0;1042.9375
-2;263.0;4991.0;1.0;4986.0;30.0;0.0;0.0;4993.0;30.0;0.0;0.0;0.0;0.0;4992.0;1004.875
-2;264.0;4986.0;2.0;4985.0;28.0;0.0;0.0;4992.0;28.0;0.0;0.0;0.0;0.0;4989.0;1110.75
-2;265.0;4985.0;23.0;0.0;0.0;0.0;0.0;4992.0;24.0;0.0;0.0;0.0;0.0;4988.5;1171.4375
-2;266.0;4986.0;1.0;4985.0;26.0;0.0;0.0;4992.0;26.0;0.0;0.0;0.0;0.0;4989.0;1169.1875
-2;267.0;4985.0;1.0;4984.0;22.0;0.0;0.0;4991.0;23.0;0.0;0.0;0.0;0.0;4988.0;1254.1875
-2;268.0;4990.0;1.0;4985.0;1.0;4984.0;22.0;4991.0;23.0;0.0;0.0;0.0;0.0;4990.5;1301.0625
-2;269.0;4990.0;1.0;4984.0;22.0;0.0;0.0;4991.0;22.0;0.0;0.0;0.0;0.0;4990.5;1307.1875
-2;270.0;4985.0;26.0;0.0;0.0;0.0;0.0;4992.0;26.0;0.0;0.0;0.0;0.0;4988.5;1245.625
-2;271.0;4984.0;21.0;0.0;0.0;0.0;0.0;4991.0;21.0;0.0;0.0;0.0;0.0;4987.5;1308.625
-2;272.0;4984.0;30.0;0.0;0.0;0.0;0.0;4991.0;30.0;0.0;0.0;0.0;0.0;4987.5;1351.75
-2;273.0;4984.0;28.0;0.0;0.0;0.0;0.0;4985.0;1.0;4991.0;28.0;0.0;0.0;4984.5;1329.0
-2;274.0;4984.0;9.0;4983.0;30.0;0.0;0.0;4990.0;30.0;0.0;0.0;0.0;0.0;4987.0;1496.4375
-2;275.0;4985.0;1.0;4984.0;23.0;0.0;0.0;4991.0;23.0;0.0;0.0;0.0;0.0;4988.0;1282.25
-2;276.0;4984.0;28.0;0.0;0.0;0.0;0.0;4991.0;28.0;0.0;0.0;0.0;0.0;4987.5;1330.6875
-2;277.0;4984.0;30.0;0.0;0.0;0.0;0.0;4991.0;30.0;0.0;0.0;0.0;0.0;4987.5;1381.3125
-2;278.0;4984.0;27.0;0.0;0.0;0.0;0.0;4991.0;27.0;0.0;0.0;0.0;0.0;4987.5;1321.875
-2;279.0;4984.0;24.0;0.0;0.0;0.0;0.0;4991.0;24.0;0.0;0.0;0.0;0.0;4987.5;1324.75
-2;280.0;4984.0;7.0;4983.0;22.0;0.0;0.0;4990.0;23.0;0.0;0.0;0.0;0.0;4987.0;1447.9375
-2;281.0;4984.0;29.0;0.0;0.0;0.0;0.0;4991.0;29.0;0.0;0.0;0.0;0.0;4987.5;1404.75
-2;282.0;4985.0;3.0;4984.0;24.0;0.0;0.0;4991.0;24.0;0.0;0.0;0.0;0.0;4988.0;1349.1875
-2;283.0;4984.0;25.0;0.0;0.0;0.0;0.0;4991.0;25.0;0.0;0.0;0.0;0.0;4987.5;1380.6875
-2;284.0;4984.0;27.0;0.0;0.0;0.0;0.0;4985.0;15.0;4989.0;6.0;4991.0;27.0;4984.5;1400.375
-2;285.0;4984.0;25.0;0.0;0.0;0.0;0.0;4991.0;25.0;0.0;0.0;0.0;0.0;4987.5;1330.625
-2;286.0;4984.0;27.0;0.0;0.0;0.0;0.0;4985.0;3.0;4990.0;2.0;4991.0;25.0;4984.5;1399.375
-2;287.0;4984.0;26.0;0.0;0.0;0.0;0.0;4989.0;2.0;4990.0;2.0;4991.0;24.0;4986.5;1359.75
-2;288.0;4985.0;6.0;4984.0;32.0;0.0;0.0;4991.0;32.0;0.0;0.0;0.0;0.0;4988.0;1349.6875
-2;289.0;4989.0;1.0;4984.0;29.0;0.0;0.0;4990.0;2.0;4991.0;27.0;0.0;0.0;4989.5;1402.4375
-2;290.0;4984.0;8.0;4983.0;22.0;0.0;0.0;4990.0;22.0;0.0;0.0;0.0;0.0;4987.0;1511.0625
-2;291.0;4983.0;26.0;0.0;0.0;0.0;0.0;4990.0;26.0;0.0;0.0;0.0;0.0;4986.5;1528.75
-2;292.0;4983.0;22.0;0.0;0.0;0.0;0.0;4988.0;3.0;4989.0;1.0;4990.0;21.0;4985.5;1597.125
-2;293.0;4983.0;30.0;0.0;0.0;0.0;0.0;4988.0;5.0;4990.0;30.0;0.0;0.0;4985.5;1519.3125
-2;294.0;4983.0;23.0;0.0;0.0;0.0;0.0;4990.0;23.0;0.0;0.0;0.0;0.0;4986.5;1508.1875
-2;295.0;4983.0;25.0;0.0;0.0;0.0;0.0;4990.0;25.0;0.0;0.0;0.0;0.0;4986.5;1447.4375
-2;296.0;4984.0;5.0;4983.0;29.0;0.0;0.0;4990.0;31.0;0.0;0.0;0.0;0.0;4987.0;1443.5
-2;297.0;4984.0;2.0;4983.0;22.0;0.0;0.0;4990.0;24.0;0.0;0.0;0.0;0.0;4987.0;1422.875
-2;298.0;4983.0;30.0;0.0;0.0;0.0;0.0;4990.0;30.0;0.0;0.0;0.0;0.0;4986.5;1484.6875
-2;299.0;4984.0;2.0;4983.0;20.0;0.0;0.0;4990.0;22.0;0.0;0.0;0.0;0.0;4987.0;1432.25
-2;300.0;4990.0;1.0;4989.0;5.0;4984.0;29.0;4991.0;29.0;0.0;0.0;0.0;0.0;4990.5;1292.0
-2;301.0;4984.0;28.0;0.0;0.0;0.0;0.0;4991.0;28.0;0.0;0.0;0.0;0.0;4987.5;1326.625
-2;302.0;4984.0;21.0;0.0;0.0;0.0;0.0;4989.0;5.0;4991.0;21.0;0.0;0.0;4986.5;1374.8125
-2;303.0;4984.0;28.0;0.0;0.0;0.0;0.0;4990.0;1.0;4991.0;27.0;0.0;0.0;4987.0;1387.75
-2;304.0;4984.0;30.0;0.0;0.0;0.0;0.0;4988.0;6.0;4990.0;30.0;0.0;0.0;4986.0;1428.875
-2;305.0;4983.0;30.0;0.0;0.0;0.0;0.0;4984.0;1.0;4990.0;30.0;0.0;0.0;4983.5;1486.25
-2;306.0;4983.0;20.0;0.0;0.0;0.0;0.0;4988.0;8.0;4990.0;20.0;0.0;0.0;4985.5;1472.375
-2;307.0;4983.0;30.0;0.0;0.0;0.0;0.0;4988.0;2.0;4990.0;30.0;0.0;0.0;4985.5;1496.3125
-2;308.0;4984.0;25.0;0.0;0.0;0.0;0.0;4990.0;1.0;4991.0;24.0;0.0;0.0;4987.0;1378.75
-2;309.0;4985.0;2.0;4984.0;30.0;0.0;0.0;4990.0;1.0;4991.0;29.0;0.0;0.0;4987.5;1378.9375
-2;310.0;4985.0;8.0;4984.0;29.0;0.0;0.0;4991.0;29.0;0.0;0.0;0.0;0.0;4988.0;1349.1875
-2;311.0;4984.0;30.0;0.0;0.0;0.0;0.0;4991.0;30.0;0.0;0.0;0.0;0.0;4987.5;1271.0
-2;312.0;4984.0;25.0;0.0;0.0;0.0;0.0;4991.0;25.0;0.0;0.0;0.0;0.0;4987.5;1292.3125
-2;313.0;4985.0;25.0;0.0;0.0;0.0;0.0;4991.0;2.0;4992.0;24.0;0.0;0.0;4988.0;1170.5
-2;314.0;4985.0;1.0;4984.0;22.0;0.0;0.0;4989.0;9.0;4991.0;23.0;0.0;0.0;4987.0;1225.375
-2;315.0;4985.0;7.0;4984.0;26.0;0.0;0.0;4991.0;26.0;0.0;0.0;0.0;0.0;4988.0;1292.9375
-2;316.0;4984.0;32.0;0.0;0.0;0.0;0.0;4989.0;7.0;4991.0;32.0;0.0;0.0;4986.5;1323.6875
-2;317.0;4984.0;24.0;0.0;0.0;0.0;0.0;4991.0;24.0;0.0;0.0;0.0;0.0;4987.5;1333.4375
-2;318.0;4989.0;1.0;4984.0;1.0;4983.0;25.0;4990.0;26.0;0.0;0.0;0.0;0.0;4989.5;1450.5
-2;319.0;4984.0;2.0;4983.0;23.0;0.0;0.0;4990.0;25.0;0.0;0.0;0.0;0.0;4987.0;1453.625
-2;320.0;4983.0;30.0;0.0;0.0;0.0;0.0;4989.0;1.0;4990.0;29.0;0.0;0.0;4986.0;1592.9375
-2;321.0;4983.0;22.0;0.0;0.0;0.0;0.0;4984.0;1.0;4988.0;4.0;4990.0;22.0;4983.5;1476.875
-2;322.0;4983.0;23.0;0.0;0.0;0.0;0.0;4984.0;1.0;4988.0;9.0;4990.0;23.0;4983.5;1483.875
-2;323.0;4983.0;31.0;0.0;0.0;0.0;0.0;4990.0;31.0;0.0;0.0;0.0;0.0;4986.5;1537.5625
-2;324.0;4988.0;1.0;4983.0;22.0;0.0;0.0;4989.0;2.0;4990.0;20.0;0.0;0.0;4988.5;1613.5625
-2;325.0;4982.0;30.0;0.0;0.0;0.0;0.0;4989.0;30.0;0.0;0.0;0.0;0.0;4985.5;1645.75
-2;326.0;4983.0;2.0;4982.0;20.0;0.0;0.0;4989.0;22.0;0.0;0.0;0.0;0.0;4986.0;1664.5
-2;327.0;4982.0;23.0;0.0;0.0;0.0;0.0;4987.0;2.0;4989.0;23.0;0.0;0.0;4984.5;1751.875
-2;328.0;4987.0;1.0;4982.0;31.0;0.0;0.0;4988.0;2.0;4989.0;29.0;0.0;0.0;4987.5;1828.8125
-2;329.0;4982.0;2.0;4981.0;24.0;0.0;0.0;4986.0;2.0;4988.0;26.0;0.0;0.0;4984.0;1846.625
-2;330.0;4982.0;2.0;4981.0;30.0;0.0;0.0;4986.0;3.0;4988.0;32.0;0.0;0.0;4984.0;1884.875
-2;331.0;4982.0;26.0;0.0;0.0;0.0;0.0;4987.0;3.0;4989.0;26.0;0.0;0.0;4984.5;1805.625
-2;332.0;4982.0;27.0;0.0;0.0;0.0;0.0;4987.0;5.0;4989.0;27.0;0.0;0.0;4984.5;1709.375
-2;333.0;4983.0;8.0;4982.0;21.0;0.0;0.0;4989.0;21.0;0.0;0.0;0.0;0.0;4986.0;1723.75
-2;334.0;4988.0;1.0;4983.0;2.0;4982.0;24.0;4989.0;26.0;0.0;0.0;0.0;0.0;4988.5;1681.25
-2;335.0;4985.0;6.0;4982.0;30.0;0.0;0.0;4987.0;3.0;4989.0;30.0;0.0;0.0;4986.0;1804.5
-2;336.0;4982.0;28.0;0.0;0.0;0.0;0.0;4987.0;8.0;4989.0;28.0;0.0;0.0;4984.5;1747.0
-2;337.0;4982.0;26.0;0.0;0.0;0.0;0.0;4989.0;26.0;0.0;0.0;0.0;0.0;4985.5;1750.0
-2;338.0;4983.0;5.0;4982.0;25.0;0.0;0.0;4989.0;25.0;0.0;0.0;0.0;0.0;4986.0;1706.25
-2;339.0;4983.0;20.0;0.0;0.0;0.0;0.0;4990.0;20.0;0.0;0.0;0.0;0.0;4986.5;1561.5
-2;340.0;4987.0;1.0;4983.0;6.0;4982.0;21.0;4989.0;21.0;0.0;0.0;0.0;0.0;4988.0;1763.375
-2;341.0;4988.0;1.0;4983.0;1.0;4982.0;26.0;4989.0;26.0;0.0;0.0;0.0;0.0;4988.5;1741.25
-2;342.0;4982.0;23.0;0.0;0.0;0.0;0.0;4989.0;23.0;0.0;0.0;0.0;0.0;4985.5;1845.125
-2;343.0;4983.0;7.0;4982.0;23.0;0.0;0.0;4989.0;23.0;0.0;0.0;0.0;0.0;4986.0;1790.75
-2;344.0;4982.0;2.0;4981.0;27.0;0.0;0.0;4988.0;29.0;0.0;0.0;0.0;0.0;4985.0;1912.0
-2;345.0;4981.0;31.0;0.0;0.0;0.0;0.0;4988.0;31.0;0.0;0.0;0.0;0.0;4984.5;1957.875
-2;346.0;4981.0;25.0;0.0;0.0;0.0;0.0;4986.0;5.0;4988.0;25.0;0.0;0.0;4983.5;1939.25
-2;347.0;4984.0;6.0;4981.0;28.0;0.0;0.0;4986.0;3.0;4988.0;28.0;0.0;0.0;4985.0;1883.0
-2;348.0;4982.0;2.0;4981.0;29.0;0.0;0.0;4988.0;31.0;0.0;0.0;0.0;0.0;4985.0;1876.375
-2;349.0;4981.0;23.0;0.0;0.0;0.0;0.0;4988.0;23.0;0.0;0.0;0.0;0.0;4984.5;1949.5
-2;350.0;4981.0;26.0;0.0;0.0;0.0;0.0;4988.0;27.0;0.0;0.0;0.0;0.0;4984.5;1997.25
-2;351.0;4982.0;10.0;4981.0;21.0;0.0;0.0;4988.0;21.0;0.0;0.0;0.0;0.0;4985.0;1915.625
-2;352.0;4982.0;5.0;4981.0;22.0;0.0;0.0;4988.0;24.0;0.0;0.0;0.0;0.0;4985.0;1916.375
-2;353.0;4981.0;26.0;0.0;0.0;0.0;0.0;4986.0;5.0;4988.0;26.0;0.0;0.0;4983.5;2072.375
-2;354.0;4981.0;20.0;0.0;0.0;0.0;0.0;4988.0;21.0;0.0;0.0;0.0;0.0;4984.5;1991.0
-2;355.0;4981.0;22.0;0.0;0.0;0.0;0.0;4986.0;2.0;4988.0;22.0;0.0;0.0;4983.5;1952.5
-2;356.0;4986.0;1.0;4982.0;1.0;4981.0;22.0;4988.0;23.0;0.0;0.0;0.0;0.0;4987.0;1871.5
-2;357.0;4981.0;27.0;0.0;0.0;0.0;0.0;4988.0;27.0;0.0;0.0;0.0;0.0;4984.5;1903.0
-2;358.0;4982.0;24.0;0.0;0.0;0.0;0.0;4988.0;1.0;4989.0;24.0;0.0;0.0;4985.0;1823.125
-2;359.0;4981.0;27.0;0.0;0.0;0.0;0.0;4982.0;1.0;4988.0;27.0;0.0;0.0;4981.5;1884.5
-2;360.0;4982.0;1.0;4981.0;22.0;0.0;0.0;4986.0;4.0;4988.0;23.0;0.0;0.0;4984.0;1828.25
-2;361.0;4984.0;6.0;4981.0;28.0;0.0;0.0;4988.0;28.0;0.0;0.0;0.0;0.0;4986.0;1876.875
-2;362.0;4982.0;29.0;0.0;0.0;0.0;0.0;4988.0;29.0;0.0;0.0;0.0;0.0;4985.0;1810.375
-2;363.0;4983.0;3.0;4982.0;30.0;0.0;0.0;4989.0;30.0;0.0;0.0;0.0;0.0;4986.0;1711.25
-2;364.0;4982.0;25.0;0.0;0.0;0.0;0.0;4989.0;25.0;0.0;0.0;0.0;0.0;4985.5;1784.125
-2;365.0;4982.0;31.0;0.0;0.0;0.0;0.0;4987.0;3.0;4988.0;1.0;4989.0;30.0;4984.5;1793.25
-2;366.0;4982.0;24.0;0.0;0.0;0.0;0.0;4989.0;24.0;0.0;0.0;0.0;0.0;4985.5;1789.625
-2;367.0;4982.0;29.0;0.0;0.0;0.0;0.0;4989.0;29.0;0.0;0.0;0.0;0.0;4985.5;1671.75
-2;368.0;4983.0;2.0;4982.0;30.0;0.0;0.0;4989.0;32.0;0.0;0.0;0.0;0.0;4986.0;1601.375
-2;369.0;4982.0;23.0;0.0;0.0;0.0;0.0;4989.0;24.0;0.0;0.0;0.0;0.0;4985.5;1719.25
-2;370.0;4982.0;23.0;0.0;0.0;0.0;0.0;4989.0;23.0;0.0;0.0;0.0;0.0;4985.5;1673.875
-2;371.0;4983.0;4.0;4982.0;26.0;0.0;0.0;4989.0;28.0;0.0;0.0;0.0;0.0;4986.0;1599.75
-2;372.0;4983.0;20.0;0.0;0.0;0.0;0.0;4985.0;5.0;4990.0;20.0;0.0;0.0;4984.0;1388.125
-2;373.0;4983.0;29.0;0.0;0.0;0.0;0.0;4989.0;2.0;4990.0;27.0;0.0;0.0;4986.0;1555.75
-2;374.0;4983.0;1.0;4982.0;21.0;0.0;0.0;4989.0;23.0;0.0;0.0;0.0;0.0;4986.0;1606.625
-2;375.0;4983.0;30.0;0.0;0.0;0.0;0.0;4984.0;2.0;4990.0;30.0;0.0;0.0;4983.5;1473.375
-2;376.0;4983.0;5.0;4982.0;22.0;0.0;0.0;4989.0;23.0;0.0;0.0;0.0;0.0;4986.0;1605.625
-2;377.0;4982.0;23.0;0.0;0.0;0.0;0.0;4989.0;23.0;0.0;0.0;0.0;0.0;4985.5;1726.875
-2;378.0;4982.0;21.0;0.0;0.0;0.0;0.0;4984.0;5.0;4989.0;21.0;0.0;0.0;4983.0;1674.875
-2;379.0;4983.0;11.0;4982.0;20.0;0.0;0.0;4989.0;22.0;0.0;0.0;0.0;0.0;4986.0;1572.375
-2;380.0;4982.0;24.0;0.0;0.0;0.0;0.0;4985.0;1.0;4989.0;24.0;0.0;0.0;4983.5;1640.125
-2;381.0;4983.0;2.0;4982.0;25.0;0.0;0.0;4989.0;25.0;0.0;0.0;0.0;0.0;4986.0;1585.75
-2;382.0;4983.0;1.0;4982.0;26.0;0.0;0.0;4989.0;27.0;0.0;0.0;0.0;0.0;4986.0;1574.125
-2;383.0;4983.0;22.0;0.0;0.0;0.0;0.0;4990.0;22.0;0.0;0.0;0.0;0.0;4986.5;1421.0
-2;384.0;4988.0;5.0;4983.0;22.0;0.0;0.0;4990.0;22.0;0.0;0.0;0.0;0.0;4989.0;1421.375
-2;385.0;4984.0;2.0;4983.0;24.0;0.0;0.0;4990.0;26.0;0.0;0.0;0.0;0.0;4987.0;1361.75
-2;386.0;4989.0;1.0;4984.0;2.0;4983.0;21.0;4990.0;21.0;0.0;0.0;0.0;0.0;4989.5;1457.75
-2;387.0;4983.0;29.0;0.0;0.0;0.0;0.0;4990.0;29.0;0.0;0.0;0.0;0.0;4986.5;1480.0
-2;388.0;4983.0;32.0;0.0;0.0;0.0;0.0;4984.0;11.0;4990.0;32.0;0.0;0.0;4983.5;1490.625
-2;389.0;4984.0;2.0;4983.0;22.0;0.0;0.0;4990.0;24.0;0.0;0.0;0.0;0.0;4987.0;1369.5
-2;390.0;4984.0;20.0;0.0;0.0;0.0;0.0;4989.0;8.0;4991.0;21.0;0.0;0.0;4986.5;1304.875
-2;391.0;4984.0;2.0;4983.0;28.0;0.0;0.0;4990.0;30.0;0.0;0.0;0.0;0.0;4987.0;1379.875
-2;392.0;4984.0;25.0;0.0;0.0;0.0;0.0;4989.0;5.0;4991.0;25.0;0.0;0.0;4986.5;1306.5
-2;393.0;4984.0;22.0;0.0;0.0;0.0;0.0;4991.0;22.0;0.0;0.0;0.0;0.0;4987.5;1223.875
-2;394.0;4984.0;29.0;0.0;0.0;0.0;0.0;4991.0;29.0;0.0;0.0;0.0;0.0;4987.5;1236.0
-2;395.0;4984.0;25.0;0.0;0.0;0.0;0.0;4990.0;2.0;4991.0;24.0;0.0;0.0;4987.0;1257.5
-2;396.0;4989.0;1.0;4984.0;31.0;0.0;0.0;4990.0;2.0;4991.0;29.0;0.0;0.0;4989.5;1278.75
-2;397.0;4987.0;5.0;4983.0;28.0;0.0;0.0;4990.0;28.0;0.0;0.0;0.0;0.0;4988.5;1465.375
-2;398.0;4983.0;23.0;0.0;0.0;0.0;0.0;4990.0;23.0;0.0;0.0;0.0;0.0;4986.5;1445.0
-2;399.0;4983.0;24.0;0.0;0.0;0.0;0.0;4990.0;24.0;0.0;0.0;0.0;0.0;4986.5;1419.75
-2;400.0;4983.0;23.0;0.0;0.0;0.0;0.0;4990.0;23.0;0.0;0.0;0.0;0.0;4986.5;1514.125
-2;401.0;4983.0;27.0;0.0;0.0;0.0;0.0;4990.0;27.0;0.0;0.0;0.0;0.0;4986.5;1433.5
-2;402.0;4983.0;27.0;0.0;0.0;0.0;0.0;4989.0;1.0;4990.0;26.0;0.0;0.0;4986.0;1583.25
-2;403.0;4983.0;2.0;4982.0;27.0;0.0;0.0;4989.0;29.0;0.0;0.0;0.0;0.0;4986.0;1643.5
-2;404.0;4983.0;9.0;4982.0;28.0;0.0;0.0;4989.0;28.0;0.0;0.0;0.0;0.0;4986.0;1695.5
-2;405.0;4983.0;30.0;0.0;0.0;0.0;0.0;4990.0;30.0;0.0;0.0;0.0;0.0;4986.5;1479.25
-2;406.0;4982.0;29.0;0.0;0.0;0.0;0.0;4983.0;6.0;4989.0;30.0;0.0;0.0;4982.5;1650.75
-2;407.0;4983.0;28.0;0.0;0.0;0.0;0.0;4990.0;29.0;0.0;0.0;0.0;0.0;4986.5;1586.5
-2;408.0;4983.0;24.0;0.0;0.0;0.0;0.0;4990.0;24.0;0.0;0.0;0.0;0.0;4986.5;1483.375
-2;409.0;4983.0;24.0;0.0;0.0;0.0;0.0;4990.0;24.0;0.0;0.0;0.0;0.0;4986.5;1442.125
-2;410.0;4984.0;23.0;0.0;0.0;0.0;0.0;4991.0;23.0;0.0;0.0;0.0;0.0;4987.5;1312.75
-2;411.0;4983.0;24.0;0.0;0.0;0.0;0.0;4990.0;24.0;0.0;0.0;0.0;0.0;4986.5;1423.0
-2;412.0;4982.0;26.0;0.0;0.0;0.0;0.0;4983.0;1.0;4989.0;26.0;0.0;0.0;4982.5;1673.25
-2;413.0;4983.0;25.0;0.0;0.0;0.0;0.0;4990.0;25.0;0.0;0.0;0.0;0.0;4986.5;1586.375
-2;414.0;4987.0;2.0;4982.0;30.0;0.0;0.0;4989.0;30.0;0.0;0.0;0.0;0.0;4988.0;1718.125
-2;415.0;4982.0;31.0;0.0;0.0;0.0;0.0;4989.0;31.0;0.0;0.0;0.0;0.0;4985.5;1754.375
-2;416.0;4982.0;2.0;4981.0;21.0;0.0;0.0;4988.0;23.0;0.0;0.0;0.0;0.0;4985.0;1884.25
-2;417.0;4982.0;23.0;0.0;0.0;0.0;0.0;4989.0;23.0;0.0;0.0;0.0;0.0;4985.5;1768.75
-2;418.0;4982.0;29.0;0.0;0.0;0.0;0.0;4989.0;29.0;0.0;0.0;0.0;0.0;4985.5;1670.0
-2;419.0;4983.0;9.0;4982.0;31.0;0.0;0.0;4989.0;31.0;0.0;0.0;0.0;0.0;4986.0;1749.75
-2;420.0;4982.0;30.0;0.0;0.0;0.0;0.0;4983.0;10.0;4987.0;4.0;4989.0;30.0;4982.5;1650.25
-2;421.0;4982.0;20.0;0.0;0.0;0.0;0.0;4989.0;20.0;0.0;0.0;0.0;0.0;4985.5;1637.0
-2;422.0;4983.0;1.0;4982.0;20.0;0.0;0.0;4987.0;6.0;4989.0;21.0;0.0;0.0;4985.0;1652.75
-2;423.0;4983.0;10.0;4982.0;20.0;0.0;0.0;4989.0;22.0;0.0;0.0;0.0;0.0;4986.0;1646.5
-2;424.0;4982.0;24.0;0.0;0.0;0.0;0.0;4987.0;8.0;4989.0;24.0;0.0;0.0;4984.5;1669.125
-2;425.0;4983.0;2.0;4982.0;25.0;0.0;0.0;4989.0;27.0;0.0;0.0;0.0;0.0;4986.0;1608.75
-2;426.0;4983.0;24.0;0.0;0.0;0.0;0.0;4988.0;8.0;4989.0;2.0;4990.0;22.0;4985.5;1573.75
-2;427.0;4982.0;24.0;0.0;0.0;0.0;0.0;4987.0;3.0;4989.0;24.0;0.0;0.0;4984.5;1613.5
-2;428.0;4983.0;24.0;0.0;0.0;0.0;0.0;4990.0;24.0;0.0;0.0;0.0;0.0;4986.5;1499.875
-2;429.0;4983.0;27.0;0.0;0.0;0.0;0.0;4989.0;2.0;4990.0;25.0;0.0;0.0;4986.0;1569.25
-2;430.0;4983.0;28.0;0.0;0.0;0.0;0.0;4988.0;4.0;4989.0;2.0;4990.0;26.0;4985.5;1537.125
-2;431.0;4983.0;21.0;0.0;0.0;0.0;0.0;4990.0;21.0;0.0;0.0;0.0;0.0;4986.5;1491.25
-2;432.0;4983.0;21.0;0.0;0.0;0.0;0.0;4990.0;21.0;0.0;0.0;0.0;0.0;4986.5;1323.375
-2;433.0;4984.0;1.0;4983.0;28.0;0.0;0.0;4990.0;29.0;0.0;0.0;0.0;0.0;4987.0;1387.5
-2;434.0;4984.0;25.0;0.0;0.0;0.0;0.0;4991.0;25.0;0.0;0.0;0.0;0.0;4987.5;1188.25
-2;435.0;4984.0;28.0;0.0;0.0;0.0;0.0;4991.0;28.0;0.0;0.0;0.0;0.0;4987.5;1168.25
-2;436.0;4984.0;23.0;0.0;0.0;0.0;0.0;4991.0;24.0;0.0;0.0;0.0;0.0;4987.5;1187.25
-2;437.0;4984.0;22.0;0.0;0.0;0.0;0.0;4989.0;8.0;4990.0;2.0;4991.0;20.0;4986.5;1264.75
-2;438.0;4989.0;1.0;4985.0;8.0;4984.0;30.0;4991.0;30.0;0.0;0.0;0.0;0.0;4990.0;1197.625
-2;439.0;4984.0;29.0;0.0;0.0;0.0;0.0;4991.0;29.0;0.0;0.0;0.0;0.0;4987.5;1192.25
-2;440.0;4984.0;6.0;4983.0;22.0;0.0;0.0;4990.0;24.0;0.0;0.0;0.0;0.0;4987.0;1316.25
-2;441.0;4983.0;30.0;0.0;0.0;0.0;0.0;4990.0;30.0;0.0;0.0;0.0;0.0;4986.5;1453.25
-2;442.0;4983.0;30.0;0.0;0.0;0.0;0.0;4990.0;30.0;0.0;0.0;0.0;0.0;4986.5;1518.0
-2;443.0;4983.0;27.0;0.0;0.0;0.0;0.0;4989.0;1.0;4990.0;26.0;0.0;0.0;4986.0;1596.75
-2;444.0;4984.0;6.0;4983.0;28.0;0.0;0.0;4990.0;28.0;0.0;0.0;0.0;0.0;4987.0;1470.375
-2;445.0;4985.0;3.0;4984.0;23.0;0.0;0.0;4990.0;2.0;4991.0;21.0;0.0;0.0;4987.5;1311.0
-2;446.0;4984.0;29.0;0.0;0.0;0.0;0.0;4991.0;29.0;0.0;0.0;0.0;0.0;4987.5;1210.5
-2;447.0;4984.0;26.0;0.0;0.0;0.0;0.0;4991.0;26.0;0.0;0.0;0.0;0.0;4987.5;1169.125
-2;448.0;4989.0;1.0;4985.0;4.0;4984.0;28.0;4991.0;28.0;0.0;0.0;0.0;0.0;4990.0;1219.25
-2;449.0;4984.0;24.0;0.0;0.0;0.0;0.0;4991.0;24.0;0.0;0.0;0.0;0.0;4987.5;1214.75
-2;450.0;4984.0;30.0;0.0;0.0;0.0;0.0;4991.0;30.0;0.0;0.0;0.0;0.0;4987.5;1111.875
-2;451.0;4985.0;25.0;0.0;0.0;0.0;0.0;4986.0;1.0;4992.0;25.0;0.0;0.0;4985.5;863.875
-2;452.0;4986.0;1.0;4985.0;25.0;0.0;0.0;4992.0;26.0;0.0;0.0;0.0;0.0;4989.0;757.875
-2;453.0;4985.0;24.0;0.0;0.0;0.0;0.0;4992.0;24.0;0.0;0.0;0.0;0.0;4988.5;788.0
-2;454.0;4986.0;1.0;4985.0;29.0;0.0;0.0;4992.0;30.0;0.0;0.0;0.0;0.0;4989.0;783.875
-2;455.0;4985.0;25.0;0.0;0.0;0.0;0.0;4992.0;25.0;0.0;0.0;0.0;0.0;4988.5;840.375
-2;456.0;4990.0;1.0;4985.0;29.0;0.0;0.0;4992.0;29.0;0.0;0.0;0.0;0.0;4991.0;932.125
-2;457.0;4985.0;27.0;0.0;0.0;0.0;0.0;4990.0;8.0;4992.0;27.0;0.0;0.0;4987.5;953.75
-2;458.0;4985.0;22.0;0.0;0.0;0.0;0.0;4992.0;22.0;0.0;0.0;0.0;0.0;4988.5;944.625
-2;459.0;4986.0;21.0;0.0;0.0;0.0;0.0;4987.0;1.0;4992.0;1.0;4993.0;20.0;4986.5;724.5
-2;460.0;4991.0;4.0;4986.0;28.0;0.0;0.0;4992.0;2.0;4993.0;26.0;0.0;0.0;4991.5;731.875
-2;461.0;4986.0;26.0;0.0;0.0;0.0;0.0;4993.0;26.0;0.0;0.0;0.0;0.0;4989.5;569.75
-2;462.0;4987.0;24.0;0.0;0.0;0.0;0.0;4994.0;24.0;0.0;0.0;0.0;0.0;4990.5;348.75
-2;463.0;4988.0;3.0;4987.0;20.0;0.0;0.0;4994.0;20.0;0.0;0.0;0.0;0.0;4991.0;339.0
-2;464.0;4987.0;23.0;0.0;0.0;0.0;0.0;4992.0;1.0;4994.0;23.0;0.0;0.0;4989.5;137.875
-2;465.0;4988.0;26.0;0.0;0.0;0.0;0.0;4995.0;26.0;0.0;0.0;0.0;0.0;4991.5;44.375
-2;466.0;4988.0;26.0;0.0;0.0;0.0;0.0;4994.0;2.0;4995.0;24.0;0.0;0.0;4991.0;97.0
-2;467.0;4988.0;22.0;0.0;0.0;0.0;0.0;4994.0;1.0;4995.0;21.0;0.0;0.0;4991.0;64.0
-2;468.0;4989.0;10.0;4988.0;27.0;0.0;0.0;4995.0;27.0;0.0;0.0;0.0;0.0;4992.0;61.375
-2;469.0;4988.0;30.0;0.0;0.0;0.0;0.0;4994.0;1.0;4995.0;30.0;0.0;0.0;4991.0;87.75
-2;470.0;4988.0;31.0;0.0;0.0;0.0;0.0;4994.0;1.0;4995.0;30.0;0.0;0.0;4991.0;106.875
-2;471.0;4988.0;29.0;0.0;0.0;0.0;0.0;4995.0;29.0;0.0;0.0;0.0;0.0;4991.5;89.0
-2;472.0;4988.0;28.0;0.0;0.0;0.0;0.0;4993.0;10.0;4995.0;28.0;0.0;0.0;4990.5;34.125
-2;473.0;4988.0;1.0;4987.0;25.0;0.0;0.0;4994.0;26.0;0.0;0.0;0.0;0.0;4991.0;148.625
-2;474.0;4987.0;29.0;0.0;0.0;0.0;0.0;4988.0;5.0;4994.0;31.0;0.0;0.0;4987.5;144.25
-2;475.0;4987.0;28.0;0.0;0.0;0.0;0.0;4992.0;7.0;4994.0;29.0;0.0;0.0;4989.5;336.25
-2;476.0;4992.0;1.0;4987.0;27.0;0.0;0.0;4994.0;27.0;0.0;0.0;0.0;0.0;4993.0;303.0
-2;477.0;4987.0;27.0;0.0;0.0;0.0;0.0;4994.0;27.0;0.0;0.0;0.0;0.0;4990.5;223.125
-2;478.0;4987.0;24.0;0.0;0.0;0.0;0.0;4988.0;1.0;4992.0;8.0;4994.0;24.0;4987.5;202.375
-2;479.0;4987.0;25.0;0.0;0.0;0.0;0.0;4994.0;25.0;0.0;0.0;0.0;0.0;4990.5;163.0
-2;480.0;4988.0;26.0;0.0;0.0;0.0;0.0;4994.0;2.0;4995.0;24.0;0.0;0.0;4991.0;87.25
-2;481.0;4987.0;28.0;0.0;0.0;0.0;0.0;4989.0;5.0;4994.0;28.0;0.0;0.0;4988.0;173.125
-2;482.0;4987.0;24.0;0.0;0.0;0.0;0.0;4994.0;24.0;0.0;0.0;0.0;0.0;4990.5;204.375
-2;483.0;4988.0;9.0;4987.0;24.0;0.0;0.0;4990.0;5.0;4994.0;25.0;0.0;0.0;4989.0;138.75
-2;484.0;4991.0;6.0;4988.0;26.0;0.0;0.0;4995.0;26.0;0.0;0.0;0.0;0.0;4993.0;3.375
-2;485.0;4988.0;30.0;0.0;0.0;0.0;0.0;4995.0;30.0;0.0;0.0;0.0;0.0;4991.5;-48.5
-2;486.0;4989.0;25.0;0.0;0.0;0.0;0.0;4996.0;25.0;0.0;0.0;0.0;0.0;4992.5;-383.25
-2;487.0;4990.0;2.0;4989.0;24.0;0.0;0.0;4992.0;3.0;4996.0;24.0;0.0;0.0;4991.0;-374.5
-2;488.0;4989.0;21.0;0.0;0.0;0.0;0.0;4990.0;1.0;4996.0;21.0;0.0;0.0;4989.5;-506.75
-2;489.0;4991.0;9.0;4990.0;25.0;0.0;0.0;4997.0;25.0;0.0;0.0;0.0;0.0;4994.0;-673.875
-2;490.0;4990.0;27.0;0.0;0.0;0.0;0.0;4997.0;28.0;0.0;0.0;0.0;0.0;4993.5;-659.125
-2;491.0;4990.0;1.0;4989.0;20.0;0.0;0.0;4996.0;21.0;0.0;0.0;0.0;0.0;4993.0;-550.25
-2;492.0;4989.0;28.0;0.0;0.0;0.0;0.0;4996.0;28.0;0.0;0.0;0.0;0.0;4992.5;-393.25
-2;493.0;4990.0;7.0;4989.0;29.0;0.0;0.0;4991.0;3.0;4996.0;29.0;0.0;0.0;4990.5;-414.375
-2;494.0;4990.0;8.0;4989.0;22.0;0.0;0.0;4996.0;22.0;0.0;0.0;0.0;0.0;4993.0;-561.25
-2;495.0;4990.0;20.0;0.0;0.0;0.0;0.0;4997.0;21.0;0.0;0.0;0.0;0.0;4993.5;-597.25
-2;496.0;4995.0;1.0;4990.0;30.0;0.0;0.0;4996.0;1.0;4997.0;29.0;0.0;0.0;4995.5;-620.0
-2;497.0;4990.0;30.0;0.0;0.0;0.0;0.0;4995.0;2.0;4996.0;1.0;4997.0;29.0;4992.5;-569.25
-2;498.0;4990.0;27.0;0.0;0.0;0.0;0.0;4997.0;27.0;0.0;0.0;0.0;0.0;4993.5;-643.625
-2;499.0;4989.0;26.0;0.0;0.0;0.0;0.0;4996.0;26.0;0.0;0.0;0.0;0.0;4992.5;-363.5
-2;500.0;4989.0;21.0;0.0;0.0;0.0;0.0;4996.0;22.0;0.0;0.0;0.0;0.0;4992.5;-397.875
-2;501.0;4989.0;28.0;0.0;0.0;0.0;0.0;4996.0;28.0;0.0;0.0;0.0;0.0;4992.5;-401.375
-2;502.0;4988.0;30.0;0.0;0.0;0.0;0.0;4995.0;30.0;0.0;0.0;0.0;0.0;4991.5;-216.875
-2;503.0;4990.0;2.0;4989.0;29.0;0.0;0.0;4996.0;31.0;0.0;0.0;0.0;0.0;4993.0;-509.125
-2;504.0;4989.0;20.0;0.0;0.0;0.0;0.0;4995.0;1.0;4996.0;20.0;0.0;0.0;4992.0;-327.875
-2;505.0;4989.0;2.0;4988.0;21.0;0.0;0.0;4995.0;23.0;0.0;0.0;0.0;0.0;4992.0;-181.875
-2;506.0;4989.0;9.0;4988.0;28.0;0.0;0.0;4995.0;28.0;0.0;0.0;0.0;0.0;4992.0;-23.875
-2;507.0;4988.0;22.0;0.0;0.0;0.0;0.0;4995.0;22.0;0.0;0.0;0.0;0.0;4991.5;-174.75
-2;508.0;4988.0;27.0;0.0;0.0;0.0;0.0;4995.0;27.0;0.0;0.0;0.0;0.0;4991.5;-53.625
-2;509.0;4989.0;10.0;4988.0;30.0;0.0;0.0;4995.0;30.0;0.0;0.0;0.0;0.0;4992.0;-144.25
-2;510.0;4989.0;2.0;4988.0;24.0;0.0;0.0;4993.0;1.0;4995.0;26.0;0.0;0.0;4991.0;-223.75
-2;511.0;4989.0;26.0;0.0;0.0;0.0;0.0;4994.0;8.0;4995.0;2.0;4996.0;25.0;4991.5;-261.875
-2;512.0;4988.0;31.0;0.0;0.0;0.0;0.0;4993.0;3.0;4995.0;31.0;0.0;0.0;4990.5;-83.375
-2;513.0;4989.0;6.0;4988.0;29.0;0.0;0.0;4995.0;29.0;0.0;0.0;0.0;0.0;4992.0;0.5
-2;514.0;4994.0;1.0;4988.0;26.0;0.0;0.0;4995.0;26.0;0.0;0.0;0.0;0.0;4994.5;-227.5
-2;515.0;4988.0;22.0;0.0;0.0;0.0;0.0;4995.0;22.0;0.0;0.0;0.0;0.0;4991.5;-48.625
-2;516.0;4988.0;31.0;0.0;0.0;0.0;0.0;4994.0;2.0;4995.0;29.0;0.0;0.0;4991.0;65.5
-2;517.0;4991.0;2.0;4988.0;32.0;0.0;0.0;4993.0;1.0;4994.0;2.0;4995.0;30.0;4992.0;48.625
-2;518.0;4989.0;3.0;4988.0;21.0;0.0;0.0;4995.0;21.0;0.0;0.0;0.0;0.0;4992.0;-64.25
-2;519.0;4988.0;22.0;0.0;0.0;0.0;0.0;4995.0;22.0;0.0;0.0;0.0;0.0;4991.5;-99.625
-2;520.0;4988.0;24.0;0.0;0.0;0.0;0.0;4993.0;2.0;4995.0;24.0;0.0;0.0;4990.5;-205.125
-2;521.0;4988.0;23.0;0.0;0.0;0.0;0.0;4995.0;23.0;0.0;0.0;0.0;0.0;4991.5;-52.875
-2;522.0;4988.0;24.0;0.0;0.0;0.0;0.0;4995.0;24.0;0.0;0.0;0.0;0.0;4991.5;-187.125
-2;523.0;4989.0;1.0;4988.0;24.0;0.0;0.0;4991.0;3.0;4993.0;3.0;4995.0;26.0;4990.0;-270.75
-2;524.0;4988.0;28.0;0.0;0.0;0.0;0.0;4995.0;29.0;0.0;0.0;0.0;0.0;4991.5;-46.0
-2;525.0;4989.0;1.0;4988.0;20.0;0.0;0.0;4995.0;21.0;0.0;0.0;0.0;0.0;4992.0;-266.25
-2;526.0;4990.0;1.0;4989.0;30.0;0.0;0.0;4996.0;31.0;0.0;0.0;0.0;0.0;4993.0;-594.25
-2;527.0;4989.0;25.0;0.0;0.0;0.0;0.0;4996.0;25.0;0.0;0.0;0.0;0.0;4992.5;-483.875
-2;528.0;4989.0;21.0;0.0;0.0;0.0;0.0;4996.0;21.0;0.0;0.0;0.0;0.0;4992.5;-491.625
-2;529.0;4990.0;22.0;0.0;0.0;0.0;0.0;4997.0;22.0;0.0;0.0;0.0;0.0;4993.5;-691.375
-2;530.0;4989.0;25.0;0.0;0.0;0.0;0.0;4996.0;25.0;0.0;0.0;0.0;0.0;4992.5;-478.875
-2;531.0;4989.0;4.0;4988.0;22.0;0.0;0.0;4995.0;22.0;0.0;0.0;0.0;0.0;4992.0;-193.75
-2;532.0;4988.0;23.0;0.0;0.0;0.0;0.0;4994.0;1.0;4995.0;22.0;0.0;0.0;4991.0;-7.875
-2;533.0;4988.0;2.0;4987.0;26.0;0.0;0.0;4994.0;28.0;0.0;0.0;0.0;0.0;4991.0;73.75
-2;534.0;4987.0;25.0;0.0;0.0;0.0;0.0;4992.0;8.0;4994.0;25.0;0.0;0.0;4989.5;156.75
-2;535.0;4988.0;1.0;4987.0;27.0;0.0;0.0;4994.0;28.0;0.0;0.0;0.0;0.0;4991.0;70.0
-2;536.0;4988.0;21.0;0.0;0.0;0.0;0.0;4993.0;2.0;4995.0;21.0;0.0;0.0;4990.5;63.25
-2;537.0;4988.0;2.0;4987.0;27.0;0.0;0.0;4994.0;27.0;0.0;0.0;0.0;0.0;4991.0;247.5
-2;538.0;4988.0;2.0;4987.0;21.0;0.0;0.0;4989.0;2.0;4994.0;23.0;0.0;0.0;4988.5;112.875
-2;539.0;4988.0;25.0;0.0;0.0;0.0;0.0;4995.0;25.0;0.0;0.0;0.0;0.0;4991.5;-181.75
-2;540.0;4989.0;31.0;0.0;0.0;0.0;0.0;4994.0;10.0;4995.0;1.0;4996.0;30.0;4991.5;-367.625
-2;541.0;4990.0;3.0;4989.0;31.0;0.0;0.0;4996.0;31.0;0.0;0.0;0.0;0.0;4993.0;-521.5
-2;542.0;4990.0;10.0;4989.0;27.0;0.0;0.0;4996.0;27.0;0.0;0.0;0.0;0.0;4993.0;-524.25
-2;543.0;4990.0;2.0;4989.0;28.0;0.0;0.0;4996.0;30.0;0.0;0.0;0.0;0.0;4993.0;-677.0
-2;544.0;4989.0;24.0;0.0;0.0;0.0;0.0;4996.0;24.0;0.0;0.0;0.0;0.0;4992.5;-526.375
-2;545.0;4989.0;30.0;0.0;0.0;0.0;0.0;4996.0;30.0;0.0;0.0;0.0;0.0;4992.5;-643.0
-2;546.0;4989.0;24.0;0.0;0.0;0.0;0.0;4996.0;24.0;0.0;0.0;0.0;0.0;4992.5;-629.0
-2;547.0;4990.0;24.0;0.0;0.0;0.0;0.0;4991.0;3.0;4996.0;1.0;4997.0;24.0;4990.5;-807.75
-2;548.0;4995.0;1.0;4990.0;25.0;0.0;0.0;4997.0;25.0;0.0;0.0;0.0;0.0;4996.0;-887.125
-2;549.0;4990.0;2.0;4989.0;29.0;0.0;0.0;4994.0;5.0;4996.0;31.0;0.0;0.0;4992.0;-713.25
-2;550.0;4990.0;1.0;4989.0;24.0;0.0;0.0;4994.0;4.0;4996.0;25.0;0.0;0.0;4992.0;-733.25
-2;551.0;4991.0;4.0;4990.0;24.0;0.0;0.0;4997.0;24.0;0.0;0.0;0.0;0.0;4994.0;-924.875
-2;552.0;4989.0;21.0;0.0;0.0;0.0;0.0;4996.0;21.0;0.0;0.0;0.0;0.0;4992.5;-746.625
-2;553.0;4995.0;1.0;4989.0;21.0;0.0;0.0;4996.0;21.0;0.0;0.0;0.0;0.0;4995.5;-658.25
-2;554.0;4989.0;29.0;0.0;0.0;0.0;0.0;4996.0;29.0;0.0;0.0;0.0;0.0;4992.5;-534.25
-2;555.0;4991.0;6.0;4989.0;1.0;4988.0;27.0;4995.0;28.0;0.0;0.0;0.0;0.0;4993.0;-297.75
-2;556.0;4989.0;31.0;0.0;0.0;0.0;0.0;4995.0;2.0;4996.0;29.0;0.0;0.0;4992.0;-449.125
-2;557.0;4989.0;29.0;0.0;0.0;0.0;0.0;4990.0;1.0;4996.0;29.0;0.0;0.0;4989.5;-655.875
-2;558.0;4990.0;21.0;0.0;0.0;0.0;0.0;4997.0;21.0;0.0;0.0;0.0;0.0;4993.5;-781.875
-2;559.0;4990.0;22.0;0.0;0.0;0.0;0.0;4996.0;2.0;4997.0;20.0;0.0;0.0;4993.0;-819.875
-2;560.0;4990.0;27.0;0.0;0.0;0.0;0.0;4996.0;1.0;4997.0;26.0;0.0;0.0;4993.0;-811.375
-2;561.0;4990.0;29.0;0.0;0.0;0.0;0.0;4997.0;29.0;0.0;0.0;0.0;0.0;4993.5;-848.875
-2;562.0;4990.0;1.0;4989.0;22.0;0.0;0.0;4996.0;23.0;0.0;0.0;0.0;0.0;4993.0;-733.125
-2;563.0;4990.0;23.0;0.0;0.0;0.0;0.0;4997.0;23.0;0.0;0.0;0.0;0.0;4993.5;-871.125
-2;564.0;4990.0;31.0;0.0;0.0;0.0;0.0;4991.0;1.0;4995.0;4.0;4997.0;31.0;4990.5;-1036.5
-2;565.0;4991.0;25.0;0.0;0.0;0.0;0.0;4997.0;1.0;4998.0;24.0;0.0;0.0;4994.0;-1183.75
-2;566.0;4995.0;11.0;4991.0;12.0;4990.0;20.0;4997.0;22.0;0.0;0.0;0.0;0.0;4996.0;-1102.25
-2;567.0;4991.0;2.0;4990.0;26.0;0.0;0.0;4997.0;28.0;0.0;0.0;0.0;0.0;4994.0;-1102.125
-2;568.0;4991.0;2.0;4990.0;20.0;0.0;0.0;4997.0;22.0;0.0;0.0;0.0;0.0;4994.0;-1074.75
-2;569.0;4992.0;4.0;4991.0;25.0;0.0;0.0;4998.0;25.0;0.0;0.0;0.0;0.0;4995.0;-1387.375
-2;570.0;4991.0;21.0;0.0;0.0;0.0;0.0;4998.0;21.0;0.0;0.0;0.0;0.0;4994.5;-1416.875
-2;571.0;4991.0;2.0;4990.0;30.0;0.0;0.0;4997.0;32.0;0.0;0.0;0.0;0.0;4994.0;-1105.0
-2;572.0;4991.0;24.0;0.0;0.0;0.0;0.0;4998.0;24.0;0.0;0.0;0.0;0.0;4994.5;-1167.625
-2;573.0;4991.0;24.0;0.0;0.0;0.0;0.0;4998.0;24.0;0.0;0.0;0.0;0.0;4994.5;-1479.625
-2;574.0;4992.0;21.0;0.0;0.0;0.0;0.0;4999.0;21.0;0.0;0.0;0.0;0.0;4995.5;-1593.0
-2;575.0;4992.0;25.0;0.0;0.0;0.0;0.0;4997.0;3.0;4999.0;25.0;0.0;0.0;4994.5;-1737.0
-2;576.0;4992.0;25.0;0.0;0.0;0.0;0.0;4999.0;25.0;0.0;0.0;0.0;0.0;4995.5;-1742.75
-2;577.0;4991.0;32.0;0.0;0.0;0.0;0.0;4998.0;32.0;0.0;0.0;0.0;0.0;4994.5;-1414.25
-2;578.0;4991.0;1.0;4990.0;25.0;0.0;0.0;4997.0;26.0;0.0;0.0;0.0;0.0;4994.0;-1112.875
-2;579.0;4990.0;28.0;0.0;0.0;0.0;0.0;4997.0;29.0;0.0;0.0;0.0;0.0;4993.5;-911.0
-2;580.0;4993.0;1.0;4990.0;30.0;0.0;0.0;4997.0;30.0;0.0;0.0;0.0;0.0;4995.0;-889.5
-2;581.0;4990.0;23.0;0.0;0.0;0.0;0.0;4991.0;2.0;4997.0;23.0;0.0;0.0;4990.5;-943.5
-2;582.0;4991.0;6.0;4990.0;28.0;0.0;0.0;4997.0;28.0;0.0;0.0;0.0;0.0;4994.0;-1058.75
-2;583.0;4991.0;9.0;4990.0;26.0;0.0;0.0;4997.0;26.0;0.0;0.0;0.0;0.0;4994.0;-1001.5
-2;584.0;4996.0;1.0;4990.0;22.0;0.0;0.0;4997.0;22.0;0.0;0.0;0.0;0.0;4996.5;-1161.25
-2;585.0;4991.0;1.0;4990.0;28.0;0.0;0.0;4997.0;29.0;0.0;0.0;0.0;0.0;4994.0;-1114.0
-2;586.0;4991.0;1.0;4990.0;23.0;0.0;0.0;4997.0;23.0;0.0;0.0;0.0;0.0;4994.0;-995.75
-2;587.0;4990.0;29.0;0.0;0.0;0.0;0.0;4995.0;10.0;4997.0;29.0;0.0;0.0;4992.5;-1138.25
-2;588.0;4990.0;30.0;0.0;0.0;0.0;0.0;4997.0;30.0;0.0;0.0;0.0;0.0;4993.5;-970.25
-2;589.0;4989.0;21.0;0.0;0.0;0.0;0.0;4994.0;10.0;4996.0;22.0;0.0;0.0;4991.5;-505.5
-2;590.0;4989.0;26.0;0.0;0.0;0.0;0.0;4995.0;1.0;4996.0;25.0;0.0;0.0;4992.0;-322.75
-2;591.0;4989.0;22.0;0.0;0.0;0.0;0.0;4996.0;22.0;0.0;0.0;0.0;0.0;4992.5;-338.75
-2;592.0;4988.0;2.0;4987.0;26.0;0.0;0.0;4994.0;28.0;0.0;0.0;0.0;0.0;4991.0;191.0
-2;593.0;4987.0;24.0;0.0;0.0;0.0;0.0;4994.0;24.0;0.0;0.0;0.0;0.0;4990.5;252.75
-2;594.0;4987.0;24.0;0.0;0.0;0.0;0.0;4994.0;24.0;0.0;0.0;0.0;0.0;4990.5;310.0
-2;595.0;4987.0;29.0;0.0;0.0;0.0;0.0;4993.0;2.0;4994.0;27.0;0.0;0.0;4990.0;555.5
-2;596.0;4986.0;26.0;0.0;0.0;0.0;0.0;4993.0;26.0;0.0;0.0;0.0;0.0;4989.5;810.5
-2;597.0;4987.0;4.0;4986.0;28.0;0.0;0.0;4992.0;1.0;4993.0;27.0;0.0;0.0;4989.5;890.25
-2;598.0;4986.0;21.0;0.0;0.0;0.0;0.0;4991.0;6.0;4992.0;1.0;4993.0;20.0;4988.5;984.5
-2;599.0;4986.0;24.0;0.0;0.0;0.0;0.0;4993.0;24.0;0.0;0.0;0.0;0.0;4989.5;768.5
-2;600.0;4986.0;23.0;0.0;0.0;0.0;0.0;4987.0;1.0;4993.0;23.0;0.0;0.0;4986.5;704.25
-2;601.0;4991.0;1.0;4986.0;26.0;0.0;0.0;4993.0;26.0;0.0;0.0;0.0;0.0;4992.0;976.25
-2;602.0;4985.0;24.0;0.0;0.0;0.0;0.0;4992.0;24.0;0.0;0.0;0.0;0.0;4988.5;1125.5
-2;603.0;4988.0;1.0;4986.0;1.0;4985.0;23.0;4992.0;24.0;0.0;0.0;0.0;0.0;4990.0;1004.5
-2;604.0;4991.0;13.0;4986.0;28.0;0.0;0.0;4993.0;28.0;0.0;0.0;0.0;0.0;4992.0;675.0
-2;605.0;4987.0;2.0;4986.0;20.0;0.0;0.0;4993.0;22.0;0.0;0.0;0.0;0.0;4990.0;623.0
-2;606.0;4987.0;30.0;0.0;0.0;0.0;0.0;4993.0;1.0;4994.0;29.0;0.0;0.0;4990.0;568.0
-2;607.0;4987.0;26.0;0.0;0.0;0.0;0.0;4994.0;27.0;0.0;0.0;0.0;0.0;4990.5;234.25
-2;608.0;4990.0;3.0;4987.0;27.0;0.0;0.0;4994.0;27.0;0.0;0.0;0.0;0.0;4992.0;238.75
-2;609.0;4987.0;21.0;0.0;0.0;0.0;0.0;4992.0;6.0;4994.0;21.0;0.0;0.0;4989.5;294.0
-2;610.0;4987.0;22.0;0.0;0.0;0.0;0.0;4993.0;1.0;4994.0;21.0;0.0;0.0;4990.0;540.75
-2;611.0;4986.0;22.0;0.0;0.0;0.0;0.0;4993.0;22.0;0.0;0.0;0.0;0.0;4989.5;633.0
-2;612.0;4987.0;29.0;0.0;0.0;0.0;0.0;4994.0;29.0;0.0;0.0;0.0;0.0;4990.5;242.5
-2;613.0;4987.0;30.0;0.0;0.0;0.0;0.0;4992.0;4.0;4993.0;1.0;4994.0;29.0;4989.5;505.75
-2;614.0;4992.0;1.0;4987.0;27.0;0.0;0.0;4993.0;2.0;4994.0;25.0;0.0;0.0;4992.5;504.0
-2;615.0;4991.0;7.0;4986.0;29.0;0.0;0.0;4993.0;29.0;0.0;0.0;0.0;0.0;4992.0;760.5
-2;616.0;4986.0;21.0;0.0;0.0;0.0;0.0;4993.0;21.0;0.0;0.0;0.0;0.0;4989.5;737.75
-2;617.0;4986.0;27.0;0.0;0.0;0.0;0.0;4988.0;1.0;4991.0;2.0;4993.0;27.0;4987.0;578.0
-2;618.0;4986.0;30.0;0.0;0.0;0.0;0.0;4993.0;30.0;0.0;0.0;0.0;0.0;4989.5;622.25
-2;619.0;4988.0;7.0;4987.0;26.0;0.0;0.0;4993.0;1.0;4994.0;25.0;0.0;0.0;4990.5;490.75
-2;620.0;4987.0;22.0;0.0;0.0;0.0;0.0;4994.0;22.0;0.0;0.0;0.0;0.0;4990.5;360.75
-2;621.0;4987.0;21.0;0.0;0.0;0.0;0.0;4994.0;21.0;0.0;0.0;0.0;0.0;4990.5;280.5
-2;622.0;4988.0;22.0;0.0;0.0;0.0;0.0;4995.0;22.0;0.0;0.0;0.0;0.0;4991.5;-28.75
-2;623.0;4988.0;29.0;0.0;0.0;0.0;0.0;4995.0;29.0;0.0;0.0;0.0;0.0;4991.5;-169.25
-2;624.0;4988.0;25.0;0.0;0.0;0.0;0.0;4995.0;25.0;0.0;0.0;0.0;0.0;4991.5;-113.75
-2;625.0;4988.0;26.0;0.0;0.0;0.0;0.0;4989.0;5.0;4994.0;2.0;4995.0;24.0;4988.5;13.25
-2;626.0;4992.0;3.0;4988.0;2.0;4987.0;26.0;4994.0;28.0;0.0;0.0;0.0;0.0;4993.0;159.25
-2;627.0;4988.0;28.0;0.0;0.0;0.0;0.0;4993.0;10.0;4994.0;2.0;4995.0;27.0;4990.5;71.75
-2;628.0;4988.0;2.0;4987.0;23.0;0.0;0.0;4994.0;25.0;0.0;0.0;0.0;0.0;4991.0;132.25
-2;629.0;4989.0;23.0;0.0;0.0;0.0;0.0;4995.0;1.0;4996.0;22.0;0.0;0.0;4992.0;-373.25
-2;630.0;4990.0;1.0;4989.0;28.0;0.0;0.0;4994.0;10.0;4996.0;29.0;0.0;0.0;4992.0;-714.5
-2;631.0;4989.0;23.0;0.0;0.0;0.0;0.0;4996.0;23.0;0.0;0.0;0.0;0.0;4992.5;-717.5
-2;632.0;4989.0;24.0;0.0;0.0;0.0;0.0;4996.0;24.0;0.0;0.0;0.0;0.0;4992.5;-654.0
-2;633.0;4991.0;6.0;4990.0;28.0;0.0;0.0;4993.0;9.0;4996.0;2.0;4997.0;26.0;4992.0;-977.5
-2;634.0;4989.0;23.0;0.0;0.0;0.0;0.0;4996.0;23.0;0.0;0.0;0.0;0.0;4992.5;-617.5
-2;635.0;4989.0;22.0;0.0;0.0;0.0;0.0;4994.0;5.0;4996.0;22.0;0.0;0.0;4991.5;-523.25
-2;636.0;4989.0;22.0;0.0;0.0;0.0;0.0;4996.0;22.0;0.0;0.0;0.0;0.0;4992.5;-706.25
-2;637.0;4989.0;22.0;0.0;0.0;0.0;0.0;4996.0;22.0;0.0;0.0;0.0;0.0;4992.5;-529.75
-2;638.0;4989.0;31.0;0.0;0.0;0.0;0.0;4995.0;1.0;4996.0;30.0;0.0;0.0;4992.0;-437.5
-2;639.0;4989.0;1.0;4988.0;20.0;0.0;0.0;4995.0;21.0;0.0;0.0;0.0;0.0;4992.0;-369.25
-2;640.0;4990.0;8.0;4989.0;27.0;0.0;0.0;4995.0;2.0;4996.0;25.0;0.0;0.0;4992.5;-496.5
-2;641.0;4990.0;7.0;4989.0;29.0;0.0;0.0;4996.0;29.0;0.0;0.0;0.0;0.0;4993.0;-522.5
-2;642.0;4990.0;10.0;4989.0;32.0;0.0;0.0;4996.0;32.0;0.0;0.0;0.0;0.0;4993.0;-599.75
-2;643.0;4989.0;22.0;0.0;0.0;0.0;0.0;4996.0;22.0;0.0;0.0;0.0;0.0;4992.5;-714.25
-2;644.0;4992.0;2.0;4990.0;8.0;4989.0;29.0;4996.0;29.0;0.0;0.0;0.0;0.0;4994.0;-727.0
-2;645.0;4990.0;24.0;0.0;0.0;0.0;0.0;4995.0;7.0;4997.0;24.0;0.0;0.0;4992.5;-942.0
-2;646.0;4989.0;26.0;0.0;0.0;0.0;0.0;4994.0;1.0;4996.0;26.0;0.0;0.0;4991.5;-800.25
-2;647.0;4994.0;1.0;4989.0;25.0;0.0;0.0;4996.0;25.0;0.0;0.0;0.0;0.0;4995.0;-518.0
-2;648.0;4989.0;10.0;4988.0;29.0;0.0;0.0;4995.0;29.0;0.0;0.0;0.0;0.0;4992.0;-172.0
-2;649.0;4988.0;2.0;4987.0;25.0;0.0;0.0;4994.0;27.0;0.0;0.0;0.0;0.0;4991.0;143.5
-2;650.0;4988.0;6.0;4987.0;29.0;0.0;0.0;4994.0;29.0;0.0;0.0;0.0;0.0;4991.0;251.0
-2;651.0;4988.0;22.0;0.0;0.0;0.0;0.0;4994.0;1.0;4995.0;21.0;0.0;0.0;4991.0;51.0
-2;652.0;4988.0;26.0;0.0;0.0;0.0;0.0;4993.0;6.0;4995.0;26.0;0.0;0.0;4990.5;17.5
-2;653.0;4988.0;2.0;4987.0;29.0;0.0;0.0;4994.0;31.0;0.0;0.0;0.0;0.0;4991.0;134.25
-2;654.0;4987.0;23.0;0.0;0.0;0.0;0.0;4994.0;23.0;0.0;0.0;0.0;0.0;4990.5;342.75
-2;655.0;4990.0;4.0;4987.0;20.0;0.0;0.0;4994.0;20.0;0.0;0.0;0.0;0.0;4992.0;442.75
-2;656.0;4987.0;22.0;0.0;0.0;0.0;0.0;4993.0;1.0;4994.0;21.0;0.0;0.0;4990.0;521.75
-2;657.0;4986.0;30.0;0.0;0.0;0.0;0.0;4993.0;30.0;0.0;0.0;0.0;0.0;4989.5;632.25
-2;658.0;4986.0;26.0;0.0;0.0;0.0;0.0;4993.0;26.0;0.0;0.0;0.0;0.0;4989.5;908.25
-2;659.0;4986.0;30.0;0.0;0.0;0.0;0.0;4987.0;8.0;4992.0;2.0;4993.0;28.0;4986.5;1001.5
-2;660.0;4986.0;25.0;0.0;0.0;0.0;0.0;4993.0;25.0;0.0;0.0;0.0;0.0;4989.5;799.75
-2;661.0;4986.0;8.0;4985.0;28.0;0.0;0.0;4992.0;28.0;0.0;0.0;0.0;0.0;4989.0;1225.75
-2;662.0;4985.0;25.0;0.0;0.0;0.0;0.0;4992.0;25.0;0.0;0.0;0.0;0.0;4988.5;1273.0
-2;663.0;4984.0;24.0;0.0;0.0;0.0;0.0;4991.0;24.0;0.0;0.0;0.0;0.0;4987.5;1688.5
-2;664.0;4985.0;2.0;4984.0;26.0;0.0;0.0;4991.0;27.0;0.0;0.0;0.0;0.0;4988.0;1652.75
-2;665.0;4984.0;25.0;0.0;0.0;0.0;0.0;4989.0;9.0;4991.0;25.0;0.0;0.0;4986.5;1799.5
-2;666.0;4984.0;7.0;4983.0;24.0;0.0;0.0;4990.0;24.0;0.0;0.0;0.0;0.0;4987.0;2207.5
-2;667.0;4984.0;8.0;4983.0;30.0;0.0;0.0;4990.0;31.0;0.0;0.0;0.0;0.0;4987.0;2188.25
-2;668.0;4984.0;21.0;0.0;0.0;0.0;0.0;4991.0;21.0;0.0;0.0;0.0;0.0;4987.5;1833.25
-2;669.0;4984.0;29.0;0.0;0.0;0.0;0.0;4991.0;29.0;0.0;0.0;0.0;0.0;4987.5;1812.5
-2;670.0;4985.0;1.0;4984.0;29.0;0.0;0.0;4991.0;30.0;0.0;0.0;0.0;0.0;4988.0;1585.75
-2;671.0;4984.0;21.0;0.0;0.0;0.0;0.0;4991.0;22.0;0.0;0.0;0.0;0.0;4987.5;1597.0
-2;672.0;4984.0;29.0;0.0;0.0;0.0;0.0;4989.0;3.0;4991.0;29.0;0.0;0.0;4986.5;2020.25
-2;673.0;4984.0;24.0;0.0;0.0;0.0;0.0;4989.0;7.0;4991.0;24.0;0.0;0.0;4986.5;1926.25
-2;674.0;4984.0;26.0;0.0;0.0;0.0;0.0;4991.0;26.0;0.0;0.0;0.0;0.0;4987.5;2008.75
-2;675.0;4983.0;27.0;0.0;0.0;0.0;0.0;4990.0;27.0;0.0;0.0;0.0;0.0;4986.5;2296.25
-2;676.0;4984.0;2.0;4983.0;27.0;0.0;0.0;4988.0;8.0;4990.0;29.0;0.0;0.0;4986.0;2134.75
-2;677.0;4984.0;2.0;4983.0;30.0;0.0;0.0;4990.0;32.0;0.0;0.0;0.0;0.0;4987.0;2055.0
-2;678.0;4983.0;29.0;0.0;0.0;0.0;0.0;4990.0;29.0;0.0;0.0;0.0;0.0;4986.5;2160.5
-2;679.0;4984.0;23.0;0.0;0.0;0.0;0.0;4990.0;2.0;4991.0;21.0;0.0;0.0;4987.0;1987.25
-2;680.0;4984.0;11.0;4983.0;30.0;0.0;0.0;4986.0;1.0;4990.0;32.0;0.0;0.0;4985.0;2162.25
-2;681.0;4988.0;10.0;4984.0;25.0;0.0;0.0;4990.0;25.0;0.0;0.0;0.0;0.0;4989.0;2023.75
-2;682.0;4983.0;29.0;0.0;0.0;0.0;0.0;4988.0;3.0;4990.0;29.0;0.0;0.0;4985.5;2214.0
-2;683.0;4989.0;1.0;4984.0;7.0;4983.0;20.0;4990.0;20.0;0.0;0.0;0.0;0.0;4989.5;2106.5
-2;684.0;4983.0;20.0;0.0;0.0;0.0;0.0;4990.0;21.0;0.0;0.0;0.0;0.0;4986.5;2328.25
-2;685.0;4984.0;27.0;0.0;0.0;0.0;0.0;4990.0;27.0;0.0;0.0;0.0;0.0;4987.0;2027.0
-2;686.0;4984.0;25.0;0.0;0.0;0.0;0.0;4990.0;2.0;4991.0;23.0;0.0;0.0;4987.0;1976.0
-2;687.0;4990.0;1.0;4984.0;27.0;0.0;0.0;4991.0;27.0;0.0;0.0;0.0;0.0;4990.5;1714.0
-2;688.0;4984.0;25.0;0.0;0.0;0.0;0.0;4991.0;25.0;0.0;0.0;0.0;0.0;4987.5;1885.0
-2;689.0;4984.0;28.0;0.0;0.0;0.0;0.0;4985.0;9.0;4989.0;4.0;4990.0;2.0;4984.5;1984.0
-2;690.0;4989.0;1.0;4984.0;25.0;0.0;0.0;4991.0;25.0;0.0;0.0;0.0;0.0;4990.0;1788.25
-2;691.0;4983.0;23.0;0.0;0.0;0.0;0.0;4990.0;23.0;0.0;0.0;0.0;0.0;4986.5;2370.0
-2;692.0;4982.0;25.0;0.0;0.0;0.0;0.0;4985.0;4.0;4989.0;25.0;0.0;0.0;4983.5;2596.0
-2;693.0;4983.0;26.0;0.0;0.0;0.0;0.0;4990.0;26.0;0.0;0.0;0.0;0.0;4986.5;2378.0
-2;694.0;4983.0;28.0;0.0;0.0;0.0;0.0;4990.0;28.0;0.0;0.0;0.0;0.0;4986.5;2280.25
-2;695.0;4989.0;1.0;4984.0;8.0;4983.0;20.0;4990.0;22.0;0.0;0.0;0.0;0.0;4989.5;2079.75
-2;696.0;4983.0;20.0;0.0;0.0;0.0;0.0;4985.0;4.0;4988.0;1.0;4990.0;20.0;4984.0;2148.25
-2;697.0;4984.0;22.0;0.0;0.0;0.0;0.0;4985.0;2.0;4990.0;1.0;4991.0;21.0;4984.5;2028.5
-2;698.0;4983.0;21.0;0.0;0.0;0.0;0.0;4990.0;21.0;0.0;0.0;0.0;0.0;4986.5;2181.0
-2;699.0;4988.0;1.0;4983.0;27.0;0.0;0.0;4989.0;1.0;4990.0;26.0;0.0;0.0;4988.5;2474.25
-2;700.0;4987.0;1.0;4983.0;8.0;4982.0;29.0;4989.0;29.0;0.0;0.0;0.0;0.0;4988.0;2836.0
-2;701.0;4983.0;2.0;4982.0;28.0;0.0;0.0;4989.0;28.0;0.0;0.0;0.0;0.0;4986.0;2954.25
-2;702.0;4982.0;24.0;0.0;0.0;0.0;0.0;4987.0;8.0;4988.0;2.0;4989.0;22.0;4984.5;3071.75
-2;703.0;4982.0;2.0;4981.0;29.0;0.0;0.0;4986.0;3.0;4988.0;31.0;0.0;0.0;4984.0;3206.5
-2;704.0;4980.0;29.0;0.0;0.0;0.0;0.0;4987.0;29.0;0.0;0.0;0.0;0.0;4983.5;3963.75
-2;705.0;4979.0;26.0;0.0;0.0;0.0;0.0;4980.0;1.0;4984.0;3.0;4986.0;26.0;4979.5;4390.25
-2;706.0;4979.0;25.0;0.0;0.0;0.0;0.0;4986.0;25.0;0.0;0.0;0.0;0.0;4982.5;4501.75
-2;707.0;4979.0;30.0;0.0;0.0;0.0;0.0;4986.0;30.0;0.0;0.0;0.0;0.0;4982.5;4430.5
-2;708.0;4979.0;22.0;0.0;0.0;0.0;0.0;4980.0;10.0;4986.0;22.0;0.0;0.0;4979.5;4555.0
-2;709.0;4978.0;28.0;0.0;0.0;0.0;0.0;4980.0;4.0;4985.0;28.0;0.0;0.0;4979.0;4724.25
-2;710.0;4978.0;26.0;0.0;0.0;0.0;0.0;4985.0;26.0;0.0;0.0;0.0;0.0;4981.5;5229.75
-2;711.0;4979.0;2.0;4978.0;29.0;0.0;0.0;4985.0;31.0;0.0;0.0;0.0;0.0;4982.0;4788.0
-2;712.0;4979.0;4.0;4978.0;25.0;0.0;0.0;4985.0;25.0;0.0;0.0;0.0;0.0;4982.0;5029.25
-2;713.0;4979.0;28.0;0.0;0.0;0.0;0.0;4985.0;2.0;4986.0;26.0;0.0;0.0;4982.0;4661.5
-2;714.0;4979.0;29.0;0.0;0.0;0.0;0.0;4986.0;29.0;0.0;0.0;0.0;0.0;4982.5;4320.5
-2;715.0;4979.0;29.0;0.0;0.0;0.0;0.0;4980.0;1.0;4984.0;8.0;4986.0;29.0;4979.5;4261.0
-2;716.0;4980.0;10.0;4979.0;30.0;0.0;0.0;4986.0;30.0;0.0;0.0;0.0;0.0;4983.0;4384.25
-2;717.0;4979.0;20.0;0.0;0.0;0.0;0.0;4986.0;20.0;0.0;0.0;0.0;0.0;4982.5;4355.5
-2;718.0;4979.0;20.0;0.0;0.0;0.0;0.0;4986.0;20.0;0.0;0.0;0.0;0.0;4982.5;4608.75
-2;719.0;4984.0;1.0;4980.0;3.0;4979.0;25.0;4986.0;25.0;0.0;0.0;0.0;0.0;4985.0;4552.0
-2;720.0;4979.0;30.0;0.0;0.0;0.0;0.0;4986.0;30.0;0.0;0.0;0.0;0.0;4982.5;4551.75
-2;721.0;4979.0;26.0;0.0;0.0;0.0;0.0;4986.0;26.0;0.0;0.0;0.0;0.0;4982.5;4435.75
-2;722.0;4980.0;2.0;4979.0;23.0;0.0;0.0;4986.0;24.0;0.0;0.0;0.0;0.0;4983.0;4227.75
-2;723.0;4980.0;24.0;0.0;0.0;0.0;0.0;4985.0;10.0;4987.0;24.0;0.0;0.0;4982.5;3848.25
-2;724.0;4980.0;30.0;0.0;0.0;0.0;0.0;4987.0;30.0;0.0;0.0;0.0;0.0;4983.5;3934.0
-2;725.0;4981.0;2.0;4980.0;21.0;0.0;0.0;4985.0;4.0;4987.0;23.0;0.0;0.0;4983.0;3705.75
-2;726.0;4980.0;24.0;0.0;0.0;0.0;0.0;4987.0;24.0;0.0;0.0;0.0;0.0;4983.5;3879.5
-2;727.0;4985.0;1.0;4980.0;22.0;0.0;0.0;4986.0;1.0;4987.0;21.0;0.0;0.0;4985.5;4076.0
-2;728.0;4979.0;23.0;0.0;0.0;0.0;0.0;4986.0;23.0;0.0;0.0;0.0;0.0;4982.5;4212.25
-2;729.0;4979.0;26.0;0.0;0.0;0.0;0.0;4986.0;26.0;0.0;0.0;0.0;0.0;4982.5;4427.75
-2;730.0;4980.0;2.0;4979.0;23.0;0.0;0.0;4986.0;25.0;0.0;0.0;0.0;0.0;4983.0;4213.25
-2;731.0;4980.0;24.0;0.0;0.0;0.0;0.0;4987.0;24.0;0.0;0.0;0.0;0.0;4983.5;4011.5
-2;732.0;4980.0;26.0;0.0;0.0;0.0;0.0;4987.0;26.0;0.0;0.0;0.0;0.0;4983.5;3733.0
-2;733.0;4981.0;1.0;4980.0;30.0;0.0;0.0;4987.0;30.0;0.0;0.0;0.0;0.0;4984.0;3739.0
-2;734.0;4981.0;2.0;4980.0;30.0;0.0;0.0;4987.0;32.0;0.0;0.0;0.0;0.0;4984.0;3679.25
-2;735.0;4981.0;2.0;4980.0;31.0;0.0;0.0;4982.0;1.0;4987.0;31.0;0.0;0.0;4981.5;3806.5
-2;736.0;4983.0;5.0;4980.0;20.0;0.0;0.0;4987.0;20.0;0.0;0.0;0.0;0.0;4985.0;4058.0
-2;737.0;4980.0;26.0;0.0;0.0;0.0;0.0;4987.0;26.0;0.0;0.0;0.0;0.0;4983.5;3960.5
-2;738.0;4980.0;30.0;0.0;0.0;0.0;0.0;4987.0;30.0;0.0;0.0;0.0;0.0;4983.5;3902.0
-2;739.0;4980.0;30.0;0.0;0.0;0.0;0.0;4986.0;30.0;0.0;0.0;0.0;0.0;4983.0;4181.5
-2;740.0;4980.0;26.0;0.0;0.0;0.0;0.0;4986.0;1.0;4987.0;26.0;0.0;0.0;4983.0;4047.75
-2;741.0;4979.0;29.0;0.0;0.0;0.0;0.0;4986.0;29.0;0.0;0.0;0.0;0.0;4982.5;4437.75
-2;742.0;4979.0;31.0;0.0;0.0;0.0;0.0;4986.0;31.0;0.0;0.0;0.0;0.0;4982.5;4478.25
-2;743.0;4983.0;2.0;4979.0;28.0;0.0;0.0;4985.0;1.0;4986.0;27.0;0.0;0.0;4984.0;4621.5
-2;744.0;4983.0;1.0;4979.0;25.0;0.0;0.0;4985.0;25.0;0.0;0.0;0.0;0.0;4984.0;4740.5
-2;745.0;4978.0;21.0;0.0;0.0;0.0;0.0;4985.0;21.0;0.0;0.0;0.0;0.0;4981.5;4984.75
-2;746.0;4979.0;1.0;4978.0;22.0;0.0;0.0;4985.0;23.0;0.0;0.0;0.0;0.0;4982.0;4777.5
-2;747.0;4979.0;31.0;0.0;0.0;0.0;0.0;4985.0;1.0;4986.0;30.0;0.0;0.0;4982.0;4650.75
-2;748.0;4979.0;26.0;0.0;0.0;0.0;0.0;4984.0;3.0;4986.0;26.0;0.0;0.0;4981.5;4384.75
-2;749.0;4979.0;26.0;0.0;0.0;0.0;0.0;4986.0;26.0;0.0;0.0;0.0;0.0;4982.5;4356.0
-2;750.0;4979.0;24.0;0.0;0.0;0.0;0.0;4986.0;24.0;0.0;0.0;0.0;0.0;4982.5;4648.5
-2;751.0;4979.0;30.0;0.0;0.0;0.0;0.0;4986.0;30.0;0.0;0.0;0.0;0.0;4982.5;4734.5
-2;752.0;4978.0;25.0;0.0;0.0;0.0;0.0;4985.0;25.0;0.0;0.0;0.0;0.0;4981.5;5003.0
-2;753.0;4978.0;22.0;0.0;0.0;0.0;0.0;4985.0;22.0;0.0;0.0;0.0;0.0;4981.5;4902.75
-2;754.0;4983.0;1.0;4979.0;27.0;0.0;0.0;4984.0;5.0;4986.0;27.0;0.0;0.0;4983.5;4631.5
-2;755.0;4979.0;30.0;0.0;0.0;0.0;0.0;4986.0;30.0;0.0;0.0;0.0;0.0;4982.5;4560.5
-2;756.0;4979.0;29.0;0.0;0.0;0.0;0.0;4985.0;1.0;4986.0;29.0;0.0;0.0;4982.0;4696.75
-2;757.0;4984.0;1.0;4979.0;10.0;4978.0;20.0;4985.0;22.0;0.0;0.0;0.0;0.0;4984.5;4784.25
-2;758.0;4979.0;22.0;0.0;0.0;0.0;0.0;4980.0;3.0;4985.0;22.0;0.0;0.0;4979.5;4741.5
-2;759.0;4979.0;2.0;4978.0;22.0;0.0;0.0;4985.0;22.0;0.0;0.0;0.0;0.0;4982.0;5073.5
-2;760.0;4978.0;32.0;0.0;0.0;0.0;0.0;4985.0;32.0;0.0;0.0;0.0;0.0;4981.5;5043.25
-2;761.0;4978.0;22.0;0.0;0.0;0.0;0.0;4983.0;1.0;4985.0;22.0;0.0;0.0;4980.5;5002.0
-2;762.0;4978.0;28.0;0.0;0.0;0.0;0.0;4983.0;9.0;4985.0;28.0;0.0;0.0;4980.5;5129.75
-2;763.0;4979.0;5.0;4978.0;26.0;0.0;0.0;4985.0;26.0;0.0;0.0;0.0;0.0;4982.0;5228.75
-2;764.0;4978.0;27.0;0.0;0.0;0.0;0.0;4983.0;9.0;4985.0;27.0;0.0;0.0;4980.5;5169.75
-2;765.0;4978.0;1.0;4977.0;26.0;0.0;0.0;4984.0;28.0;0.0;0.0;0.0;0.0;4981.0;5361.25
-2;766.0;4977.0;31.0;0.0;0.0;0.0;0.0;4984.0;31.0;0.0;0.0;0.0;0.0;4980.5;5536.25
-2;767.0;4978.0;4.0;4977.0;29.0;0.0;0.0;4984.0;31.0;0.0;0.0;0.0;0.0;4981.0;5358.25
-2;768.0;4978.0;7.0;4977.0;20.0;0.0;0.0;4984.0;22.0;0.0;0.0;0.0;0.0;4981.0;5310.75
-2;769.0;4978.0;26.0;0.0;0.0;0.0;0.0;4985.0;26.0;0.0;0.0;0.0;0.0;4981.5;4921.75
-2;770.0;4979.0;2.0;4978.0;31.0;0.0;0.0;4984.0;1.0;4985.0;30.0;0.0;0.0;4981.5;5159.0
-2;771.0;4977.0;25.0;0.0;0.0;0.0;0.0;4982.0;8.0;4984.0;25.0;0.0;0.0;4979.5;5582.5
-2;772.0;4978.0;5.0;4977.0;25.0;0.0;0.0;4984.0;27.0;0.0;0.0;0.0;0.0;4981.0;5367.0
-2;773.0;4978.0;28.0;0.0;0.0;0.0;0.0;4984.0;2.0;4985.0;26.0;0.0;0.0;4981.0;5148.0
-2;774.0;4977.0;30.0;0.0;0.0;0.0;0.0;4984.0;30.0;0.0;0.0;0.0;0.0;4980.5;5327.75
-2;775.0;4978.0;2.0;4977.0;28.0;0.0;0.0;4984.0;28.0;0.0;0.0;0.0;0.0;4981.0;5679.0
-2;776.0;4978.0;8.0;4977.0;20.0;0.0;0.0;4984.0;20.0;0.0;0.0;0.0;0.0;4981.0;5696.25
-2;777.0;4976.0;26.0;0.0;0.0;0.0;0.0;4983.0;26.0;0.0;0.0;0.0;0.0;4979.5;6114.25
-2;778.0;4977.0;6.0;4976.0;26.0;0.0;0.0;4983.0;26.0;0.0;0.0;0.0;0.0;4980.0;6201.75
-2;779.0;4981.0;1.0;4975.0;26.0;0.0;0.0;4982.0;26.0;0.0;0.0;0.0;0.0;4981.5;6721.5
-2;780.0;4975.0;30.0;0.0;0.0;0.0;0.0;4982.0;30.0;0.0;0.0;0.0;0.0;4978.5;6787.25
-2;781.0;4974.0;28.0;0.0;0.0;0.0;0.0;4981.0;28.0;0.0;0.0;0.0;0.0;4977.5;7293.75
-2;782.0;4979.0;1.0;4974.0;32.0;0.0;0.0;4981.0;32.0;0.0;0.0;0.0;0.0;4980.0;7357.25
-2;783.0;4975.0;20.0;0.0;0.0;0.0;0.0;4982.0;20.0;0.0;0.0;0.0;0.0;4978.5;7009.75
-2;784.0;4974.0;22.0;0.0;0.0;0.0;0.0;4977.0;4.0;4981.0;22.0;0.0;0.0;4975.5;7081.0
-2;785.0;4976.0;1.0;4975.0;28.0;0.0;0.0;4981.0;2.0;4982.0;26.0;0.0;0.0;4978.5;6899.75
-2;786.0;4975.0;2.0;4974.0;30.0;0.0;0.0;4981.0;32.0;0.0;0.0;0.0;0.0;4978.0;7044.5
-2;787.0;4974.0;30.0;0.0;0.0;0.0;0.0;4975.0;1.0;4979.0;7.0;4981.0;30.0;4974.5;7267.5
-2;788.0;4974.0;29.0;0.0;0.0;0.0;0.0;4980.0;29.0;0.0;0.0;0.0;0.0;4977.0;7635.5
-2;789.0;4974.0;23.0;0.0;0.0;0.0;0.0;4981.0;24.0;0.0;0.0;0.0;0.0;4977.5;7392.75
-2;790.0;4974.0;30.0;0.0;0.0;0.0;0.0;4981.0;30.0;0.0;0.0;0.0;0.0;4977.5;7453.0
-2;791.0;4975.0;1.0;4974.0;21.0;0.0;0.0;4981.0;22.0;0.0;0.0;0.0;0.0;4978.0;7067.5
-2;792.0;4978.0;2.0;4974.0;27.0;0.0;0.0;4981.0;27.0;0.0;0.0;0.0;0.0;4979.5;7372.5
-2;793.0;4974.0;30.0;0.0;0.0;0.0;0.0;4979.0;5.0;4981.0;30.0;0.0;0.0;4976.5;7438.0
-2;794.0;4977.0;4.0;4974.0;29.0;0.0;0.0;4981.0;29.0;0.0;0.0;0.0;0.0;4979.0;7429.5
-2;795.0;4974.0;20.0;0.0;0.0;0.0;0.0;4981.0;20.0;0.0;0.0;0.0;0.0;4977.5;7095.25
-2;796.0;4975.0;28.0;0.0;0.0;0.0;0.0;4982.0;28.0;0.0;0.0;0.0;0.0;4978.5;6661.0
-2;797.0;4975.0;27.0;0.0;0.0;0.0;0.0;4982.0;27.0;0.0;0.0;0.0;0.0;4978.5;6764.0
-2;798.0;4975.0;2.0;4974.0;30.0;0.0;0.0;4981.0;32.0;0.0;0.0;0.0;0.0;4978.0;7062.75
-2;799.0;4974.0;22.0;0.0;0.0;0.0;0.0;4980.0;2.0;4981.0;20.0;0.0;0.0;4977.0;7514.0
-2;800.0;4975.0;4.0;4974.0;23.0;0.0;0.0;4981.0;23.0;0.0;0.0;0.0;0.0;4978.0;7189.0
-2;801.0;4975.0;5.0;4974.0;30.0;0.0;0.0;4981.0;30.0;0.0;0.0;0.0;0.0;4978.0;7223.75
-2;802.0;4974.0;31.0;0.0;0.0;0.0;0.0;4979.0;5.0;4981.0;31.0;0.0;0.0;4976.5;7402.0
-2;803.0;4974.0;27.0;0.0;0.0;0.0;0.0;4981.0;27.0;0.0;0.0;0.0;0.0;4977.5;7428.25
-2;804.0;4973.0;30.0;0.0;0.0;0.0;0.0;4980.0;30.0;0.0;0.0;0.0;0.0;4976.5;8088.75
-2;805.0;4972.0;23.0;0.0;0.0;0.0;0.0;4979.0;23.0;0.0;0.0;0.0;0.0;4975.5;8538.75
-2;806.0;4973.0;1.0;4972.0;21.0;0.0;0.0;4977.0;8.0;4979.0;23.0;0.0;0.0;4975.0;8312.75
-2;807.0;4974.0;3.0;4973.0;27.0;0.0;0.0;4979.0;1.0;4980.0;26.0;0.0;0.0;4976.5;8226.25
-2;808.0;4973.0;29.0;0.0;0.0;0.0;0.0;4979.0;2.0;4980.0;27.0;0.0;0.0;4976.0;8201.75
-2;809.0;4972.0;25.0;0.0;0.0;0.0;0.0;4977.0;5.0;4979.0;25.0;0.0;0.0;4974.5;8469.25
-2;810.0;4973.0;2.0;4972.0;28.0;0.0;0.0;4979.0;30.0;0.0;0.0;0.0;0.0;4976.0;8331.25
-2;811.0;4973.0;32.0;0.0;0.0;0.0;0.0;4980.0;32.0;0.0;0.0;0.0;0.0;4976.5;7893.75
-2;812.0;4973.0;29.0;0.0;0.0;0.0;0.0;4978.0;6.0;4979.0;1.0;4980.0;28.0;4975.5;8218.5
-2;813.0;4973.0;27.0;0.0;0.0;0.0;0.0;4978.0;3.0;4979.0;1.0;4980.0;26.0;4975.5;8228.75
-2;814.0;4973.0;2.0;4972.0;20.0;0.0;0.0;4977.0;7.0;4979.0;22.0;0.0;0.0;4975.0;8355.25
-2;815.0;4973.0;23.0;0.0;0.0;0.0;0.0;4979.0;23.0;0.0;0.0;0.0;0.0;4976.0;8277.5
-2;816.0;4973.0;2.0;4972.0;28.0;0.0;0.0;4979.0;28.0;0.0;0.0;0.0;0.0;4976.0;8288.0
-2;817.0;4973.0;10.0;4972.0;20.0;0.0;0.0;4979.0;20.0;0.0;0.0;0.0;0.0;4976.0;8339.5
-2;818.0;4972.0;27.0;0.0;0.0;0.0;0.0;4977.0;7.0;4979.0;27.0;0.0;0.0;4974.5;8577.75
-2;819.0;4973.0;8.0;4972.0;29.0;0.0;0.0;4979.0;29.0;0.0;0.0;0.0;0.0;4976.0;8593.5
-2;820.0;4972.0;27.0;0.0;0.0;0.0;0.0;4978.0;2.0;4979.0;25.0;0.0;0.0;4975.0;8764.25
-2;821.0;4976.0;5.0;4972.0;32.0;0.0;0.0;4978.0;2.0;4979.0;30.0;0.0;0.0;4977.0;8815.75
-2;822.0;4972.0;21.0;0.0;0.0;0.0;0.0;4978.0;1.0;4979.0;21.0;0.0;0.0;4975.0;8847.5
-2;823.0;4977.0;1.0;4972.0;30.0;0.0;0.0;4979.0;30.0;0.0;0.0;0.0;0.0;4978.0;8693.75
-2;824.0;4972.0;27.0;0.0;0.0;0.0;0.0;4978.0;1.0;4979.0;26.0;0.0;0.0;4975.0;8857.5
-2;825.0;4972.0;2.0;4971.0;24.0;0.0;0.0;4978.0;26.0;0.0;0.0;0.0;0.0;4975.0;8955.0
-2;826.0;4972.0;26.0;0.0;0.0;0.0;0.0;4975.0;2.0;4979.0;26.0;0.0;0.0;4973.5;8694.25
-2;827.0;4973.0;6.0;4972.0;23.0;0.0;0.0;4978.0;2.0;4979.0;21.0;0.0;0.0;4975.5;8761.25
-2;828.0;4972.0;31.0;0.0;0.0;0.0;0.0;4978.0;1.0;4979.0;30.0;0.0;0.0;4975.0;8843.5
-2;829.0;4972.0;22.0;0.0;0.0;0.0;0.0;4979.0;22.0;0.0;0.0;0.0;0.0;4975.5;8635.25
-2;830.0;4972.0;23.0;0.0;0.0;0.0;0.0;4977.0;1.0;4979.0;23.0;0.0;0.0;4974.5;8579.75
-2;831.0;4972.0;31.0;0.0;0.0;0.0;0.0;4979.0;31.0;0.0;0.0;0.0;0.0;4975.5;8570.5
-2;832.0;4972.0;21.0;0.0;0.0;0.0;0.0;4979.0;21.0;0.0;0.0;0.0;0.0;4975.5;8528.5
-2;833.0;4972.0;28.0;0.0;0.0;0.0;0.0;4978.0;1.0;4979.0;27.0;0.0;0.0;4975.0;8861.5
-2;834.0;4972.0;22.0;0.0;0.0;0.0;0.0;4979.0;22.0;0.0;0.0;0.0;0.0;4975.5;8750.5
-2;835.0;4973.0;2.0;4972.0;28.0;0.0;0.0;4979.0;30.0;0.0;0.0;0.0;0.0;4976.0;8381.25
-2;836.0;4973.0;2.0;4972.0;27.0;0.0;0.0;4977.0;1.0;4979.0;29.0;0.0;0.0;4975.0;8242.5
-2;837.0;4972.0;25.0;0.0;0.0;0.0;0.0;4979.0;25.0;0.0;0.0;0.0;0.0;4975.5;8664.75
-2;838.0;4972.0;27.0;0.0;0.0;0.0;0.0;4979.0;27.0;0.0;0.0;0.0;0.0;4975.5;8576.0
-2;839.0;4972.0;32.0;0.0;0.0;0.0;0.0;4978.0;2.0;4979.0;30.0;0.0;0.0;4975.0;8830.0
-2;840.0;4977.0;1.0;4972.0;1.0;4971.0;26.0;4978.0;27.0;0.0;0.0;0.0;0.0;4977.5;8903.0
-2;841.0;4971.0;25.0;0.0;0.0;0.0;0.0;4978.0;25.0;0.0;0.0;0.0;0.0;4974.5;8881.25
-2;842.0;4971.0;26.0;0.0;0.0;0.0;0.0;4978.0;26.0;0.0;0.0;0.0;0.0;4974.5;9210.0
-2;843.0;4972.0;2.0;4971.0;25.0;0.0;0.0;4978.0;27.0;0.0;0.0;0.0;0.0;4975.0;8869.5
-2;844.0;4971.0;25.0;0.0;0.0;0.0;0.0;4978.0;25.0;0.0;0.0;0.0;0.0;4974.5;8870.5
-2;845.0;4972.0;30.0;0.0;0.0;0.0;0.0;4977.0;7.0;4978.0;2.0;4979.0;28.0;4974.5;8668.75
-2;846.0;4972.0;29.0;0.0;0.0;0.0;0.0;4977.0;6.0;4979.0;29.0;0.0;0.0;4974.5;8509.0
-2;847.0;4973.0;2.0;4972.0;26.0;0.0;0.0;4979.0;28.0;0.0;0.0;0.0;0.0;4976.0;8149.75
-2;848.0;4978.0;1.0;4973.0;28.0;0.0;0.0;4980.0;28.0;0.0;0.0;0.0;0.0;4979.0;7843.25
-2;849.0;4973.0;1.0;4972.0;23.0;0.0;0.0;4979.0;24.0;0.0;0.0;0.0;0.0;4976.0;8257.25
-2;850.0;4973.0;2.0;4972.0;26.0;0.0;0.0;4979.0;28.0;0.0;0.0;0.0;0.0;4976.0;8256.25
-2;851.0;4971.0;30.0;0.0;0.0;0.0;0.0;4978.0;30.0;0.0;0.0;0.0;0.0;4974.5;8847.75
-2;852.0;4972.0;1.0;4971.0;25.0;0.0;0.0;4976.0;2.0;4978.0;26.0;0.0;0.0;4974.0;8979.75
-2;853.0;4972.0;27.0;0.0;0.0;0.0;0.0;4973.0;3.0;4977.0;1.0;4978.0;1.0;4972.5;8795.75
-2;854.0;4975.0;5.0;4972.0;28.0;0.0;0.0;4977.0;6.0;4979.0;28.0;0.0;0.0;4976.0;8550.5
-2;855.0;4973.0;6.0;4972.0;28.0;0.0;0.0;4979.0;29.0;0.0;0.0;0.0;0.0;4976.0;8208.5
-2;856.0;4972.0;28.0;0.0;0.0;0.0;0.0;4975.0;3.0;4979.0;28.0;0.0;0.0;4973.5;8321.5
-2;857.0;4973.0;1.0;4972.0;28.0;0.0;0.0;4979.0;29.0;0.0;0.0;0.0;0.0;4976.0;8244.0
-2;858.0;4972.0;28.0;0.0;0.0;0.0;0.0;4979.0;28.0;0.0;0.0;0.0;0.0;4975.5;8227.25
-2;859.0;4974.0;7.0;4973.0;29.0;0.0;0.0;4980.0;29.0;0.0;0.0;0.0;0.0;4977.0;7847.0
-2;860.0;4974.0;2.0;4973.0;29.0;0.0;0.0;4980.0;30.0;0.0;0.0;0.0;0.0;4977.0;7354.5
-2;861.0;4973.0;22.0;0.0;0.0;0.0;0.0;4978.0;5.0;4980.0;23.0;0.0;0.0;4975.5;7463.75
-2;862.0;4976.0;3.0;4975.0;20.0;0.0;0.0;4982.0;20.0;0.0;0.0;0.0;0.0;4979.0;6391.5
-2;863.0;4975.0;28.0;0.0;0.0;0.0;0.0;4976.0;2.0;4982.0;28.0;0.0;0.0;4975.5;6402.5
-2;864.0;4975.0;28.0;0.0;0.0;0.0;0.0;4981.0;1.0;4982.0;28.0;0.0;0.0;4978.0;6509.75
-2;865.0;4975.0;31.0;0.0;0.0;0.0;0.0;4982.0;31.0;0.0;0.0;0.0;0.0;4978.5;6347.25
-2;866.0;4975.0;23.0;0.0;0.0;0.0;0.0;4982.0;23.0;0.0;0.0;0.0;0.0;4978.5;6138.25
-2;867.0;4975.0;22.0;0.0;0.0;0.0;0.0;4980.0;5.0;4982.0;22.0;0.0;0.0;4977.5;5990.75
-2;868.0;4975.0;21.0;0.0;0.0;0.0;0.0;4982.0;21.0;0.0;0.0;0.0;0.0;4978.5;6186.75
-2;869.0;4976.0;23.0;0.0;0.0;0.0;0.0;4981.0;7.0;4983.0;23.0;0.0;0.0;4978.5;5714.5
-2;870.0;4976.0;23.0;0.0;0.0;0.0;0.0;4981.0;1.0;4982.0;1.0;4983.0;22.0;4978.5;5707.25
-2;871.0;4976.0;22.0;0.0;0.0;0.0;0.0;4983.0;22.0;0.0;0.0;0.0;0.0;4979.5;5264.75
-2;872.0;4977.0;23.0;0.0;0.0;0.0;0.0;4984.0;23.0;0.0;0.0;0.0;0.0;4980.5;4865.0
-2;873.0;4977.0;5.0;4976.0;20.0;0.0;0.0;4983.0;20.0;0.0;0.0;0.0;0.0;4980.0;5243.75
-2;874.0;4976.0;30.0;0.0;0.0;0.0;0.0;4981.0;3.0;4983.0;30.0;0.0;0.0;4978.5;5538.75
-2;875.0;4975.0;28.0;0.0;0.0;0.0;0.0;4982.0;28.0;0.0;0.0;0.0;0.0;4978.5;5840.25
-2;876.0;4976.0;24.0;0.0;0.0;0.0;0.0;4981.0;5.0;4982.0;2.0;4983.0;22.0;4978.5;5721.5
-2;877.0;4976.0;30.0;0.0;0.0;0.0;0.0;4982.0;2.0;4983.0;28.0;0.0;0.0;4979.0;5685.0
-2;878.0;4976.0;20.0;0.0;0.0;0.0;0.0;4981.0;2.0;4983.0;20.0;0.0;0.0;4978.5;5610.5
-2;879.0;4975.0;20.0;0.0;0.0;0.0;0.0;4982.0;20.0;0.0;0.0;0.0;0.0;4978.5;5863.25
-2;880.0;4976.0;25.0;0.0;0.0;0.0;0.0;4982.0;25.0;0.0;0.0;0.0;0.0;4979.0;5740.75
-2;881.0;4976.0;27.0;0.0;0.0;0.0;0.0;4983.0;27.0;0.0;0.0;0.0;0.0;4979.5;5352.25
-2;882.0;4976.0;28.0;0.0;0.0;0.0;0.0;4982.0;28.0;0.0;0.0;0.0;0.0;4979.0;5768.25
-2;883.0;4975.0;26.0;0.0;0.0;0.0;0.0;4977.0;3.0;4982.0;26.0;0.0;0.0;4976.0;5834.75
-2;884.0;4977.0;1.0;4976.0;26.0;0.0;0.0;4982.0;26.0;0.0;0.0;0.0;0.0;4979.5;5758.0
-2;885.0;4981.0;1.0;4975.0;28.0;0.0;0.0;4982.0;28.0;0.0;0.0;0.0;0.0;4981.5;5804.25
-2;886.0;4976.0;2.0;4975.0;20.0;0.0;0.0;4982.0;22.0;0.0;0.0;0.0;0.0;4979.0;5870.75
-2;887.0;4976.0;25.0;0.0;0.0;0.0;0.0;4983.0;25.0;0.0;0.0;0.0;0.0;4979.5;5331.25
-2;888.0;4977.0;28.0;0.0;0.0;0.0;0.0;4984.0;28.0;0.0;0.0;0.0;0.0;4980.5;4941.25
-2;889.0;4978.0;5.0;4977.0;31.0;0.0;0.0;4984.0;31.0;0.0;0.0;0.0;0.0;4981.0;4684.75
-2;890.0;4977.0;27.0;0.0;0.0;0.0;0.0;4984.0;27.0;0.0;0.0;0.0;0.0;4980.5;4927.25
-2;891.0;4978.0;1.0;4977.0;23.0;0.0;0.0;4984.0;24.0;0.0;0.0;0.0;0.0;4981.0;4240.5
-2;892.0;4983.0;1.0;4978.0;29.0;0.0;0.0;4984.0;2.0;4985.0;27.0;0.0;0.0;4983.5;4134.5
-2;893.0;4978.0;2.0;4977.0;28.0;0.0;0.0;4984.0;30.0;0.0;0.0;0.0;0.0;4981.0;4320.0
-2;894.0;4977.0;25.0;0.0;0.0;0.0;0.0;4984.0;25.0;0.0;0.0;0.0;0.0;4980.5;4429.5
-2;895.0;4983.0;1.0;4977.0;23.0;0.0;0.0;4984.0;23.0;0.0;0.0;0.0;0.0;4983.5;4586.25
-2;896.0;4978.0;27.0;0.0;0.0;0.0;0.0;4985.0;27.0;0.0;0.0;0.0;0.0;4981.5;3935.5
-2;897.0;4978.0;26.0;0.0;0.0;0.0;0.0;4983.0;6.0;4985.0;26.0;0.0;0.0;4980.5;3877.25
-2;898.0;4978.0;30.0;0.0;0.0;0.0;0.0;4985.0;30.0;0.0;0.0;0.0;0.0;4981.5;3862.5
-2;899.0;4977.0;28.0;0.0;0.0;0.0;0.0;4984.0;28.0;0.0;0.0;0.0;0.0;4980.5;4533.0
-2;900.0;4978.0;10.0;4977.0;26.0;0.0;0.0;4984.0;26.0;0.0;0.0;0.0;0.0;4981.0;4309.75
-2;901.0;4977.0;23.0;0.0;0.0;0.0;0.0;4984.0;24.0;0.0;0.0;0.0;0.0;4980.5;4638.25
-2;902.0;4977.0;28.0;0.0;0.0;0.0;0.0;4983.0;28.0;0.0;0.0;0.0;0.0;4980.0;4992.5
-2;903.0;4977.0;21.0;0.0;0.0;0.0;0.0;4984.0;21.0;0.0;0.0;0.0;0.0;4980.5;4810.5
-2;904.0;4977.0;8.0;4976.0;23.0;0.0;0.0;4983.0;23.0;0.0;0.0;0.0;0.0;4980.0;5082.5
-2;905.0;4977.0;25.0;0.0;0.0;0.0;0.0;4982.0;1.0;4984.0;25.0;0.0;0.0;4979.5;4828.25
-2;906.0;4977.0;24.0;0.0;0.0;0.0;0.0;4984.0;24.0;0.0;0.0;0.0;0.0;4980.5;4485.25
-2;907.0;4982.0;1.0;4977.0;10.0;4976.0;25.0;4983.0;25.0;0.0;0.0;0.0;0.0;4982.5;5044.5
-2;908.0;4977.0;1.0;4976.0;27.0;0.0;0.0;4981.0;6.0;4983.0;28.0;0.0;0.0;4979.0;5091.25
-2;909.0;4976.0;26.0;0.0;0.0;0.0;0.0;4982.0;1.0;4983.0;25.0;0.0;0.0;4979.0;5583.5
-2;910.0;4976.0;26.0;0.0;0.0;0.0;0.0;4983.0;26.0;0.0;0.0;0.0;0.0;4979.5;5607.75
-2;911.0;4976.0;31.0;0.0;0.0;0.0;0.0;4977.0;1.0;4983.0;31.0;0.0;0.0;4976.5;5329.75
-2;912.0;4979.0;1.0;4976.0;23.0;0.0;0.0;4982.0;2.0;4983.0;21.0;0.0;0.0;4980.5;5754.75
-2;913.0;4976.0;26.0;0.0;0.0;0.0;0.0;4983.0;26.0;0.0;0.0;0.0;0.0;4979.5;5200.25
-2;914.0;4976.0;27.0;0.0;0.0;0.0;0.0;4983.0;27.0;0.0;0.0;0.0;0.0;4979.5;5301.5
-2;915.0;4976.0;22.0;0.0;0.0;0.0;0.0;4983.0;22.0;0.0;0.0;0.0;0.0;4979.5;5673.75
-2;916.0;4976.0;25.0;0.0;0.0;0.0;0.0;4983.0;26.0;0.0;0.0;0.0;0.0;4979.5;5714.5
-2;917.0;4980.0;4.0;4976.0;30.0;0.0;0.0;4981.0;9.0;4983.0;30.0;0.0;0.0;4980.5;5473.75
-2;918.0;4976.0;2.0;4975.0;21.0;0.0;0.0;4982.0;23.0;0.0;0.0;0.0;0.0;4979.0;5907.25
-2;919.0;4975.0;24.0;0.0;0.0;0.0;0.0;4982.0;24.0;0.0;0.0;0.0;0.0;4978.5;5912.25
-2;920.0;4975.0;21.0;0.0;0.0;0.0;0.0;4982.0;22.0;0.0;0.0;0.0;0.0;4978.5;6341.5
-2;921.0;4975.0;28.0;0.0;0.0;0.0;0.0;4982.0;28.0;0.0;0.0;0.0;0.0;4978.5;5972.75
-2;922.0;4976.0;1.0;4975.0;21.0;0.0;0.0;4978.0;3.0;4982.0;22.0;0.0;0.0;4977.0;5930.25
-2;923.0;4975.0;30.0;0.0;0.0;0.0;0.0;4982.0;30.0;0.0;0.0;0.0;0.0;4978.5;6068.75
-2;924.0;4976.0;28.0;0.0;0.0;0.0;0.0;4977.0;1.0;4981.0;6.0;4982.0;2.0;4976.5;5749.75
-2;925.0;4975.0;27.0;0.0;0.0;0.0;0.0;4982.0;27.0;0.0;0.0;0.0;0.0;4978.5;6153.5
-2;926.0;4975.0;27.0;0.0;0.0;0.0;0.0;4976.0;11.0;4982.0;28.0;0.0;0.0;4975.5;6279.25
-2;927.0;4976.0;22.0;0.0;0.0;0.0;0.0;4982.0;1.0;4983.0;22.0;0.0;0.0;4979.0;5672.0
-2;928.0;4976.0;20.0;0.0;0.0;0.0;0.0;4982.0;20.0;0.0;0.0;0.0;0.0;4979.0;5717.75
-2;929.0;4976.0;22.0;0.0;0.0;0.0;0.0;4983.0;22.0;0.0;0.0;0.0;0.0;4979.5;5294.0
-2;930.0;4976.0;21.0;0.0;0.0;0.0;0.0;4983.0;21.0;0.0;0.0;0.0;0.0;4979.5;5238.75
-2;931.0;4976.0;22.0;0.0;0.0;0.0;0.0;4983.0;22.0;0.0;0.0;0.0;0.0;4979.5;5467.75
-2;932.0;4976.0;21.0;0.0;0.0;0.0;0.0;4982.0;1.0;4983.0;20.0;0.0;0.0;4979.0;5553.0
-2;933.0;4976.0;30.0;0.0;0.0;0.0;0.0;4982.0;2.0;4983.0;28.0;0.0;0.0;4979.0;5535.75
-2;934.0;4977.0;8.0;4976.0;25.0;0.0;0.0;4982.0;1.0;4983.0;24.0;0.0;0.0;4979.5;5672.75
-2;935.0;4980.0;5.0;4975.0;26.0;0.0;0.0;4982.0;26.0;0.0;0.0;0.0;0.0;4981.0;5939.75
-2;936.0;4975.0;28.0;0.0;0.0;0.0;0.0;4982.0;28.0;0.0;0.0;0.0;0.0;4978.5;6203.25
-2;937.0;4974.0;30.0;0.0;0.0;0.0;0.0;4979.0;8.0;4981.0;30.0;0.0;0.0;4976.5;6685.0
-2;938.0;4974.0;29.0;0.0;0.0;0.0;0.0;4979.0;8.0;4981.0;29.0;0.0;0.0;4976.5;6657.0
-2;939.0;4975.0;2.0;4974.0;26.0;0.0;0.0;4981.0;28.0;0.0;0.0;0.0;0.0;4978.0;6539.0
-2;940.0;4975.0;28.0;0.0;0.0;0.0;0.0;4978.0;4.0;4982.0;28.0;0.0;0.0;4976.5;6307.25
-2;941.0;4974.0;30.0;0.0;0.0;0.0;0.0;4981.0;30.0;0.0;0.0;0.0;0.0;4977.5;6892.0
-2;942.0;4974.0;28.0;0.0;0.0;0.0;0.0;4979.0;9.0;4981.0;28.0;0.0;0.0;4976.5;6640.25
-2;943.0;4975.0;1.0;4974.0;24.0;0.0;0.0;4981.0;25.0;0.0;0.0;0.0;0.0;4978.0;6653.25
-2;944.0;4974.0;21.0;0.0;0.0;0.0;0.0;4975.0;8.0;4981.0;22.0;0.0;0.0;4974.5;7115.0
-2;945.0;4974.0;23.0;0.0;0.0;0.0;0.0;4981.0;24.0;0.0;0.0;0.0;0.0;4977.5;7088.0
-2;946.0;4974.0;23.0;0.0;0.0;0.0;0.0;4975.0;1.0;4981.0;23.0;0.0;0.0;4974.5;6834.25
-2;947.0;4974.0;30.0;0.0;0.0;0.0;0.0;4981.0;30.0;0.0;0.0;0.0;0.0;4977.5;6674.5
-2;948.0;4975.0;22.0;0.0;0.0;0.0;0.0;4981.0;2.0;4982.0;20.0;0.0;0.0;4978.0;6449.25
-2;949.0;4975.0;26.0;0.0;0.0;0.0;0.0;4980.0;6.0;4982.0;26.0;0.0;0.0;4977.5;6153.75
-2;950.0;4975.0;30.0;0.0;0.0;0.0;0.0;4982.0;30.0;0.0;0.0;0.0;0.0;4978.5;5873.75
-2;951.0;4976.0;2.0;4975.0;21.0;0.0;0.0;4982.0;23.0;0.0;0.0;0.0;0.0;4979.0;5893.0
-2;952.0;4975.0;2.0;4974.0;23.0;0.0;0.0;4981.0;25.0;0.0;0.0;0.0;0.0;4978.0;6569.0
-2;953.0;4974.0;23.0;0.0;0.0;0.0;0.0;4981.0;23.0;0.0;0.0;0.0;0.0;4977.5;6815.0
-2;954.0;4974.0;30.0;0.0;0.0;0.0;0.0;4981.0;31.0;0.0;0.0;0.0;0.0;4977.5;6705.25
-2;955.0;4974.0;25.0;0.0;0.0;0.0;0.0;4981.0;25.0;0.0;0.0;0.0;0.0;4977.5;6856.75
-2;956.0;4974.0;21.0;0.0;0.0;0.0;0.0;4979.0;10.0;4981.0;21.0;0.0;0.0;4976.5;6642.75
-2;957.0;4980.0;1.0;4979.0;2.0;4975.0;22.0;4981.0;1.0;4982.0;21.0;0.0;0.0;4980.5;6392.75
-2;958.0;4975.0;32.0;0.0;0.0;0.0;0.0;4981.0;2.0;4982.0;30.0;0.0;0.0;4978.0;6388.0
-2;959.0;4975.0;25.0;0.0;0.0;0.0;0.0;4982.0;26.0;0.0;0.0;0.0;0.0;4978.5;5783.25
-2;960.0;4975.0;25.0;0.0;0.0;0.0;0.0;4980.0;4.0;4982.0;25.0;0.0;0.0;4977.5;6108.75
-2;961.0;4976.0;7.0;4975.0;21.0;0.0;0.0;4982.0;21.0;0.0;0.0;0.0;0.0;4979.0;5813.25
-2;962.0;4975.0;30.0;0.0;0.0;0.0;0.0;4977.0;4.0;4982.0;30.0;0.0;0.0;4976.0;5974.0
-2;963.0;4980.0;3.0;4975.0;29.0;0.0;0.0;4982.0;29.0;0.0;0.0;0.0;0.0;4981.0;6238.0
-2;964.0;4975.0;24.0;0.0;0.0;0.0;0.0;4982.0;24.0;0.0;0.0;0.0;0.0;4978.5;6052.25
-2;965.0;4976.0;3.0;4975.0;27.0;0.0;0.0;4982.0;27.0;0.0;0.0;0.0;0.0;4979.0;6261.5
-2;966.0;4975.0;23.0;0.0;0.0;0.0;0.0;4982.0;23.0;0.0;0.0;0.0;0.0;4978.5;5986.5
-2;967.0;4976.0;6.0;4975.0;31.0;0.0;0.0;4981.0;2.0;4982.0;29.0;0.0;0.0;4978.5;6376.5
-2;968.0;4975.0;25.0;0.0;0.0;0.0;0.0;4980.0;10.0;4981.0;2.0;4982.0;23.0;4977.5;6372.25
-2;969.0;4980.0;1.0;4975.0;2.0;4974.0;25.0;4981.0;27.0;0.0;0.0;0.0;0.0;4980.5;6655.5
-2;970.0;4975.0;10.0;4974.0;21.0;0.0;0.0;4981.0;21.0;0.0;0.0;0.0;0.0;4978.0;6742.25
-2;971.0;4974.0;24.0;0.0;0.0;0.0;0.0;4981.0;24.0;0.0;0.0;0.0;0.0;4977.5;6871.25
-2;972.0;4974.0;20.0;0.0;0.0;0.0;0.0;4979.0;2.0;4981.0;20.0;0.0;0.0;4976.5;7248.75
-2;973.0;4974.0;22.0;0.0;0.0;0.0;0.0;4981.0;22.0;0.0;0.0;0.0;0.0;4977.5;7040.75
-2;974.0;4974.0;2.0;4973.0;30.0;0.0;0.0;4975.0;5.0;4980.0;32.0;0.0;0.0;4974.5;7456.75
-2;975.0;4977.0;1.0;4974.0;5.0;4973.0;31.0;4980.0;31.0;0.0;0.0;0.0;0.0;4978.5;7784.0
-2;976.0;4974.0;6.0;4973.0;21.0;0.0;0.0;4980.0;22.0;0.0;0.0;0.0;0.0;4977.0;7497.75
-2;977.0;4974.0;31.0;0.0;0.0;0.0;0.0;4980.0;1.0;4981.0;30.0;0.0;0.0;4977.0;7184.5
-2;978.0;4974.0;32.0;0.0;0.0;0.0;0.0;4979.0;9.0;4981.0;32.0;0.0;0.0;4976.5;6971.5
-2;979.0;4974.0;24.0;0.0;0.0;0.0;0.0;4981.0;24.0;0.0;0.0;0.0;0.0;4977.5;6866.25
-2;980.0;4975.0;30.0;0.0;0.0;0.0;0.0;4982.0;30.0;0.0;0.0;0.0;0.0;4978.5;6123.5
-2;981.0;4975.0;1.0;4974.0;30.0;0.0;0.0;4981.0;31.0;0.0;0.0;0.0;0.0;4978.0;6527.75
-2;982.0;4974.0;27.0;0.0;0.0;0.0;0.0;4977.0;3.0;4981.0;27.0;0.0;0.0;4975.5;6781.25
-2;983.0;4974.0;26.0;0.0;0.0;0.0;0.0;4981.0;27.0;0.0;0.0;0.0;0.0;4977.5;7110.5
-2;984.0;4974.0;26.0;0.0;0.0;0.0;0.0;4981.0;26.0;0.0;0.0;0.0;0.0;4977.5;6819.75
-2;985.0;4974.0;26.0;0.0;0.0;0.0;0.0;4975.0;1.0;4977.0;1.0;4981.0;26.0;4974.5;6704.5
-2;986.0;4975.0;25.0;0.0;0.0;0.0;0.0;4981.0;1.0;4982.0;24.0;0.0;0.0;4978.0;6336.0
-2;987.0;4975.0;20.0;0.0;0.0;0.0;0.0;4980.0;10.0;4982.0;20.0;0.0;0.0;4977.5;6017.0
-2;988.0;4975.0;29.0;0.0;0.0;0.0;0.0;4980.0;1.0;4982.0;29.0;0.0;0.0;4977.5;6098.5
-2;989.0;4975.0;32.0;0.0;0.0;0.0;0.0;4981.0;2.0;4982.0;30.0;0.0;0.0;4978.0;6379.0
-2;990.0;4974.0;25.0;0.0;0.0;0.0;0.0;4981.0;25.0;0.0;0.0;0.0;0.0;4977.5;6726.5
-2;991.0;4975.0;23.0;0.0;0.0;0.0;0.0;4976.0;11.0;4982.0;23.0;0.0;0.0;4975.5;5990.0
-2;992.0;4976.0;2.0;4975.0;20.0;0.0;0.0;4982.0;22.0;0.0;0.0;0.0;0.0;4979.0;5639.0
-2;993.0;4981.0;1.0;4976.0;31.0;0.0;0.0;4982.0;2.0;4983.0;29.0;0.0;0.0;4981.5;5443.5
-2;994.0;4976.0;21.0;0.0;0.0;0.0;0.0;4982.0;1.0;4983.0;20.0;0.0;0.0;4979.0;5564.5
-2;995.0;4976.0;2.0;4975.0;24.0;0.0;0.0;4980.0;10.0;4982.0;26.0;0.0;0.0;4978.0;5637.5
-2;996.0;4981.0;1.0;4980.0;3.0;4976.0;2.0;4982.0;30.0;0.0;0.0;0.0;0.0;4981.5;5760.5
-2;997.0;4975.0;28.0;0.0;0.0;0.0;0.0;4982.0;28.0;0.0;0.0;0.0;0.0;4978.5;5939.5
-2;998.0;4974.0;31.0;0.0;0.0;0.0;0.0;4981.0;31.0;0.0;0.0;0.0;0.0;4977.5;6780.5
-2;999.0;4974.0;29.0;0.0;0.0;0.0;0.0;4981.0;29.0;0.0;0.0;0.0;0.0;4977.5;6808.0
-2;1000.0;4975.0;10.0;4974.0;28.0;0.0;0.0;4981.0;28.0;0.0;0.0;0.0;0.0;4978.0;6946.5
-2;1001.0;4974.0;30.0;0.0;0.0;0.0;0.0;4981.0;30.0;0.0;0.0;0.0;0.0;4977.5;6851.5
-2;1002.0;4974.0;28.0;0.0;0.0;0.0;0.0;4975.0;1.0;4981.0;28.0;0.0;0.0;4974.5;6785.0
-2;1003.0;4975.0;22.0;0.0;0.0;0.0;0.0;4976.0;4.0;4982.0;22.0;0.0;0.0;4975.5;6494.0
-2;1004.0;4975.0;28.0;0.0;0.0;0.0;0.0;4981.0;1.0;4982.0;27.0;0.0;0.0;4978.0;6504.0
-2;1005.0;4980.0;1.0;4976.0;5.0;4975.0;21.0;4982.0;21.0;0.0;0.0;0.0;0.0;4981.0;6233.0
-2;1006.0;4975.0;7.0;4974.0;24.0;0.0;0.0;4981.0;24.0;0.0;0.0;0.0;0.0;4978.0;7128.5
-2;1007.0;4974.0;2.0;4973.0;30.0;0.0;0.0;4980.0;31.0;0.0;0.0;0.0;0.0;4977.0;7516.5
-2;1008.0;4975.0;5.0;4974.0;27.0;0.0;0.0;4981.0;27.0;0.0;0.0;0.0;0.0;4978.0;6923.0
-2;1009.0;4974.0;22.0;0.0;0.0;0.0;0.0;4979.0;10.0;4980.0;1.0;4981.0;21.0;4976.5;7352.5
-2;1010.0;4974.0;2.0;4973.0;24.0;0.0;0.0;4980.0;26.0;0.0;0.0;0.0;0.0;4977.0;7454.5
-2;1011.0;4975.0;9.0;4974.0;21.0;0.0;0.0;4980.0;1.0;4981.0;20.0;0.0;0.0;4977.5;7215.0
-2;1012.0;4974.0;1.0;4973.0;27.0;0.0;0.0;4975.0;5.0;4980.0;28.0;0.0;0.0;4974.5;7527.0
-2;1013.0;4974.0;23.0;0.0;0.0;0.0;0.0;4980.0;2.0;4981.0;21.0;0.0;0.0;4977.0;7282.0
-2;1014.0;4973.0;28.0;0.0;0.0;0.0;0.0;4980.0;28.0;0.0;0.0;0.0;0.0;4976.5;7783.5
-2;1015.0;4973.0;2.0;4972.0;24.0;0.0;0.0;4979.0;26.0;0.0;0.0;0.0;0.0;4976.0;8454.0
-2;1016.0;4972.0;26.0;0.0;0.0;0.0;0.0;4977.0;9.0;4979.0;26.0;0.0;0.0;4974.5;8921.0
-2;1017.0;4971.0;28.0;0.0;0.0;0.0;0.0;4978.0;28.0;0.0;0.0;0.0;0.0;4974.5;9501.0
-2;1018.0;4972.0;1.0;4971.0;22.0;0.0;0.0;4978.0;22.0;0.0;0.0;0.0;0.0;4975.0;9512.5
-2;1019.0;4971.0;23.0;0.0;0.0;0.0;0.0;4976.0;7.0;4978.0;23.0;0.0;0.0;4973.5;9628.5
-2;1020.0;4971.0;21.0;0.0;0.0;0.0;0.0;4978.0;21.0;0.0;0.0;0.0;0.0;4974.5;9523.0
-2;1021.0;4971.0;25.0;0.0;0.0;0.0;0.0;4977.0;1.0;4978.0;24.0;0.0;0.0;4974.0;9889.0
-2;1022.0;4977.0;9.0;4973.0;2.0;4972.0;23.0;4978.0;1.0;4979.0;22.0;0.0;0.0;4977.5;9009.5
-2;1023.0;4972.0;31.0;0.0;0.0;0.0;0.0;4978.0;2.0;4979.0;29.0;0.0;0.0;4975.0;9048.5
-2;1024.0;4972.0;30.0;0.0;0.0;0.0;0.0;4977.0;3.0;4978.0;1.0;4979.0;29.0;4974.5;9075.5
-2;1025.0;4972.0;30.0;0.0;0.0;0.0;0.0;4979.0;31.0;0.0;0.0;0.0;0.0;4975.5;8919.0
-2;1026.0;4972.0;30.0;0.0;0.0;0.0;0.0;4975.0;2.0;4978.0;2.0;4979.0;28.0;4973.5;9011.5
-2;1027.0;4972.0;1.0;4971.0;22.0;0.0;0.0;4978.0;23.0;0.0;0.0;0.0;0.0;4975.0;9238.0
-2;1028.0;4972.0;1.0;4971.0;21.0;0.0;0.0;4978.0;22.0;0.0;0.0;0.0;0.0;4975.0;9213.5
-2;1029.0;4972.0;29.0;0.0;0.0;0.0;0.0;4979.0;29.0;0.0;0.0;0.0;0.0;4975.5;8898.0
-2;1030.0;4977.0;3.0;4972.0;25.0;0.0;0.0;4979.0;25.0;0.0;0.0;0.0;0.0;4978.0;8671.0
-2;1031.0;4973.0;2.0;4972.0;28.0;0.0;0.0;4979.0;30.0;0.0;0.0;0.0;0.0;4976.0;8393.0
-2;1032.0;4972.0;22.0;0.0;0.0;0.0;0.0;4979.0;22.0;0.0;0.0;0.0;0.0;4975.5;8600.0
-2;1033.0;4972.0;24.0;0.0;0.0;0.0;0.0;4979.0;24.0;0.0;0.0;0.0;0.0;4975.5;8874.5
-2;1034.0;4976.0;5.0;4974.0;7.0;4973.0;21.0;4980.0;21.0;0.0;0.0;0.0;0.0;4978.0;8164.0
-2;1035.0;4973.0;29.0;0.0;0.0;0.0;0.0;4979.0;1.0;4980.0;28.0;0.0;0.0;4976.0;8254.5
-2;1036.0;4973.0;31.0;0.0;0.0;0.0;0.0;4979.0;2.0;4980.0;29.0;0.0;0.0;4976.0;8089.5
-2;1037.0;4979.0;1.0;4978.0;1.0;4973.0;31.0;4980.0;31.0;0.0;0.0;0.0;0.0;4979.5;7830.5
-2;1038.0;4974.0;22.0;0.0;0.0;0.0;0.0;4980.0;2.0;4981.0;20.0;0.0;0.0;4977.0;7328.0
-2;1039.0;4973.0;31.0;0.0;0.0;0.0;0.0;4978.0;9.0;4980.0;31.0;0.0;0.0;4975.5;7815.5
-2;1040.0;4973.0;22.0;0.0;0.0;0.0;0.0;4980.0;22.0;0.0;0.0;0.0;0.0;4976.5;7992.5
-2;1041.0;4973.0;29.0;0.0;0.0;0.0;0.0;4980.0;29.0;0.0;0.0;0.0;0.0;4976.5;8152.0
-2;1042.0;4973.0;30.0;0.0;0.0;0.0;0.0;4980.0;30.0;0.0;0.0;0.0;0.0;4976.5;8265.0
-2;1043.0;4972.0;23.0;0.0;0.0;0.0;0.0;4977.0;4.0;4979.0;23.0;0.0;0.0;4974.5;9131.5
-2;1044.0;4972.0;24.0;0.0;0.0;0.0;0.0;4977.0;2.0;4978.0;1.0;4979.0;23.0;4974.5;9170.5
-2;1045.0;4970.0;21.0;0.0;0.0;0.0;0.0;4977.0;21.0;0.0;0.0;0.0;0.0;4973.5;10209.0
-2;1046.0;4971.0;25.0;0.0;0.0;0.0;0.0;4978.0;25.0;0.0;0.0;0.0;0.0;4974.5;10099.0
-2;1047.0;4971.0;27.0;0.0;0.0;0.0;0.0;4977.0;1.0;4978.0;26.0;0.0;0.0;4974.0;9911.0
-2;1048.0;4971.0;24.0;0.0;0.0;0.0;0.0;4976.0;7.0;4978.0;25.0;0.0;0.0;4973.5;9698.0
-2;1049.0;4971.0;1.0;4970.0;25.0;0.0;0.0;4977.0;27.0;0.0;0.0;0.0;0.0;4974.0;10131.0
-2;1050.0;4971.0;28.0;0.0;0.0;0.0;0.0;4976.0;9.0;4978.0;28.0;0.0;0.0;4973.5;9795.0
-2;1051.0;4971.0;31.0;0.0;0.0;0.0;0.0;4977.0;31.0;0.0;0.0;0.0;0.0;4974.0;10109.5
-2;1052.0;4970.0;29.0;0.0;0.0;0.0;0.0;4977.0;29.0;0.0;0.0;0.0;0.0;4973.5;10554.0
-2;1053.0;4970.0;21.0;0.0;0.0;0.0;0.0;4976.0;2.0;4977.0;20.0;0.0;0.0;4973.0;10907.0
-2;1054.0;4969.0;23.0;0.0;0.0;0.0;0.0;4974.0;2.0;4976.0;23.0;0.0;0.0;4971.5;11215.5
-2;1055.0;4969.0;29.0;0.0;0.0;0.0;0.0;4976.0;29.0;0.0;0.0;0.0;0.0;4972.5;11157.5
-2;1056.0;4970.0;22.0;0.0;0.0;0.0;0.0;4975.0;7.0;4976.0;1.0;4977.0;21.0;4972.5;10865.0
-2;1057.0;4969.0;29.0;0.0;0.0;0.0;0.0;4976.0;29.0;0.0;0.0;0.0;0.0;4972.5;11624.0
-2;1058.0;4969.0;31.0;0.0;0.0;0.0;0.0;4975.0;1.0;4976.0;30.0;0.0;0.0;4972.0;11822.5
-2;1059.0;4970.0;1.0;4969.0;28.0;0.0;0.0;4976.0;28.0;0.0;0.0;0.0;0.0;4973.0;11501.5
-2;1060.0;4969.0;27.0;0.0;0.0;0.0;0.0;4974.0;9.0;4976.0;27.0;0.0;0.0;4971.5;11431.5
-2;1061.0;4974.0;2.0;4970.0;1.0;4969.0;23.0;4976.0;23.0;0.0;0.0;0.0;0.0;4975.0;11252.5
-2;1062.0;4969.0;26.0;0.0;0.0;0.0;0.0;4975.0;2.0;4976.0;24.0;0.0;0.0;4972.0;11793.5
-2;1063.0;4969.0;23.0;0.0;0.0;0.0;0.0;4974.0;8.0;4976.0;23.0;0.0;0.0;4971.5;11453.5
-2;1064.0;4969.0;2.0;4968.0;20.0;0.0;0.0;4975.0;22.0;0.0;0.0;0.0;0.0;4972.0;12018.0
-2;1065.0;4969.0;1.0;4968.0;25.0;0.0;0.0;4975.0;26.0;0.0;0.0;0.0;0.0;4972.0;11950.5
-2;1066.0;4970.0;2.0;4969.0;22.0;0.0;0.0;4976.0;22.0;0.0;0.0;0.0;0.0;4973.0;11462.0
-2;1067.0;4970.0;20.0;0.0;0.0;0.0;0.0;4977.0;20.0;0.0;0.0;0.0;0.0;4973.5;10817.5
-2;1068.0;4970.0;30.0;0.0;0.0;0.0;0.0;4971.0;4.0;4975.0;10.0;4977.0;30.0;4970.5;10632.0
-2;1069.0;4970.0;23.0;0.0;0.0;0.0;0.0;4971.0;11.0;4977.0;23.0;0.0;0.0;4970.5;10301.0
-2;1070.0;4970.0;23.0;0.0;0.0;0.0;0.0;4977.0;23.0;0.0;0.0;0.0;0.0;4973.5;10495.5
-2;1071.0;4970.0;27.0;0.0;0.0;0.0;0.0;4971.0;1.0;4975.0;5.0;4977.0;27.0;4970.5;10674.0
-2;1072.0;4976.0;1.0;4971.0;1.0;4970.0;29.0;4977.0;30.0;0.0;0.0;0.0;0.0;4976.5;10240.0
-2;1073.0;4970.0;26.0;0.0;0.0;0.0;0.0;4977.0;26.0;0.0;0.0;0.0;0.0;4973.5;10240.0
-2;1074.0;4971.0;1.0;4970.0;28.0;0.0;0.0;4977.0;29.0;0.0;0.0;0.0;0.0;4974.0;10287.5
-2;1075.0;4970.0;25.0;0.0;0.0;0.0;0.0;4977.0;25.0;0.0;0.0;0.0;0.0;4973.5;10810.5
-2;1076.0;4970.0;25.0;0.0;0.0;0.0;0.0;4975.0;7.0;4977.0;25.0;0.0;0.0;4972.5;10755.5
-2;1077.0;4970.0;22.0;0.0;0.0;0.0;0.0;4977.0;22.0;0.0;0.0;0.0;0.0;4973.5;10534.5
-2;1078.0;4970.0;22.0;0.0;0.0;0.0;0.0;4976.0;2.0;4977.0;20.0;0.0;0.0;4973.0;10831.5
-2;1079.0;4970.0;22.0;0.0;0.0;0.0;0.0;4975.0;2.0;4976.0;1.0;4977.0;21.0;4972.5;11030.5
-2;1080.0;4971.0;3.0;4970.0;25.0;0.0;0.0;4977.0;25.0;0.0;0.0;0.0;0.0;4974.0;10438.5
-2;1081.0;4971.0;6.0;4970.0;32.0;0.0;0.0;4977.0;32.0;0.0;0.0;0.0;0.0;4974.0;10372.0
-2;1082.0;4970.0;29.0;0.0;0.0;0.0;0.0;4977.0;29.0;0.0;0.0;0.0;0.0;4973.5;10522.0
-2;1083.0;4970.0;25.0;0.0;0.0;0.0;0.0;4976.0;2.0;4977.0;23.0;0.0;0.0;4973.0;10954.5
-2;1084.0;4970.0;2.0;4969.0;25.0;0.0;0.0;4974.0;8.0;4976.0;27.0;0.0;0.0;4972.0;11190.5
-2;1085.0;4975.0;1.0;4970.0;1.0;4969.0;26.0;4976.0;27.0;0.0;0.0;0.0;0.0;4975.5;11286.5
-2;1086.0;4970.0;26.0;0.0;0.0;0.0;0.0;4977.0;26.0;0.0;0.0;0.0;0.0;4973.5;10768.5
-2;1087.0;4971.0;9.0;4970.0;26.0;0.0;0.0;4976.0;2.0;4977.0;24.0;0.0;0.0;4973.5;11044.5
-2;1088.0;4970.0;26.0;0.0;0.0;0.0;0.0;4977.0;26.0;0.0;0.0;0.0;0.0;4973.5;10355.5
-2;1089.0;4970.0;20.0;0.0;0.0;0.0;0.0;4973.0;5.0;4977.0;21.0;0.0;0.0;4971.5;10710.0
-2;1090.0;4970.0;28.0;0.0;0.0;0.0;0.0;4977.0;28.0;0.0;0.0;0.0;0.0;4973.5;10848.5
-2;1091.0;4970.0;22.0;0.0;0.0;0.0;0.0;4977.0;22.0;0.0;0.0;0.0;0.0;4973.5;10528.0
-2;1092.0;4973.0;6.0;4970.0;23.0;0.0;0.0;4975.0;2.0;4977.0;23.0;0.0;0.0;4974.0;10621.0
-2;1093.0;4970.0;26.0;0.0;0.0;0.0;0.0;4976.0;1.0;4977.0;25.0;0.0;0.0;4973.0;10941.5
-2;1094.0;4970.0;23.0;0.0;0.0;0.0;0.0;4977.0;23.0;0.0;0.0;0.0;0.0;4973.5;10993.5
-2;1095.0;4975.0;1.0;4970.0;30.0;0.0;0.0;4977.0;30.0;0.0;0.0;0.0;0.0;4976.0;10821.0
-2;1096.0;4969.0;22.0;0.0;0.0;0.0;0.0;4974.0;1.0;4976.0;22.0;0.0;0.0;4971.5;11485.0
-2;1097.0;4969.0;23.0;0.0;0.0;0.0;0.0;4974.0;6.0;4976.0;23.0;0.0;0.0;4971.5;11581.5
-2;1098.0;4970.0;2.0;4969.0;28.0;0.0;0.0;4976.0;28.0;0.0;0.0;0.0;0.0;4973.0;11624.5
-2;1099.0;4969.0;29.0;0.0;0.0;0.0;0.0;4974.0;9.0;4976.0;29.0;0.0;0.0;4971.5;11781.0
-2;1100.0;4969.0;26.0;0.0;0.0;0.0;0.0;4976.0;26.0;0.0;0.0;0.0;0.0;4972.5;11498.5
-2;1101.0;4969.0;30.0;0.0;0.0;0.0;0.0;4974.0;9.0;4976.0;30.0;0.0;0.0;4971.5;11722.0
-2;1102.0;4969.0;24.0;0.0;0.0;0.0;0.0;4975.0;1.0;4976.0;23.0;0.0;0.0;4972.0;11870.0
-2;1103.0;4969.0;23.0;0.0;0.0;0.0;0.0;4976.0;23.0;0.0;0.0;0.0;0.0;4972.5;11856.5
-2;1104.0;4969.0;30.0;0.0;0.0;0.0;0.0;4976.0;30.0;0.0;0.0;0.0;0.0;4972.5;11575.0
-2;1105.0;4969.0;29.0;0.0;0.0;0.0;0.0;4976.0;29.0;0.0;0.0;0.0;0.0;4972.5;11661.5
-2;1106.0;4970.0;23.0;0.0;0.0;0.0;0.0;4975.0;9.0;4976.0;1.0;4977.0;22.0;4972.5;11038.0
-2;1107.0;4969.0;23.0;0.0;0.0;0.0;0.0;4976.0;23.0;0.0;0.0;0.0;0.0;4972.5;11393.5
-2;1108.0;4970.0;22.0;0.0;0.0;0.0;0.0;4977.0;22.0;0.0;0.0;0.0;0.0;4973.5;10891.0
-2;1109.0;4969.0;27.0;0.0;0.0;0.0;0.0;4976.0;27.0;0.0;0.0;0.0;0.0;4972.5;11227.5
-2;1110.0;4970.0;2.0;4969.0;30.0;0.0;0.0;4976.0;32.0;0.0;0.0;0.0;0.0;4973.0;11292.0
-2;1111.0;4970.0;9.0;4969.0;27.0;0.0;0.0;4976.0;28.0;0.0;0.0;0.0;0.0;4973.0;11150.0
-2;1112.0;4971.0;9.0;4970.0;21.0;0.0;0.0;4977.0;21.0;0.0;0.0;0.0;0.0;4974.0;10347.0
-2;1113.0;4971.0;27.0;0.0;0.0;0.0;0.0;4977.0;1.0;4978.0;26.0;0.0;0.0;4974.0;9998.0
-2;1114.0;4970.0;20.0;0.0;0.0;0.0;0.0;4977.0;20.0;0.0;0.0;0.0;0.0;4973.5;10157.5
-2;1115.0;4971.0;28.0;0.0;0.0;0.0;0.0;4978.0;28.0;0.0;0.0;0.0;0.0;4974.5;9645.5
-2;1116.0;4971.0;25.0;0.0;0.0;0.0;0.0;4976.0;8.0;4978.0;25.0;0.0;0.0;4973.5;9730.0
-2;1117.0;4976.0;1.0;4971.0;31.0;0.0;0.0;4977.0;2.0;4978.0;29.0;0.0;0.0;4976.5;10040.5
-2;1118.0;4971.0;28.0;0.0;0.0;0.0;0.0;4977.0;2.0;4978.0;26.0;0.0;0.0;4974.0;9865.5
-2;1119.0;4971.0;26.0;0.0;0.0;0.0;0.0;4978.0;26.0;0.0;0.0;0.0;0.0;4974.5;9829.0
-2;1120.0;4971.0;26.0;0.0;0.0;0.0;0.0;4978.0;26.0;0.0;0.0;0.0;0.0;4974.5;9457.0
-2;1121.0;4971.0;28.0;0.0;0.0;0.0;0.0;4976.0;8.0;4978.0;28.0;0.0;0.0;4973.5;9673.0
-2;1122.0;4971.0;25.0;0.0;0.0;0.0;0.0;4978.0;25.0;0.0;0.0;0.0;0.0;4974.5;9524.5
-2;1123.0;4971.0;29.0;0.0;0.0;0.0;0.0;4976.0;6.0;4978.0;29.0;0.0;0.0;4973.5;9276.5
-2;1124.0;4972.0;7.0;4971.0;21.0;0.0;0.0;4978.0;23.0;0.0;0.0;0.0;0.0;4975.0;9165.5
-2;1125.0;4972.0;2.0;4971.0;27.0;0.0;0.0;4976.0;1.0;4978.0;29.0;0.0;0.0;4974.0;9179.5
-2;1126.0;4971.0;27.0;0.0;0.0;0.0;0.0;4978.0;27.0;0.0;0.0;0.0;0.0;4974.5;9455.5
-2;1127.0;4972.0;30.0;0.0;0.0;0.0;0.0;4978.0;1.0;4979.0;29.0;0.0;0.0;4975.0;9101.0
-2;1128.0;4972.0;22.0;0.0;0.0;0.0;0.0;4978.0;1.0;4979.0;21.0;0.0;0.0;4975.0;9048.0
-2;1129.0;4972.0;22.0;0.0;0.0;0.0;0.0;4979.0;22.0;0.0;0.0;0.0;0.0;4975.5;8854.0
-2;1130.0;4972.0;23.0;0.0;0.0;0.0;0.0;4979.0;23.0;0.0;0.0;0.0;0.0;4975.5;8992.5
-2;1131.0;4973.0;10.0;4972.0;24.0;0.0;0.0;4978.0;1.0;4979.0;23.0;0.0;0.0;4975.5;8988.5
-2;1132.0;4977.0;1.0;4972.0;1.0;4971.0;24.0;4978.0;25.0;0.0;0.0;0.0;0.0;4977.5;9396.5
-2;1133.0;4976.0;1.0;4972.0;6.0;4971.0;28.0;4978.0;28.0;0.0;0.0;0.0;0.0;4977.0;9367.0
-2;1134.0;4976.0;1.0;4972.0;21.0;0.0;0.0;4978.0;1.0;4979.0;20.0;0.0;0.0;4977.0;9066.5
-2;1135.0;4972.0;21.0;0.0;0.0;0.0;0.0;4978.0;1.0;4979.0;20.0;0.0;0.0;4975.0;9031.5
-2;1136.0;4972.0;20.0;0.0;0.0;0.0;0.0;4979.0;20.0;0.0;0.0;0.0;0.0;4975.5;8696.5
-2;1137.0;4972.0;28.0;0.0;0.0;0.0;0.0;4973.0;1.0;4979.0;28.0;0.0;0.0;4972.5;8573.5
-2;1138.0;4978.0;1.0;4973.0;26.0;0.0;0.0;4979.0;2.0;4980.0;24.0;0.0;0.0;4978.5;8036.5
-2;1139.0;4973.0;28.0;0.0;0.0;0.0;0.0;4979.0;2.0;4980.0;26.0;0.0;0.0;4976.0;8114.5
-2;1140.0;4977.0;11.0;4972.0;28.0;0.0;0.0;4979.0;28.0;0.0;0.0;0.0;0.0;4978.0;8756.5
-2;1141.0;4972.0;26.0;0.0;0.0;0.0;0.0;4979.0;26.0;0.0;0.0;0.0;0.0;4975.5;8586.0
-2;1142.0;4972.0;28.0;0.0;0.0;0.0;0.0;4979.0;28.0;0.0;0.0;0.0;0.0;4975.5;8652.0
-2;1143.0;4972.0;28.0;0.0;0.0;0.0;0.0;4978.0;1.0;4979.0;27.0;0.0;0.0;4975.0;9038.5
-2;1144.0;4972.0;21.0;0.0;0.0;0.0;0.0;4977.0;7.0;4979.0;22.0;0.0;0.0;4974.5;8778.5
-2;1145.0;4976.0;5.0;4973.0;2.0;4972.0;25.0;4979.0;25.0;0.0;0.0;0.0;0.0;4977.5;8674.5
-2;1146.0;4972.0;28.0;0.0;0.0;0.0;0.0;4979.0;28.0;0.0;0.0;0.0;0.0;4975.5;8499.0
-2;1147.0;4972.0;21.0;0.0;0.0;0.0;0.0;4979.0;21.0;0.0;0.0;0.0;0.0;4975.5;8631.0
-2;1148.0;4972.0;26.0;0.0;0.0;0.0;0.0;4975.0;6.0;4979.0;26.0;0.0;0.0;4973.5;8554.0
-2;1149.0;4972.0;31.0;0.0;0.0;0.0;0.0;4979.0;31.0;0.0;0.0;0.0;0.0;4975.5;8454.0
-2;1150.0;4973.0;25.0;0.0;0.0;0.0;0.0;4980.0;25.0;0.0;0.0;0.0;0.0;4976.5;7751.5
-2;1151.0;4973.0;23.0;0.0;0.0;0.0;0.0;4976.0;4.0;4979.0;2.0;4980.0;22.0;4974.5;8020.5
-2;1152.0;4973.0;26.0;0.0;0.0;0.0;0.0;4979.0;2.0;4980.0;24.0;0.0;0.0;4976.0;8025.5
-2;1153.0;4973.0;21.0;0.0;0.0;0.0;0.0;4979.0;2.0;4980.0;20.0;0.0;0.0;4976.0;7879.0
-2;1154.0;4972.0;28.0;0.0;0.0;0.0;0.0;4977.0;5.0;4979.0;28.0;0.0;0.0;4974.5;8566.5
-2;1155.0;4971.0;26.0;0.0;0.0;0.0;0.0;4974.0;6.0;4978.0;26.0;0.0;0.0;4972.5;9204.0
-2;1156.0;4973.0;2.0;4972.0;28.0;0.0;0.0;4979.0;30.0;0.0;0.0;0.0;0.0;4976.0;8333.5
-2;1157.0;4973.0;2.0;4972.0;27.0;0.0;0.0;4979.0;27.0;0.0;0.0;0.0;0.0;4976.0;9041.0
-2;1158.0;4973.0;10.0;4972.0;25.0;0.0;0.0;4979.0;25.0;0.0;0.0;0.0;0.0;4976.0;8811.5
-2;1159.0;4977.0;1.0;4972.0;1.0;4971.0;30.0;4978.0;31.0;0.0;0.0;0.0;0.0;4977.5;9151.5
-2;1160.0;4971.0;23.0;0.0;0.0;0.0;0.0;4978.0;23.0;0.0;0.0;0.0;0.0;4974.5;9459.5
-2;1161.0;4971.0;3.0;4970.0;26.0;0.0;0.0;4977.0;27.0;0.0;0.0;0.0;0.0;4974.0;10253.5
-2;1162.0;4970.0;32.0;0.0;0.0;0.0;0.0;4975.0;3.0;4977.0;32.0;0.0;0.0;4972.5;10614.5
-2;1163.0;4971.0;1.0;4970.0;22.0;0.0;0.0;4977.0;23.0;0.0;0.0;0.0;0.0;4974.0;10301.5
-2;1164.0;4973.0;2.0;4970.0;25.0;0.0;0.0;4977.0;25.0;0.0;0.0;0.0;0.0;4975.0;10857.5
-2;1165.0;4970.0;23.0;0.0;0.0;0.0;0.0;4977.0;23.0;0.0;0.0;0.0;0.0;4973.5;10620.5
-2;1166.0;4970.0;30.0;0.0;0.0;0.0;0.0;4977.0;30.0;0.0;0.0;0.0;0.0;4973.5;10495.5
-2;1167.0;4972.0;2.0;4971.0;22.0;0.0;0.0;4978.0;22.0;0.0;0.0;0.0;0.0;4975.0;9689.0
-2;1168.0;4976.0;1.0;4972.0;7.0;4971.0;30.0;4977.0;1.0;4978.0;29.0;0.0;0.0;4976.5;9880.0
-2;1169.0;4971.0;25.0;0.0;0.0;0.0;0.0;4978.0;25.0;0.0;0.0;0.0;0.0;4974.5;9376.5
-2;1170.0;4973.0;5.0;4972.0;32.0;0.0;0.0;4978.0;2.0;4979.0;30.0;0.0;0.0;4975.5;9021.5
-2;1171.0;4973.0;8.0;4972.0;24.0;0.0;0.0;4978.0;24.0;0.0;0.0;0.0;0.0;4975.5;9137.5
-2;1172.0;4971.0;27.0;0.0;0.0;0.0;0.0;4976.0;1.0;4978.0;27.0;0.0;0.0;4973.5;9803.5
-2;1173.0;4972.0;2.0;4971.0;24.0;0.0;0.0;4976.0;5.0;4978.0;26.0;0.0;0.0;4974.0;9200.5
-2;1174.0;4971.0;27.0;0.0;0.0;0.0;0.0;4978.0;27.0;0.0;0.0;0.0;0.0;4974.5;9747.5
-2;1175.0;4971.0;28.0;0.0;0.0;0.0;0.0;4977.0;2.0;4978.0;26.0;0.0;0.0;4974.0;9938.0
-2;1176.0;4971.0;26.0;0.0;0.0;0.0;0.0;4976.0;1.0;4978.0;26.0;0.0;0.0;4973.5;9584.5
-2;1177.0;4973.0;6.0;4972.0;23.0;0.0;0.0;4978.0;23.0;0.0;0.0;0.0;0.0;4975.5;9139.0
-2;1178.0;4971.0;27.0;0.0;0.0;0.0;0.0;4976.0;3.0;4978.0;27.0;0.0;0.0;4973.5;9480.5
-2;1179.0;4971.0;26.0;0.0;0.0;0.0;0.0;4978.0;26.0;0.0;0.0;0.0;0.0;4974.5;9494.5
-2;1180.0;4972.0;3.0;4971.0;22.0;0.0;0.0;4978.0;22.0;0.0;0.0;0.0;0.0;4975.0;9598.5
-2;1181.0;4972.0;28.0;0.0;0.0;0.0;0.0;4978.0;28.0;0.0;0.0;0.0;0.0;4975.0;9126.0
-2;1182.0;4973.0;29.0;0.0;0.0;0.0;0.0;4977.0;1.0;4979.0;29.0;0.0;0.0;4975.0;8119.0
-2;1183.0;4972.0;29.0;0.0;0.0;0.0;0.0;4973.0;7.0;4979.0;29.0;0.0;0.0;4972.5;8854.0
-2;1184.0;4972.0;26.0;0.0;0.0;0.0;0.0;4979.0;26.0;0.0;0.0;0.0;0.0;4975.5;8468.5
-2;1185.0;4971.0;23.0;0.0;0.0;0.0;0.0;4978.0;23.0;0.0;0.0;0.0;0.0;4974.5;9624.0
-2;1186.0;4972.0;3.0;4971.0;30.0;0.0;0.0;4978.0;30.0;0.0;0.0;0.0;0.0;4975.0;9619.0
-2;1187.0;4971.0;30.0;0.0;0.0;0.0;0.0;4976.0;10.0;4977.0;1.0;4978.0;30.0;4973.5;10065.0
-2;1188.0;4971.0;28.0;0.0;0.0;0.0;0.0;4978.0;28.0;0.0;0.0;0.0;0.0;4974.5;9260.0
-2;1189.0;4972.0;1.0;4971.0;28.0;0.0;0.0;4978.0;29.0;0.0;0.0;0.0;0.0;4975.0;9193.5
-2;1190.0;4971.0;29.0;0.0;0.0;0.0;0.0;4978.0;29.0;0.0;0.0;0.0;0.0;4974.5;9492.5
-2;1191.0;4976.0;1.0;4971.0;32.0;0.0;0.0;4978.0;32.0;0.0;0.0;0.0;0.0;4977.0;9695.0
-2;1192.0;4971.0;23.0;0.0;0.0;0.0;0.0;4977.0;1.0;4978.0;22.0;0.0;0.0;4974.0;9928.5
-2;1193.0;4971.0;27.0;0.0;0.0;0.0;0.0;4978.0;27.0;0.0;0.0;0.0;0.0;4974.5;9853.0
-2;1194.0;4971.0;29.0;0.0;0.0;0.0;0.0;4976.0;5.0;4977.0;2.0;4978.0;27.0;4973.5;9918.0
-2;1195.0;4971.0;24.0;0.0;0.0;0.0;0.0;4978.0;24.0;0.0;0.0;0.0;0.0;4974.5;9655.0
-2;1196.0;4973.0;6.0;4972.0;27.0;0.0;0.0;4978.0;1.0;4979.0;26.0;0.0;0.0;4975.5;8996.5
-2;1197.0;4972.0;21.0;0.0;0.0;0.0;0.0;4979.0;21.0;0.0;0.0;0.0;0.0;4975.5;8711.5
-2;1198.0;4972.0;1.0;4971.0;28.0;0.0;0.0;4978.0;30.0;0.0;0.0;0.0;0.0;4975.0;9210.0
-2;1199.0;4972.0;4.0;4971.0;31.0;0.0;0.0;4977.0;2.0;4978.0;29.0;0.0;0.0;4974.5;9874.0
-2;1200.0;4970.0;27.0;0.0;0.0;0.0;0.0;4975.0;2.0;4977.0;27.0;0.0;0.0;4972.5;10183.5
-2;1201.0;4972.0;2.0;4971.0;23.0;0.0;0.0;4978.0;23.0;0.0;0.0;0.0;0.0;4975.0;9754.0
-2;1202.0;4971.0;27.0;0.0;0.0;0.0;0.0;4976.0;6.0;4977.0;1.0;4978.0;26.0;4973.5;9892.0
-2;1203.0;4970.0;21.0;0.0;0.0;0.0;0.0;4971.0;1.0;4975.0;8.0;4977.0;21.0;4970.5;10165.5
-2;1204.0;4971.0;29.0;0.0;0.0;0.0;0.0;4977.0;29.0;0.0;0.0;0.0;0.0;4974.0;10109.5
-2;1205.0;4970.0;31.0;0.0;0.0;0.0;0.0;4977.0;31.0;0.0;0.0;0.0;0.0;4973.5;10689.0
-2;1206.0;4970.0;31.0;0.0;0.0;0.0;0.0;4974.0;4.0;4976.0;31.0;0.0;0.0;4972.0;11155.0
-2;1207.0;4970.0;28.0;0.0;0.0;0.0;0.0;4976.0;1.0;4977.0;27.0;0.0;0.0;4973.0;10947.5
-2;1208.0;4970.0;28.0;0.0;0.0;0.0;0.0;4976.0;1.0;4977.0;28.0;0.0;0.0;4973.0;11069.0
