day;timestamp;bid_price_1;bid_volume_1;bid_price_2;bid_volume_2;bid_price_3;bid_volume_3;ask_price_1;ask_volume_1;ask_price_2;ask_volume_2;ask_price_3;ask_volume_3;mid_price;profit_and_loss
0;20001.0;3997.0;19.0;3996.0;58.0;0.0;0.0;4003.0;19.0;4005.0;58.0;0.0;0.0;4000.0;0.0
0;20002.0;3996.0;12.0;3995.0;59.0;0.0;0.0;4003.0;12.0;4004.0;59.0;0.0;0.0;3999.5;20.396484375
0;20003.0;3995.0;14.0;3994.0;52.0;0.0;0.0;4002.0;14.0;4003.0;52.0;0.0;0.0;3998.5;26.556640625
0;20004.0;3995.0;11.0;3994.0;42.0;0.0;0.0;4002.0;11.0;4003.0;42.0;0.0;0.0;3998.5;24.740234375
0;20005.0;3996.0;13.0;3995.0;56.0;0.0;0.0;4003.0;13.0;4004.0;56.0;0.0;0.0;3999.5;22.498046875
0;20006.0;3996.0;16.0;3995.0;48.0;0.0;0.0;4003.0;16.0;4004.0;48.0;0.0;0.0;3999.5;23.44140625
0;20007.0;3996.0;13.0;3995.0;55.0;0.0;0.0;4003.0;13.0;4004.0;55.0;0.0;0.0;3999.5;22.33984375
0;20008.0;3997.0;16.0;3996.0;57.0;0.0;0.0;4004.0;16.0;4005.0;57.0;0.0;0.0;4000.5;17.17578125
0;20009.0;3997.0;10.0;3996.0;51.0;0.0;0.0;4004.0;10.0;4005.0;51.0;0.0;0.0;4000.5;-26.3984375
0;20010.0;3998.0;20.0;3997.0;49.0;0.0;0.0;4005.0;20.0;4006.0;49.0;0.0;0.0;4001.5;-32.4375
0;20011.0;3998.0;16.0;3997.0;56.0;0.0;0.0;4005.0;16.0;4006.0;56.0;0.0;0.0;4001.5;-38.3125
0;20012.0;3997.0;16.0;3996.0;48.0;0.0;0.0;4004.0;16.0;4005.0;48.0;0.0;0.0;4000.5;-30.890625
0;20013.0;3998.0;13.0;3997.0;54.0;0.0;0.0;4005.0;13.0;4006.0;54.0;0.0;0.0;4001.5;-39.125
0;20014.0;3997.0;14.0;3996.0;53.0;0.0;0.0;4000.0;4.0;4004.0;14.0;4005.0;53.0;3998.5;-24.9765625
0;20015.0;3997.0;15.0;3996.0;57.0;0.0;0.0;4004.0;15.0;4005.0;57.0;0.0;0.0;4000.5;-22.109375
0;20016.0;3997.0;18.0;3996.0;54.0;0.0;0.0;4004.0;18.0;4005.0;54.0;0.0;0.0;4000.5;-18.34375
0;20017.0;3996.0;10.0;3995.0;49.0;0.0;0.0;4003.0;10.0;4004.0;49.0;0.0;0.0;3999.5;-3.515625
0;20018.0;3996.0;20.0;3995.0;55.0;0.0;0.0;4003.0;20.0;4004.0;55.0;0.0;0.0;3999.5;-2.546875
0;20019.0;3997.0;12.0;3996.0;43.0;0.0;0.0;4004.0;12.0;4005.0;43.0;0.0;0.0;4000.5;-16.6015625
0;20020.0;3996.0;17.0;3995.0;53.0;0.0;0.0;4003.0;17.0;4004.0;53.0;0.0;0.0;3999.5;-13.6640625
0;20021.0;3996.0;14.0;3995.0;55.0;0.0;0.0;4003.0;14.0;4004.0;55.0;0.0;0.0;3999.5;-3.296875
0;20022.0;3996.0;13.0;3995.0;56.0;0.0;0.0;4003.0;13.0;4004.0;56.0;0.0;0.0;3999.5;-2.4921875
0;20023.0;3996.0;15.0;3995.0;48.0;0.0;0.0;4003.0;15.0;4004.0;48.0;0.0;0.0;3999.5;-9.78125
0;20024.0;3996.0;18.0;3995.0;60.0;0.0;0.0;4003.0;18.0;4004.0;60.0;0.0;0.0;3999.5;-11.421875
0;20025.0;3996.0;13.0;3995.0;58.0;0.0;0.0;4003.0;13.0;4004.0;58.0;0.0;0.0;3999.5;-11.375
0;20026.0;3999.0;27.0;3996.0;15.0;3995.0;57.0;4003.0;15.0;4004.0;57.0;0.0;0.0;4001.0;0.71875
0;20027.0;3996.0;15.0;3995.0;53.0;0.0;0.0;3998.0;11.0;4003.0;15.0;4004.0;53.0;3997.0;-3.546875
0;20028.0;3996.0;17.0;3995.0;48.0;0.0;0.0;4003.0;17.0;4004.0;48.0;0.0;0.0;3999.5;-7.6796875
0;20029.0;3997.0;20.0;3996.0;53.0;0.0;0.0;4004.0;20.0;4005.0;53.0;0.0;0.0;4000.5;-19.1484375
0;20030.0;3997.0;18.0;3996.0;59.0;0.0;0.0;4004.0;18.0;4005.0;59.0;0.0;0.0;4000.5;10.203125
0;20031.0;3998.0;13.0;3997.0;52.0;0.0;0.0;4005.0;13.0;4006.0;52.0;0.0;0.0;4001.5;-0.515625
0;20032.0;4000.0;7.0;3997.0;19.0;3996.0;46.0;4004.0;19.0;4005.0;46.0;0.0;0.0;4002.0;25.1875
0;20033.0;3996.0;12.0;3995.0;49.0;0.0;0.0;4003.0;12.0;4004.0;49.0;0.0;0.0;3999.5;47.65625
0;20034.0;3996.0;10.0;3995.0;52.0;0.0;0.0;4003.0;10.0;4004.0;52.0;0.0;0.0;3999.5;64.8515625
0;20035.0;3996.0;10.0;3995.0;54.0;0.0;0.0;4003.0;10.0;4004.0;54.0;0.0;0.0;3999.5;60.28125
0;20036.0;3995.0;10.0;3994.0;43.0;0.0;0.0;4002.0;10.0;4003.0;43.0;0.0;0.0;3998.5;72.6171875
0;20037.0;3996.0;16.0;3995.0;43.0;0.0;0.0;4003.0;16.0;4004.0;43.0;0.0;0.0;3999.5;52.2109375
0;20038.0;3996.0;10.0;3995.0;59.0;0.0;0.0;4003.0;10.0;4004.0;59.0;0.0;0.0;3999.5;48.4375
0;20039.0;4000.0;3.0;3996.0;11.0;3995.0;50.0;4003.0;11.0;4004.0;50.0;0.0;0.0;4001.5;42.7890625
0;20040.0;3997.0;10.0;3996.0;47.0;0.0;0.0;4004.0;10.0;4005.0;47.0;0.0;0.0;4000.5;31.1015625
0;20041.0;3997.0;13.0;3996.0;52.0;0.0;0.0;4004.0;13.0;4005.0;52.0;0.0;0.0;4000.5;25.828125
0;20042.0;3996.0;19.0;3995.0;45.0;0.0;0.0;4003.0;19.0;4004.0;45.0;0.0;0.0;3999.5;47.90625
0;20043.0;3998.0;12.0;3997.0;47.0;0.0;0.0;4005.0;12.0;4006.0;47.0;0.0;0.0;4001.5;9.640625
0;20044.0;3998.0;10.0;3997.0;54.0;0.0;0.0;4001.0;1.0;4005.0;10.0;4006.0;54.0;3999.5;-13.1875
0;20045.0;3999.0;18.0;3998.0;40.0;0.0;0.0;4006.0;18.0;4007.0;40.0;0.0;0.0;4002.5;-82.09375
0;20046.0;3999.0;10.0;3998.0;58.0;0.0;0.0;4006.0;10.0;4007.0;58.0;0.0;0.0;4002.5;-66.59375
0;20047.0;3998.0;12.0;3997.0;45.0;0.0;0.0;4005.0;12.0;4006.0;45.0;0.0;0.0;4001.5;-28.34375
0;20048.0;3997.0;18.0;3996.0;47.0;0.0;0.0;4004.0;18.0;4005.0;47.0;0.0;0.0;4000.5;2.84375
0;20049.0;3996.0;15.0;3995.0;50.0;0.0;0.0;4003.0;15.0;4004.0;50.0;0.0;0.0;3999.5;24.65625
0;20050.0;3997.0;10.0;3996.0;43.0;0.0;0.0;4004.0;10.0;4005.0;43.0;0.0;0.0;4000.5;6.5
0;20051.0;3997.0;11.0;3996.0;42.0;0.0;0.0;4004.0;11.0;4005.0;42.0;0.0;0.0;4000.5;-12.046875
0;20052.0;3998.0;15.0;3997.0;57.0;0.0;0.0;4005.0;15.0;4006.0;57.0;0.0;0.0;4001.5;-42.140625
0;20053.0;3999.0;15.0;3998.0;49.0;0.0;0.0;4002.0;12.0;4006.0;15.0;4007.0;49.0;4000.5;-86.390625
0;20054.0;3999.0;14.0;3998.0;44.0;0.0;0.0;4006.0;14.0;4007.0;44.0;0.0;0.0;4002.5;-97.09375
0;20055.0;4000.0;20.0;3999.0;45.0;0.0;0.0;4007.0;20.0;4008.0;45.0;0.0;0.0;4003.5;-104.375
0;20056.0;3999.0;19.0;3998.0;60.0;0.0;0.0;4006.0;19.0;4007.0;60.0;0.0;0.0;4002.5;-145.671875
0;20057.0;3999.0;12.0;3998.0;41.0;0.0;0.0;4006.0;12.0;4007.0;41.0;0.0;0.0;4002.5;-135.734375
0;20058.0;3999.0;12.0;3998.0;40.0;0.0;0.0;4001.0;4.0;4006.0;12.0;4007.0;40.0;4000.0;-101.796875
0;20059.0;3999.0;12.0;3998.0;44.0;0.0;0.0;4006.0;12.0;4007.0;44.0;0.0;0.0;4002.5;-116.671875
0;20060.0;3999.0;16.0;3998.0;49.0;0.0;0.0;4006.0;16.0;4007.0;49.0;0.0;0.0;4002.5;-125.890625
0;20061.0;3999.0;11.0;3998.0;50.0;0.0;0.0;4006.0;11.0;4007.0;50.0;0.0;0.0;4002.5;-113.953125
0;20062.0;3998.0;11.0;3997.0;49.0;0.0;0.0;4005.0;11.0;4006.0;49.0;0.0;0.0;4001.5;-90.1875
0;20063.0;3999.0;13.0;3998.0;56.0;0.0;0.0;4006.0;13.0;4007.0;56.0;0.0;0.0;4002.5;-103.46875
0;20064.0;4003.0;6.0;3999.0;18.0;3998.0;52.0;4006.0;18.0;4007.0;52.0;0.0;0.0;4004.5;-141.390625
0;20065.0;3999.0;16.0;3998.0;40.0;0.0;0.0;4006.0;16.0;4007.0;40.0;0.0;0.0;4002.5;-143.734375
0;20066.0;3999.0;20.0;3998.0;56.0;0.0;0.0;4006.0;20.0;4007.0;56.0;0.0;0.0;4002.5;-152.109375
0;20067.0;3999.0;14.0;3998.0;56.0;0.0;0.0;4006.0;14.0;4007.0;56.0;0.0;0.0;4002.5;-135.71875
0;20068.0;3999.0;18.0;3998.0;54.0;0.0;0.0;4006.0;18.0;4007.0;54.0;0.0;0.0;4002.5;-128.234375
0;20069.0;3999.0;17.0;3998.0;59.0;0.0;0.0;4006.0;17.0;4007.0;59.0;0.0;0.0;4002.5;-118.75
0;20070.0;3999.0;20.0;3998.0;55.0;0.0;0.0;4001.0;7.0;4006.0;20.0;4007.0;55.0;4000.0;-110.1875
0;20071.0;3998.0;10.0;3997.0;44.0;0.0;0.0;4005.0;10.0;4006.0;44.0;0.0;0.0;4001.5;-92.34375
0;20072.0;3999.0;13.0;3998.0;54.0;0.0;0.0;4006.0;13.0;4007.0;54.0;0.0;0.0;4002.5;-104.046875
0;20073.0;3999.0;11.0;3998.0;45.0;0.0;0.0;4006.0;11.0;4007.0;45.0;0.0;0.0;4002.5;-142.640625
0;20074.0;3999.0;18.0;3998.0;60.0;0.0;0.0;4006.0;18.0;4007.0;60.0;0.0;0.0;4002.5;-114.375
0;20075.0;4000.0;10.0;3999.0;58.0;0.0;0.0;4007.0;10.0;4008.0;58.0;0.0;0.0;4003.5;-176.1875
0;20076.0;3999.0;11.0;3998.0;49.0;0.0;0.0;4006.0;11.0;4007.0;49.0;0.0;0.0;4002.5;-163.09375
0;20077.0;3999.0;10.0;3998.0;57.0;0.0;0.0;4006.0;10.0;4007.0;57.0;0.0;0.0;4002.5;-151.15625
0;20078.0;3998.0;15.0;3997.0;45.0;0.0;0.0;4005.0;15.0;4006.0;45.0;0.0;0.0;4001.5;-81.484375
0;20079.0;3997.0;12.0;3996.0;45.0;0.0;0.0;4004.0;12.0;4005.0;45.0;0.0;0.0;4000.5;-3.28125
0;20080.0;3997.0;15.0;3996.0;51.0;0.0;0.0;4004.0;15.0;4005.0;51.0;0.0;0.0;4000.5;-26.921875
0;20081.0;4000.0;2.0;3997.0;16.0;3996.0;48.0;4004.0;16.0;4005.0;48.0;0.0;0.0;4002.0;8.359375
0;20082.0;4000.0;12.0;3997.0;15.0;3996.0;58.0;4004.0;15.0;4005.0;58.0;0.0;0.0;4002.0;-17.53125
0;20083.0;3997.0;11.0;3996.0;59.0;0.0;0.0;4004.0;11.0;4005.0;59.0;0.0;0.0;4000.5;-19.078125
0;20084.0;4001.0;23.0;3997.0;17.0;3996.0;51.0;4004.0;17.0;4005.0;51.0;0.0;0.0;4002.5;-27.078125
0;20085.0;3998.0;17.0;3997.0;55.0;0.0;0.0;4005.0;17.0;4006.0;55.0;0.0;0.0;4001.5;-30.875
0;20086.0;3998.0;11.0;3997.0;52.0;0.0;0.0;4005.0;11.0;4006.0;52.0;0.0;0.0;4001.5;-27.875
0;20087.0;3996.0;12.0;3995.0;59.0;0.0;0.0;4003.0;12.0;4004.0;59.0;0.0;0.0;3999.5;102.28125
0;20088.0;3995.0;13.0;3994.0;40.0;0.0;0.0;4002.0;13.0;4003.0;40.0;0.0;0.0;3998.5;171.5625
0;20089.0;3996.0;15.0;3995.0;57.0;0.0;0.0;4003.0;15.0;4004.0;57.0;0.0;0.0;3999.5;133.0
0;20090.0;3997.0;11.0;3996.0;44.0;0.0;0.0;4004.0;11.0;4005.0;44.0;0.0;0.0;4000.5;53.59375
0;20091.0;3997.0;10.0;3996.0;47.0;0.0;0.0;4004.0;10.0;4005.0;47.0;0.0;0.0;4000.5;57.5
0;20092.0;3996.0;19.0;3995.0;44.0;0.0;0.0;4003.0;19.0;4004.0;44.0;0.0;0.0;3999.5;85.5625
0;20093.0;3996.0;20.0;3995.0;44.0;0.0;0.0;4003.0;20.0;4004.0;44.0;0.0;0.0;3999.5;141.09375
0;20094.0;3996.0;10.0;3995.0;52.0;0.0;0.0;4003.0;10.0;4004.0;52.0;0.0;0.0;3999.5;119.46875
0;20095.0;3995.0;15.0;3994.0;55.0;0.0;0.0;4002.0;15.0;4003.0;55.0;0.0;0.0;3998.5;191.125
0;20096.0;3994.0;14.0;3993.0;50.0;0.0;0.0;4001.0;14.0;4002.0;50.0;0.0;0.0;3997.5;240.8125
0;20097.0;3995.0;12.0;3994.0;46.0;0.0;0.0;4002.0;12.0;4003.0;46.0;0.0;0.0;3998.5;235.5
0;20098.0;3995.0;18.0;3994.0;59.0;0.0;0.0;4002.0;18.0;4003.0;59.0;0.0;0.0;3998.5;231.59375
0;20099.0;3994.0;13.0;3993.0;54.0;0.0;0.0;4001.0;13.0;4002.0;54.0;0.0;0.0;3997.5;241.96875
0;20100.0;3995.0;13.0;3994.0;56.0;0.0;0.0;4002.0;13.0;4003.0;56.0;0.0;0.0;3998.5;199.75
0;20101.0;3994.0;19.0;3993.0;51.0;0.0;0.0;4001.0;19.0;4002.0;51.0;0.0;0.0;3997.5;249.34375
0;20102.0;3994.0;10.0;3993.0;55.0;0.0;0.0;4001.0;10.0;4002.0;55.0;0.0;0.0;3997.5;296.84375
0;20103.0;3994.0;11.0;3993.0;40.0;0.0;0.0;4001.0;11.0;4002.0;40.0;0.0;0.0;3997.5;313.59375
0;20104.0;3994.0;18.0;3993.0;50.0;0.0;0.0;4001.0;18.0;4002.0;50.0;0.0;0.0;3997.5;311.09375
0;20105.0;3993.0;16.0;3992.0;55.0;0.0;0.0;4000.0;16.0;4001.0;55.0;0.0;0.0;3996.5;324.625
0;20106.0;3994.0;19.0;3993.0;40.0;0.0;0.0;4001.0;19.0;4002.0;40.0;0.0;0.0;3997.5;245.46875
0;20107.0;3994.0;18.0;3993.0;51.0;0.0;0.0;4001.0;18.0;4002.0;51.0;0.0;0.0;3997.5;269.59375
0;20108.0;3994.0;14.0;3993.0;53.0;0.0;0.0;4001.0;14.0;4002.0;53.0;0.0;0.0;3997.5;244.4375
0;20109.0;3998.0;27.0;3994.0;18.0;3993.0;47.0;4001.0;18.0;4002.0;47.0;0.0;0.0;3999.5;267.875
0;20110.0;3994.0;11.0;3993.0;60.0;0.0;0.0;4001.0;11.0;4002.0;60.0;0.0;0.0;3997.5;255.21875
0;20111.0;3994.0;14.0;3993.0;40.0;0.0;0.0;4001.0;14.0;4002.0;40.0;0.0;0.0;3997.5;272.9375
0;20112.0;3994.0;18.0;3993.0;60.0;0.0;0.0;4001.0;18.0;4002.0;60.0;0.0;0.0;3997.5;288.65625
0;20113.0;3995.0;11.0;3994.0;56.0;0.0;0.0;4002.0;11.0;4003.0;56.0;0.0;0.0;3998.5;224.1875
0;20114.0;3994.0;10.0;3993.0;50.0;0.0;0.0;4001.0;10.0;4002.0;50.0;0.0;0.0;3997.5;237.6875
0;20115.0;3995.0;14.0;3994.0;40.0;0.0;0.0;4002.0;14.0;4003.0;40.0;0.0;0.0;3998.5;169.46875
0;20116.0;3995.0;17.0;3994.0;47.0;0.0;0.0;4002.0;17.0;4003.0;47.0;0.0;0.0;3998.5;199.0
0;20117.0;3995.0;12.0;3994.0;49.0;0.0;0.0;4002.0;12.0;4003.0;49.0;0.0;0.0;3998.5;217.75
0;20118.0;3995.0;14.0;3994.0;43.0;0.0;0.0;4002.0;14.0;4003.0;43.0;0.0;0.0;3998.5;173.71875
0;20119.0;3994.0;19.0;3993.0;45.0;0.0;0.0;3997.0;3.0;4001.0;19.0;4002.0;45.0;3995.5;272.5
0;20120.0;3993.0;17.0;3992.0;57.0;0.0;0.0;4000.0;17.0;4001.0;57.0;0.0;0.0;3996.5;339.1875
0;20121.0;3993.0;13.0;3992.0;40.0;0.0;0.0;4000.0;13.0;4001.0;40.0;0.0;0.0;3996.5;301.4375
0;20122.0;3993.0;18.0;3992.0;54.0;0.0;0.0;4000.0;18.0;4001.0;54.0;0.0;0.0;3996.5;280.1875
0;20123.0;3997.0;5.0;3994.0;12.0;3993.0;45.0;4001.0;12.0;4002.0;45.0;0.0;0.0;3999.0;254.625
0;20124.0;3994.0;14.0;3993.0;54.0;0.0;0.0;4001.0;14.0;4002.0;54.0;0.0;0.0;3997.5;269.34375
0;20125.0;3993.0;11.0;3992.0;40.0;0.0;0.0;4000.0;11.0;4001.0;40.0;0.0;0.0;3996.5;357.53125
0;20126.0;3993.0;16.0;3992.0;41.0;0.0;0.0;4000.0;16.0;4001.0;41.0;0.0;0.0;3996.5;318.15625
0;20127.0;3993.0;12.0;3992.0;53.0;0.0;0.0;4000.0;12.0;4001.0;53.0;0.0;0.0;3996.5;297.15625
0;20128.0;3993.0;20.0;3992.0;50.0;0.0;0.0;4000.0;20.0;4001.0;50.0;0.0;0.0;3996.5;351.3125
0;20129.0;3993.0;13.0;3992.0;41.0;0.0;0.0;4000.0;13.0;4001.0;41.0;0.0;0.0;3996.5;347.34375
0;20130.0;3994.0;15.0;3993.0;42.0;0.0;0.0;4001.0;15.0;4002.0;42.0;0.0;0.0;3997.5;261.25
0;20131.0;3994.0;11.0;3993.0;41.0;0.0;0.0;4001.0;11.0;4002.0;41.0;0.0;0.0;3997.5;255.53125
0;20132.0;3993.0;20.0;3992.0;53.0;0.0;0.0;4000.0;20.0;4001.0;53.0;0.0;0.0;3996.5;312.59375
0;20133.0;3993.0;16.0;3992.0;53.0;0.0;0.0;4000.0;16.0;4001.0;53.0;0.0;0.0;3996.5;333.21875
0;20134.0;3993.0;15.0;3992.0;50.0;0.0;0.0;4000.0;15.0;4001.0;50.0;0.0;0.0;3996.5;351.0625
0;20135.0;3993.0;14.0;3992.0;47.0;0.0;0.0;4000.0;14.0;4001.0;47.0;0.0;0.0;3996.5;334.9375
0;20136.0;3994.0;16.0;3993.0;58.0;0.0;0.0;4001.0;16.0;4002.0;58.0;0.0;0.0;3997.5;291.8125
0;20137.0;3993.0;17.0;3992.0;57.0;0.0;0.0;4000.0;17.0;4001.0;57.0;0.0;0.0;3996.5;336.90625
0;20138.0;3993.0;19.0;3992.0;58.0;0.0;0.0;4000.0;19.0;4001.0;58.0;0.0;0.0;3996.5;368.40625
0;20139.0;3993.0;12.0;3992.0;47.0;0.0;0.0;4000.0;12.0;4001.0;47.0;0.0;0.0;3996.5;319.75
0;20140.0;3994.0;20.0;3993.0;58.0;0.0;0.0;4001.0;20.0;4002.0;58.0;0.0;0.0;3997.5;284.5
0;20141.0;3994.0;13.0;3993.0;60.0;0.0;0.0;4001.0;13.0;4002.0;60.0;0.0;0.0;3997.5;219.625
0;20142.0;3994.0;20.0;3993.0;43.0;0.0;0.0;4001.0;20.0;4002.0;43.0;0.0;0.0;3997.5;290.09375
0;20143.0;3993.0;10.0;3992.0;57.0;0.0;0.0;4000.0;10.0;4001.0;57.0;0.0;0.0;3996.5;336.375
0;20144.0;3994.0;20.0;3993.0;48.0;0.0;0.0;4001.0;20.0;4002.0;48.0;0.0;0.0;3997.5;288.34375
0;20145.0;3993.0;16.0;3992.0;44.0;0.0;0.0;4000.0;16.0;4001.0;44.0;0.0;0.0;3996.5;334.3125
0;20146.0;3997.0;7.0;3993.0;14.0;3992.0;49.0;4000.0;14.0;4001.0;49.0;0.0;0.0;3998.5;319.03125
0;20147.0;3993.0;11.0;3992.0;41.0;0.0;0.0;4000.0;11.0;4001.0;41.0;0.0;0.0;3996.5;321.90625
0;20148.0;3993.0;11.0;3992.0;42.0;0.0;0.0;3995.0;4.0;4000.0;11.0;4001.0;42.0;3994.0;358.15625
0;20149.0;3994.0;14.0;3993.0;49.0;0.0;0.0;4001.0;14.0;4002.0;49.0;0.0;0.0;3997.5;287.875
0;20150.0;3994.0;15.0;3993.0;42.0;0.0;0.0;4001.0;15.0;4002.0;42.0;0.0;0.0;3997.5;288.875
0;20151.0;3993.0;13.0;3992.0;46.0;0.0;0.0;4000.0;13.0;4001.0;46.0;0.0;0.0;3996.5;313.59375
0;20152.0;3993.0;14.0;3992.0;54.0;0.0;0.0;4000.0;14.0;4001.0;54.0;0.0;0.0;3996.5;321.5625
0;20153.0;3993.0;11.0;3992.0;52.0;0.0;0.0;4000.0;11.0;4001.0;52.0;0.0;0.0;3996.5;309.9375
0;20154.0;3993.0;14.0;3992.0;53.0;0.0;0.0;4000.0;14.0;4001.0;53.0;0.0;0.0;3996.5;386.0625
0;20155.0;3992.0;20.0;3991.0;53.0;0.0;0.0;3999.0;20.0;4000.0;53.0;0.0;0.0;3995.5;427.96875
0;20156.0;3991.0;15.0;3990.0;45.0;0.0;0.0;3998.0;15.0;3999.0;45.0;0.0;0.0;3994.5;489.90625
0;20157.0;3990.0;18.0;3989.0;44.0;0.0;0.0;3997.0;18.0;3998.0;44.0;0.0;0.0;3993.5;591.4375
0;20158.0;3991.0;12.0;3990.0;46.0;0.0;0.0;3998.0;12.0;3999.0;46.0;0.0;0.0;3994.5;544.71875
0;20159.0;3992.0;10.0;3991.0;55.0;0.0;0.0;3999.0;10.0;4000.0;55.0;0.0;0.0;3995.5;476.0
0;20160.0;3996.0;2.0;3992.0;20.0;3991.0;48.0;3999.0;20.0;4000.0;48.0;0.0;0.0;3997.5;419.03125
0;20161.0;3991.0;16.0;3990.0;59.0;0.0;0.0;3998.0;16.0;3999.0;59.0;0.0;0.0;3994.5;504.59375
0;20162.0;3991.0;15.0;3990.0;58.0;0.0;0.0;3994.0;20.0;3998.0;15.0;3999.0;58.0;3992.5;485.6875
0;20163.0;3992.0;10.0;3991.0;52.0;0.0;0.0;3994.0;1.0;3999.0;10.0;4000.0;52.0;3993.0;453.28125
0;20164.0;3992.0;16.0;3991.0;50.0;0.0;0.0;3999.0;16.0;4000.0;50.0;0.0;0.0;3995.5;481.03125
0;20165.0;3992.0;14.0;3991.0;52.0;0.0;0.0;3999.0;14.0;4000.0;52.0;0.0;0.0;3995.5;442.03125
0;20166.0;3991.0;20.0;3990.0;56.0;0.0;0.0;3998.0;20.0;3999.0;56.0;0.0;0.0;3994.5;496.0625
0;20167.0;3991.0;17.0;3990.0;45.0;0.0;0.0;3998.0;17.0;3999.0;45.0;0.0;0.0;3994.5;548.09375
0;20168.0;3990.0;16.0;3989.0;55.0;0.0;0.0;3997.0;16.0;3998.0;55.0;0.0;0.0;3993.5;588.5
0;20169.0;3990.0;14.0;3989.0;46.0;0.0;0.0;3997.0;14.0;3998.0;46.0;0.0;0.0;3993.5;623.5625
0;20170.0;3990.0;19.0;3989.0;59.0;0.0;0.0;3996.0;19.0;3997.0;59.0;0.0;0.0;3993.0;672.375
0;20171.0;3990.0;20.0;3989.0;54.0;0.0;0.0;3997.0;20.0;3998.0;54.0;0.0;0.0;3993.5;626.5
0;20172.0;3993.0;2.0;3989.0;14.0;3988.0;42.0;3996.0;14.0;3997.0;42.0;0.0;0.0;3994.5;678.3125
0;20173.0;3989.0;10.0;3988.0;59.0;0.0;0.0;3996.0;10.0;3997.0;59.0;0.0;0.0;3992.5;701.0
0;20174.0;3989.0;11.0;3988.0;50.0;0.0;0.0;3996.0;11.0;3997.0;50.0;0.0;0.0;3992.5;731.96875
0;20175.0;3990.0;13.0;3989.0;53.0;0.0;0.0;3997.0;13.0;3998.0;53.0;0.0;0.0;3993.5;626.6875
0;20176.0;3990.0;11.0;3989.0;58.0;0.0;0.0;3997.0;11.0;3998.0;58.0;0.0;0.0;3993.5;670.15625
0;20177.0;3990.0;20.0;3989.0;52.0;0.0;0.0;3997.0;20.0;3998.0;52.0;0.0;0.0;3993.5;647.875
0;20178.0;3991.0;12.0;3990.0;40.0;0.0;0.0;3998.0;12.0;3999.0;40.0;0.0;0.0;3994.5;560.96875
0;20179.0;3990.0;15.0;3989.0;57.0;0.0;0.0;3997.0;15.0;3998.0;57.0;0.0;0.0;3993.5;618.125
0;20180.0;3990.0;13.0;3989.0;40.0;0.0;0.0;3992.0;4.0;3997.0;13.0;3998.0;40.0;3991.0;658.375
0;20181.0;3989.0;13.0;3988.0;52.0;0.0;0.0;3996.0;13.0;3997.0;52.0;0.0;0.0;3992.5;674.5625
0;20182.0;3989.0;10.0;3988.0;53.0;0.0;0.0;3996.0;10.0;3997.0;53.0;0.0;0.0;3992.5;738.375
0;20183.0;3989.0;11.0;3988.0;55.0;0.0;0.0;3996.0;11.0;3997.0;55.0;0.0;0.0;3992.5;680.03125
0;20184.0;3989.0;10.0;3988.0;40.0;0.0;0.0;3996.0;10.0;3997.0;40.0;0.0;0.0;3992.5;703.125
0;20185.0;3990.0;13.0;3989.0;42.0;0.0;0.0;3997.0;13.0;3998.0;42.0;0.0;0.0;3993.5;653.125
0;20186.0;3990.0;18.0;3989.0;54.0;0.0;0.0;3997.0;18.0;3998.0;54.0;0.0;0.0;3993.5;627.96875
0;20187.0;3990.0;13.0;3989.0;42.0;0.0;0.0;3997.0;13.0;3998.0;42.0;0.0;0.0;3993.5;627.25
0;20188.0;3990.0;16.0;3989.0;48.0;0.0;0.0;3997.0;16.0;3998.0;48.0;0.0;0.0;3993.5;581.75
0;20189.0;3990.0;17.0;3989.0;56.0;0.0;0.0;3997.0;17.0;3998.0;56.0;0.0;0.0;3993.5;596.53125
0;20190.0;3991.0;17.0;3990.0;51.0;0.0;0.0;3998.0;17.0;3999.0;51.0;0.0;0.0;3994.5;546.46875
0;20191.0;3990.0;16.0;3989.0;41.0;0.0;0.0;3997.0;16.0;3998.0;41.0;0.0;0.0;3993.5;609.40625
0;20192.0;3990.0;16.0;3989.0;46.0;0.0;0.0;3997.0;16.0;3998.0;46.0;0.0;0.0;3993.5;645.21875
0;20193.0;3990.0;10.0;3989.0;41.0;0.0;0.0;3997.0;10.0;3998.0;41.0;0.0;0.0;3993.5;587.9375
0;20194.0;3989.0;17.0;3988.0;42.0;0.0;0.0;3996.0;17.0;3997.0;42.0;0.0;0.0;3992.5;688.125
0;20195.0;3990.0;16.0;3989.0;59.0;0.0;0.0;3997.0;16.0;3998.0;59.0;0.0;0.0;3993.5;665.71875
0;20196.0;3989.0;10.0;3988.0;45.0;0.0;0.0;3996.0;10.0;3997.0;45.0;0.0;0.0;3992.5;685.53125
0;20197.0;3989.0;20.0;3988.0;40.0;0.0;0.0;3996.0;20.0;3997.0;40.0;0.0;0.0;3992.5;711.78125
0;20198.0;3989.0;16.0;3988.0;40.0;0.0;0.0;3996.0;16.0;3997.0;40.0;0.0;0.0;3992.5;745.25
0;20199.0;3989.0;19.0;3988.0;45.0;0.0;0.0;3996.0;19.0;3997.0;45.0;0.0;0.0;3992.5;696.875
0;20200.0;3989.0;19.0;3988.0;60.0;0.0;0.0;3996.0;19.0;3997.0;60.0;0.0;0.0;3992.5;772.8125
0;20201.0;3989.0;14.0;3988.0;46.0;0.0;0.0;3996.0;14.0;3997.0;46.0;0.0;0.0;3992.5;731.78125
0;20202.0;3989.0;11.0;3988.0;47.0;0.0;0.0;3996.0;11.0;3997.0;47.0;0.0;0.0;3992.5;708.375
0;20203.0;3989.0;14.0;3988.0;44.0;0.0;0.0;3996.0;14.0;3997.0;44.0;0.0;0.0;3992.5;729.6875
0;20204.0;3989.0;15.0;3988.0;59.0;0.0;0.0;3996.0;15.0;3997.0;59.0;0.0;0.0;3992.5;734.1875
0;20205.0;3989.0;15.0;3988.0;42.0;0.0;0.0;3996.0;15.0;3997.0;42.0;0.0;0.0;3992.5;699.46875
0;20206.0;3989.0;11.0;3988.0;58.0;0.0;0.0;3992.0;25.0;3996.0;11.0;3997.0;58.0;3990.5;729.0625
0;20207.0;3988.0;13.0;3987.0;44.0;0.0;0.0;3995.0;13.0;3996.0;44.0;0.0;0.0;3991.5;804.1875
0;20208.0;3988.0;12.0;3987.0;56.0;0.0;0.0;3995.0;12.0;3996.0;56.0;0.0;0.0;3991.5;790.4375
0;20209.0;3988.0;20.0;3987.0;55.0;0.0;0.0;3995.0;20.0;3996.0;55.0;0.0;0.0;3991.5;832.28125
0;20210.0;3988.0;11.0;3987.0;43.0;0.0;0.0;3995.0;11.0;3996.0;43.0;0.0;0.0;3991.5;852.78125
0;20211.0;3988.0;19.0;3987.0;45.0;0.0;0.0;3995.0;19.0;3996.0;45.0;0.0;0.0;3991.5;850.34375
0;20212.0;3988.0;11.0;3987.0;41.0;0.0;0.0;3995.0;11.0;3996.0;41.0;0.0;0.0;3991.5;814.125
0;20213.0;3989.0;17.0;3988.0;51.0;0.0;0.0;3996.0;17.0;3997.0;51.0;0.0;0.0;3992.5;724.71875
0;20214.0;3989.0;14.0;3988.0;51.0;0.0;0.0;3996.0;14.0;3997.0;51.0;0.0;0.0;3992.5;707.9375
0;20215.0;3989.0;15.0;3988.0;56.0;0.0;0.0;3996.0;15.0;3997.0;56.0;0.0;0.0;3992.5;702.4375
0;20216.0;3990.0;11.0;3989.0;45.0;0.0;0.0;3997.0;11.0;3998.0;45.0;0.0;0.0;3993.5;662.125
0;20217.0;3990.0;16.0;3989.0;48.0;0.0;0.0;3997.0;16.0;3998.0;48.0;0.0;0.0;3993.5;648.1875
0;20218.0;3989.0;20.0;3988.0;40.0;0.0;0.0;3996.0;20.0;3997.0;40.0;0.0;0.0;3992.5;731.6875
0;20219.0;3989.0;10.0;3988.0;56.0;0.0;0.0;3996.0;10.0;3997.0;56.0;0.0;0.0;3992.5;761.53125
0;20220.0;3988.0;16.0;3987.0;54.0;0.0;0.0;3995.0;16.0;3996.0;54.0;0.0;0.0;3991.5;822.78125
0;20221.0;3988.0;20.0;3987.0;45.0;0.0;0.0;3995.0;20.0;3996.0;45.0;0.0;0.0;3991.5;737.4375
0;20222.0;3989.0;10.0;3988.0;57.0;0.0;0.0;3996.0;10.0;3997.0;57.0;0.0;0.0;3992.5;666.46875
0;20223.0;3989.0;13.0;3988.0;48.0;0.0;0.0;3996.0;13.0;3997.0;48.0;0.0;0.0;3992.5;646.75
0;20224.0;3989.0;11.0;3988.0;46.0;0.0;0.0;3996.0;11.0;3997.0;46.0;0.0;0.0;3992.5;704.5
0;20225.0;3989.0;11.0;3988.0;43.0;0.0;0.0;3996.0;11.0;3997.0;43.0;0.0;0.0;3992.5;659.90625
0;20226.0;3989.0;12.0;3988.0;44.0;0.0;0.0;3996.0;12.0;3997.0;44.0;0.0;0.0;3992.5;713.84375
0;20227.0;3989.0;13.0;3988.0;41.0;0.0;0.0;3996.0;13.0;3997.0;41.0;0.0;0.0;3992.5;699.875
0;20228.0;3988.0;11.0;3987.0;51.0;0.0;0.0;3995.0;11.0;3996.0;51.0;0.0;0.0;3991.5;767.0
0;20229.0;3987.0;10.0;3986.0;40.0;0.0;0.0;3994.0;10.0;3995.0;40.0;0.0;0.0;3990.5;844.5625
0;20230.0;3987.0;12.0;3986.0;57.0;0.0;0.0;3994.0;12.0;3995.0;57.0;0.0;0.0;3990.5;923.09375
0;20231.0;3987.0;20.0;3986.0;43.0;0.0;0.0;3994.0;20.0;3995.0;43.0;0.0;0.0;3990.5;926.0
0;20232.0;3986.0;12.0;3985.0;53.0;0.0;0.0;3993.0;12.0;3994.0;53.0;0.0;0.0;3989.5;963.40625
0;20233.0;3987.0;18.0;3986.0;42.0;0.0;0.0;3994.0;18.0;3995.0;42.0;0.0;0.0;3990.5;939.0
0;20234.0;3986.0;10.0;3985.0;45.0;0.0;0.0;3993.0;10.0;3994.0;45.0;0.0;0.0;3989.5;1012.3125
0;20235.0;3986.0;18.0;3985.0;47.0;0.0;0.0;3993.0;18.0;3994.0;47.0;0.0;0.0;3989.5;984.84375
0;20236.0;3986.0;13.0;3985.0;56.0;0.0;0.0;3989.0;5.0;3993.0;13.0;3994.0;56.0;3987.5;1019.84375
0;20237.0;3987.0;19.0;3986.0;59.0;0.0;0.0;3994.0;19.0;3995.0;59.0;0.0;0.0;3990.5;949.5
0;20238.0;3987.0;14.0;3986.0;55.0;0.0;0.0;3994.0;14.0;3995.0;55.0;0.0;0.0;3990.5;892.21875
0;20239.0;3987.0;20.0;3986.0;56.0;0.0;0.0;3994.0;20.0;3995.0;56.0;0.0;0.0;3990.5;904.53125
0;20240.0;3987.0;16.0;3986.0;46.0;0.0;0.0;3994.0;16.0;3995.0;46.0;0.0;0.0;3990.5;898.59375
0;20241.0;3987.0;13.0;3986.0;47.0;0.0;0.0;3994.0;13.0;3995.0;47.0;0.0;0.0;3990.5;885.0
0;20242.0;3987.0;20.0;3986.0;43.0;0.0;0.0;3994.0;20.0;3995.0;43.0;0.0;0.0;3990.5;859.0625
0;20243.0;3987.0;19.0;3986.0;51.0;0.0;0.0;3994.0;19.0;3995.0;51.0;0.0;0.0;3990.5;874.65625
0;20244.0;3988.0;10.0;3987.0;56.0;0.0;0.0;3995.0;10.0;3996.0;56.0;0.0;0.0;3991.5;813.09375
0;20245.0;3991.0;1.0;3988.0;10.0;3987.0;51.0;3995.0;10.0;3996.0;51.0;0.0;0.0;3993.0;841.90625
0;20246.0;3987.0;15.0;3986.0;54.0;0.0;0.0;3994.0;15.0;3995.0;54.0;0.0;0.0;3990.5;950.4375
0;20247.0;3987.0;19.0;3986.0;46.0;0.0;0.0;3994.0;19.0;3995.0;46.0;0.0;0.0;3990.5;936.71875
0;20248.0;3987.0;13.0;3986.0;57.0;0.0;0.0;3994.0;13.0;3995.0;57.0;0.0;0.0;3990.5;942.96875
0;20249.0;3987.0;20.0;3986.0;43.0;0.0;0.0;3994.0;20.0;3995.0;43.0;0.0;0.0;3990.5;896.25
0;20250.0;3987.0;20.0;3986.0;43.0;0.0;0.0;3994.0;20.0;3995.0;43.0;0.0;0.0;3990.5;862.84375
0;20251.0;3987.0;16.0;3986.0;48.0;0.0;0.0;3994.0;16.0;3995.0;48.0;0.0;0.0;3990.5;855.6875
0;20252.0;3987.0;14.0;3986.0;58.0;0.0;0.0;3994.0;14.0;3995.0;58.0;0.0;0.0;3990.5;849.8125
0;20253.0;3988.0;20.0;3987.0;41.0;0.0;0.0;3995.0;20.0;3996.0;41.0;0.0;0.0;3991.5;842.8125
0;20254.0;3987.0;12.0;3986.0;50.0;0.0;0.0;3994.0;12.0;3995.0;50.0;0.0;0.0;3990.5;880.09375
0;20255.0;3987.0;13.0;3986.0;50.0;0.0;0.0;3994.0;13.0;3995.0;50.0;0.0;0.0;3990.5;948.78125
0;20256.0;3986.0;19.0;3985.0;49.0;0.0;0.0;3993.0;19.0;3994.0;49.0;0.0;0.0;3989.5;995.15625
0;20257.0;3986.0;16.0;3985.0;40.0;0.0;0.0;3993.0;16.0;3994.0;40.0;0.0;0.0;3989.5;1000.4375
0;20258.0;3988.0;15.0;3985.0;10.0;3984.0;47.0;3992.0;10.0;3993.0;47.0;0.0;0.0;3990.0;1128.09375
0;20259.0;3988.0;4.0;3985.0;10.0;3984.0;48.0;3992.0;10.0;3993.0;48.0;0.0;0.0;3990.0;1152.75
0;20260.0;3988.0;2.0;3984.0;12.0;3983.0;47.0;3991.0;12.0;3992.0;47.0;0.0;0.0;3989.5;1208.15625
0;20261.0;3988.0;5.0;3984.0;20.0;3983.0;54.0;3991.0;20.0;3992.0;54.0;0.0;0.0;3989.5;1213.28125
0;20262.0;3984.0;14.0;3983.0;56.0;0.0;0.0;3991.0;14.0;3992.0;56.0;0.0;0.0;3987.5;1259.21875
0;20263.0;3984.0;10.0;3983.0;40.0;0.0;0.0;3991.0;10.0;3992.0;40.0;0.0;0.0;3987.5;1255.84375
0;20264.0;3984.0;13.0;3983.0;51.0;0.0;0.0;3991.0;13.0;3992.0;51.0;0.0;0.0;3987.5;1268.84375
0;20265.0;3984.0;12.0;3983.0;55.0;0.0;0.0;3991.0;12.0;3992.0;55.0;0.0;0.0;3987.5;1196.0625
0;20266.0;3984.0;16.0;3983.0;41.0;0.0;0.0;3991.0;16.0;3992.0;41.0;0.0;0.0;3987.5;1215.53125
0;20267.0;3984.0;20.0;3983.0;40.0;0.0;0.0;3991.0;20.0;3992.0;40.0;0.0;0.0;3987.5;1229.375
0;20268.0;3984.0;15.0;3983.0;57.0;0.0;0.0;3991.0;15.0;3992.0;57.0;0.0;0.0;3987.5;1228.0625
0;20269.0;3983.0;20.0;3982.0;41.0;0.0;0.0;3990.0;20.0;3991.0;41.0;0.0;0.0;3986.5;1330.5
0;20270.0;3983.0;11.0;3982.0;44.0;0.0;0.0;3990.0;11.0;3991.0;44.0;0.0;0.0;3986.5;1390.96875
0;20271.0;3983.0;15.0;3982.0;57.0;0.0;0.0;3990.0;15.0;3991.0;57.0;0.0;0.0;3986.5;1310.3125
0;20272.0;3984.0;10.0;3983.0;41.0;0.0;0.0;3991.0;10.0;3992.0;41.0;0.0;0.0;3987.5;1281.40625
0;20273.0;3984.0;12.0;3983.0;58.0;0.0;0.0;3991.0;12.0;3992.0;58.0;0.0;0.0;3987.5;1276.8125
0;20274.0;3984.0;16.0;3983.0;53.0;0.0;0.0;3991.0;16.0;3992.0;53.0;0.0;0.0;3987.5;1216.125
0;20275.0;3984.0;19.0;3983.0;57.0;0.0;0.0;3991.0;19.0;3992.0;57.0;0.0;0.0;3987.5;1226.40625
0;20276.0;3984.0;19.0;3983.0;50.0;0.0;0.0;3991.0;19.0;3992.0;50.0;0.0;0.0;3987.5;1240.5625
0;20277.0;3984.0;13.0;3983.0;55.0;0.0;0.0;3991.0;13.0;3992.0;55.0;0.0;0.0;3987.5;1257.75
0;20278.0;3983.0;11.0;3982.0;56.0;0.0;0.0;3990.0;11.0;3991.0;56.0;0.0;0.0;3986.5;1357.8125
0;20279.0;3983.0;14.0;3982.0;56.0;0.0;0.0;3990.0;14.0;3991.0;56.0;0.0;0.0;3986.5;1305.125
0;20280.0;3983.0;18.0;3982.0;60.0;0.0;0.0;3990.0;18.0;3991.0;60.0;0.0;0.0;3986.5;1315.9375
0;20281.0;3983.0;15.0;3982.0;59.0;0.0;0.0;3990.0;15.0;3991.0;59.0;0.0;0.0;3986.5;1321.375
0;20282.0;3986.0;2.0;3983.0;10.0;3982.0;56.0;3990.0;10.0;3991.0;56.0;0.0;0.0;3988.0;1340.3125
0;20283.0;3983.0;13.0;3982.0;53.0;0.0;0.0;3985.0;15.0;3990.0;13.0;3991.0;53.0;3984.0;1376.15625
0;20284.0;3982.0;17.0;3981.0;50.0;0.0;0.0;3989.0;17.0;3990.0;50.0;0.0;0.0;3985.5;1503.375
0;20285.0;3982.0;13.0;3981.0;46.0;0.0;0.0;3989.0;13.0;3990.0;46.0;0.0;0.0;3985.5;1495.03125
0;20286.0;3983.0;17.0;3982.0;45.0;0.0;0.0;3990.0;17.0;3991.0;45.0;0.0;0.0;3986.5;1372.5
0;20287.0;3983.0;16.0;3982.0;43.0;0.0;0.0;3990.0;16.0;3991.0;43.0;0.0;0.0;3986.5;1317.0625
0;20288.0;3983.0;11.0;3982.0;53.0;0.0;0.0;3990.0;11.0;3991.0;53.0;0.0;0.0;3986.5;1333.4375
0;20289.0;3983.0;20.0;3982.0;55.0;0.0;0.0;3990.0;20.0;3991.0;55.0;0.0;0.0;3986.5;1385.59375
0;20290.0;3983.0;14.0;3982.0;55.0;0.0;0.0;3990.0;14.0;3991.0;55.0;0.0;0.0;3986.5;1384.3125
0;20291.0;3983.0;15.0;3982.0;54.0;0.0;0.0;3990.0;15.0;3991.0;54.0;0.0;0.0;3986.5;1363.59375
0;20292.0;3983.0;10.0;3982.0;55.0;0.0;0.0;3990.0;10.0;3991.0;55.0;0.0;0.0;3986.5;1370.5
0;20293.0;3983.0;18.0;3982.0;50.0;0.0;0.0;3990.0;18.0;3991.0;50.0;0.0;0.0;3986.5;1323.75
0;20294.0;3983.0;19.0;3982.0;54.0;0.0;0.0;3990.0;19.0;3991.0;54.0;0.0;0.0;3986.5;1377.5
0;20295.0;3983.0;11.0;3982.0;52.0;0.0;0.0;3990.0;11.0;3991.0;52.0;0.0;0.0;3986.5;1317.59375
0;20296.0;3983.0;20.0;3982.0;41.0;0.0;0.0;3990.0;20.0;3991.0;41.0;0.0;0.0;3986.5;1309.0
0;20297.0;3983.0;18.0;3982.0;44.0;0.0;0.0;3990.0;18.0;3991.0;44.0;0.0;0.0;3986.5;1304.34375
0;20298.0;3983.0;18.0;3982.0;42.0;0.0;0.0;3990.0;18.0;3991.0;42.0;0.0;0.0;3986.5;1321.875
0;20299.0;3983.0;17.0;3982.0;41.0;0.0;0.0;3990.0;17.0;3991.0;41.0;0.0;0.0;3986.5;1300.75
0;20300.0;3983.0;16.0;3982.0;49.0;0.0;0.0;3990.0;16.0;3991.0;49.0;0.0;0.0;3986.5;1278.34375
0;20301.0;3984.0;17.0;3983.0;55.0;0.0;0.0;3991.0;17.0;3992.0;55.0;0.0;0.0;3987.5;1273.8125
0;20302.0;3987.0;28.0;3984.0;19.0;3983.0;50.0;3991.0;19.0;3992.0;50.0;0.0;0.0;3989.0;1235.96875
0;20303.0;3985.0;16.0;3984.0;41.0;0.0;0.0;3988.0;4.0;3992.0;16.0;3993.0;41.0;3986.5;1089.125
0;20304.0;3984.0;12.0;3983.0;51.0;0.0;0.0;3991.0;12.0;3992.0;51.0;0.0;0.0;3987.5;1199.625
0;20305.0;3983.0;20.0;3982.0;54.0;0.0;0.0;3990.0;20.0;3991.0;54.0;0.0;0.0;3986.5;1334.8125
0;20306.0;3987.0;4.0;3983.0;12.0;3982.0;58.0;3990.0;12.0;3991.0;58.0;0.0;0.0;3988.5;1329.0
0;20307.0;3983.0;10.0;3982.0;43.0;0.0;0.0;3990.0;10.0;3991.0;43.0;0.0;0.0;3986.5;1394.3125
0;20308.0;3983.0;12.0;3982.0;41.0;0.0;0.0;3990.0;12.0;3991.0;41.0;0.0;0.0;3986.5;1386.875
0;20309.0;3982.0;17.0;3981.0;56.0;0.0;0.0;3989.0;17.0;3990.0;56.0;0.0;0.0;3985.5;1495.4375
0;20310.0;3982.0;18.0;3981.0;48.0;0.0;0.0;3989.0;18.0;3990.0;48.0;0.0;0.0;3985.5;1486.625
0;20311.0;3983.0;10.0;3982.0;43.0;0.0;0.0;3990.0;10.0;3991.0;43.0;0.0;0.0;3986.5;1398.625
0;20312.0;3983.0;11.0;3982.0;59.0;0.0;0.0;3990.0;11.0;3991.0;59.0;0.0;0.0;3986.5;1324.1875
0;20313.0;3983.0;13.0;3982.0;46.0;0.0;0.0;3990.0;13.0;3991.0;46.0;0.0;0.0;3986.5;1398.3125
0;20314.0;3983.0;15.0;3982.0;47.0;0.0;0.0;3990.0;15.0;3991.0;47.0;0.0;0.0;3986.5;1423.25
0;20315.0;3983.0;12.0;3982.0;46.0;0.0;0.0;3990.0;12.0;3991.0;46.0;0.0;0.0;3986.5;1363.4375
0;20316.0;3984.0;11.0;3983.0;55.0;0.0;0.0;3991.0;11.0;3992.0;55.0;0.0;0.0;3987.5;1239.875
0;20317.0;3983.0;20.0;3982.0;54.0;0.0;0.0;3990.0;20.0;3991.0;54.0;0.0;0.0;3986.5;1272.5
0;20318.0;3983.0;17.0;3982.0;48.0;0.0;0.0;3990.0;17.0;3991.0;48.0;0.0;0.0;3986.5;1335.3125
0;20319.0;3984.0;10.0;3983.0;50.0;0.0;0.0;3991.0;10.0;3992.0;50.0;0.0;0.0;3987.5;1253.5
0;20320.0;3987.0;4.0;3983.0;20.0;3982.0;43.0;3990.0;20.0;3991.0;43.0;0.0;0.0;3988.5;1280.0625
0;20321.0;3983.0;20.0;3982.0;52.0;0.0;0.0;3990.0;20.0;3991.0;52.0;0.0;0.0;3986.5;1395.5625
0;20322.0;3983.0;15.0;3982.0;59.0;0.0;0.0;3990.0;15.0;3991.0;59.0;0.0;0.0;3986.5;1312.875
0;20323.0;3983.0;11.0;3982.0;50.0;0.0;0.0;3990.0;11.0;3991.0;50.0;0.0;0.0;3986.5;1445.625
0;20324.0;3982.0;18.0;3981.0;47.0;0.0;0.0;3985.0;11.0;3989.0;18.0;3990.0;47.0;3983.5;1499.75
0;20325.0;3983.0;16.0;3982.0;45.0;0.0;0.0;3990.0;16.0;3991.0;45.0;0.0;0.0;3986.5;1423.75
0;20326.0;3982.0;15.0;3981.0;41.0;0.0;0.0;3989.0;15.0;3990.0;41.0;0.0;0.0;3985.5;1473.5
0;20327.0;3983.0;14.0;3982.0;44.0;0.0;0.0;3990.0;14.0;3991.0;44.0;0.0;0.0;3986.5;1413.5
0;20328.0;3982.0;12.0;3981.0;59.0;0.0;0.0;3989.0;12.0;3990.0;59.0;0.0;0.0;3985.5;1510.4375
0;20329.0;3983.0;19.0;3982.0;42.0;0.0;0.0;3990.0;19.0;3991.0;42.0;0.0;0.0;3986.5;1449.5
0;20330.0;3986.0;4.0;3983.0;20.0;3982.0;60.0;3990.0;20.0;3991.0;60.0;0.0;0.0;3988.0;1409.25
0;20331.0;3984.0;16.0;3983.0;52.0;0.0;0.0;3986.0;1.0;3991.0;16.0;3992.0;52.0;3985.0;1280.8125
0;20332.0;3983.0;16.0;3982.0;58.0;0.0;0.0;3986.0;16.0;3990.0;16.0;3991.0;58.0;3984.5;1300.5
0;20333.0;3983.0;20.0;3982.0;57.0;0.0;0.0;3990.0;20.0;3991.0;57.0;0.0;0.0;3986.5;1328.75
0;20334.0;3983.0;14.0;3982.0;55.0;0.0;0.0;3990.0;14.0;3991.0;55.0;0.0;0.0;3986.5;1336.5625
0;20335.0;3984.0;19.0;3983.0;49.0;0.0;0.0;3991.0;19.0;3992.0;49.0;0.0;0.0;3987.5;1253.625
0;20336.0;3987.0;15.0;3983.0;17.0;3982.0;60.0;3990.0;17.0;3991.0;60.0;0.0;0.0;3988.5;1312.8125
0;20337.0;3983.0;18.0;3982.0;59.0;0.0;0.0;3990.0;18.0;3991.0;59.0;0.0;0.0;3986.5;1324.25
0;20338.0;3984.0;13.0;3983.0;54.0;0.0;0.0;3991.0;13.0;3992.0;54.0;0.0;0.0;3987.5;1169.75
0;20339.0;3985.0;13.0;3984.0;55.0;0.0;0.0;3992.0;13.0;3993.0;55.0;0.0;0.0;3988.5;1108.0
0;20340.0;3985.0;13.0;3984.0;43.0;0.0;0.0;3992.0;13.0;3993.0;43.0;0.0;0.0;3988.5;1050.75
0;20341.0;3985.0;16.0;3984.0;41.0;0.0;0.0;3992.0;16.0;3993.0;41.0;0.0;0.0;3988.5;1092.3125
0;20342.0;3985.0;12.0;3984.0;49.0;0.0;0.0;3992.0;12.0;3993.0;49.0;0.0;0.0;3988.5;1024.125
0;20343.0;3985.0;12.0;3984.0;40.0;0.0;0.0;3992.0;12.0;3993.0;40.0;0.0;0.0;3988.5;1116.8125
0;20344.0;3984.0;11.0;3983.0;60.0;0.0;0.0;3986.0;1.0;3991.0;11.0;3992.0;60.0;3985.0;1235.4375
0;20345.0;3983.0;12.0;3982.0;59.0;0.0;0.0;3990.0;12.0;3991.0;59.0;0.0;0.0;3986.5;1310.4375
0;20346.0;3984.0;12.0;3983.0;40.0;0.0;0.0;3991.0;12.0;3992.0;40.0;0.0;0.0;3987.5;1198.125
0;20347.0;3984.0;10.0;3983.0;53.0;0.0;0.0;3991.0;10.0;3992.0;53.0;0.0;0.0;3987.5;1185.0625
0;20348.0;3984.0;20.0;3983.0;47.0;0.0;0.0;3991.0;20.0;3992.0;47.0;0.0;0.0;3987.5;1249.8125
0;20349.0;3984.0;18.0;3983.0;51.0;0.0;0.0;3991.0;18.0;3992.0;51.0;0.0;0.0;3987.5;1279.0
0;20350.0;3984.0;19.0;3983.0;51.0;0.0;0.0;3991.0;19.0;3992.0;51.0;0.0;0.0;3987.5;1242.75
0;20351.0;3984.0;17.0;3983.0;52.0;0.0;0.0;3991.0;17.0;3992.0;52.0;0.0;0.0;3987.5;1147.4375
0;20352.0;3984.0;10.0;3983.0;48.0;0.0;0.0;3986.0;5.0;3991.0;10.0;3992.0;48.0;3985.0;1279.75
0;20353.0;3984.0;13.0;3983.0;46.0;0.0;0.0;3991.0;13.0;3992.0;46.0;0.0;0.0;3987.5;1171.8125
0;20354.0;3985.0;13.0;3984.0;54.0;0.0;0.0;3992.0;13.0;3993.0;54.0;0.0;0.0;3988.5;1096.6875
0;20355.0;3984.0;17.0;3983.0;49.0;0.0;0.0;3987.0;4.0;3991.0;17.0;3992.0;49.0;3985.5;1153.375
0;20356.0;3984.0;18.0;3983.0;55.0;0.0;0.0;3991.0;18.0;3992.0;55.0;0.0;0.0;3987.5;1185.875
0;20357.0;3984.0;11.0;3983.0;52.0;0.0;0.0;3991.0;11.0;3992.0;52.0;0.0;0.0;3987.5;1146.375
0;20358.0;3984.0;12.0;3983.0;50.0;0.0;0.0;3991.0;12.0;3992.0;50.0;0.0;0.0;3987.5;1169.75
0;20359.0;3984.0;19.0;3983.0;41.0;0.0;0.0;3991.0;19.0;3992.0;41.0;0.0;0.0;3987.5;1158.875
0;20360.0;3984.0;20.0;3983.0;60.0;0.0;0.0;3991.0;20.0;3992.0;60.0;0.0;0.0;3987.5;1212.5625
0;20361.0;3983.0;17.0;3982.0;45.0;0.0;0.0;3990.0;17.0;3991.0;45.0;0.0;0.0;3986.5;1369.3125
0;20362.0;3984.0;14.0;3983.0;55.0;0.0;0.0;3991.0;14.0;3992.0;55.0;0.0;0.0;3987.5;1160.9375
0;20363.0;3984.0;17.0;3983.0;49.0;0.0;0.0;3991.0;17.0;3992.0;49.0;0.0;0.0;3987.5;1146.5
0;20364.0;3984.0;14.0;3983.0;40.0;0.0;0.0;3991.0;14.0;3992.0;40.0;0.0;0.0;3987.5;1127.4375
0;20365.0;3984.0;15.0;3983.0;55.0;0.0;0.0;3991.0;15.0;3992.0;55.0;0.0;0.0;3987.5;1083.9375
0;20366.0;3985.0;14.0;3984.0;59.0;0.0;0.0;3992.0;14.0;3993.0;59.0;0.0;0.0;3988.5;969.4375
0;20367.0;3986.0;14.0;3985.0;60.0;0.0;0.0;3993.0;14.0;3994.0;60.0;0.0;0.0;3989.5;889.8125
0;20368.0;3985.0;16.0;3984.0;50.0;0.0;0.0;3992.0;16.0;3993.0;50.0;0.0;0.0;3988.5;978.4375
0;20369.0;3985.0;17.0;3984.0;56.0;0.0;0.0;3992.0;17.0;3993.0;56.0;0.0;0.0;3988.5;988.375
0;20370.0;3985.0;12.0;3984.0;52.0;0.0;0.0;3992.0;12.0;3993.0;52.0;0.0;0.0;3988.5;982.625
0;20371.0;3985.0;14.0;3984.0;47.0;0.0;0.0;3992.0;14.0;3993.0;47.0;0.0;0.0;3988.5;917.4375
0;20372.0;3985.0;14.0;3984.0;55.0;0.0;0.0;3992.0;14.0;3993.0;55.0;0.0;0.0;3988.5;969.25
0;20373.0;3989.0;19.0;3985.0;10.0;3984.0;59.0;3992.0;10.0;3993.0;59.0;0.0;0.0;3990.5;936.75
0;20374.0;3985.0;12.0;3984.0;48.0;0.0;0.0;3992.0;12.0;3993.0;48.0;0.0;0.0;3988.5;917.625
0;20375.0;3986.0;14.0;3985.0;40.0;0.0;0.0;3993.0;14.0;3994.0;40.0;0.0;0.0;3989.5;799.25
0;20376.0;3985.0;12.0;3984.0;55.0;0.0;0.0;3992.0;12.0;3993.0;55.0;0.0;0.0;3988.5;1023.6875
0;20377.0;3985.0;19.0;3984.0;52.0;0.0;0.0;3992.0;19.0;3993.0;52.0;0.0;0.0;3988.5;1017.0625
0;20378.0;3985.0;20.0;3984.0;59.0;0.0;0.0;3992.0;20.0;3993.0;59.0;0.0;0.0;3988.5;988.125
0;20379.0;3985.0;20.0;3984.0;54.0;0.0;0.0;3992.0;20.0;3993.0;54.0;0.0;0.0;3988.5;930.4375
0;20380.0;3985.0;10.0;3984.0;44.0;0.0;0.0;3992.0;10.0;3993.0;44.0;0.0;0.0;3988.5;931.375
0;20381.0;3985.0;15.0;3984.0;47.0;0.0;0.0;3992.0;15.0;3993.0;47.0;0.0;0.0;3988.5;968.25
0;20382.0;3985.0;20.0;3984.0;60.0;0.0;0.0;3992.0;20.0;3993.0;60.0;0.0;0.0;3988.5;907.625
0;20383.0;3985.0;20.0;3984.0;42.0;0.0;0.0;3992.0;20.0;3993.0;42.0;0.0;0.0;3988.5;874.3125
0;20384.0;3985.0;19.0;3984.0;42.0;0.0;0.0;3992.0;19.0;3993.0;42.0;0.0;0.0;3988.5;951.0625
0;20385.0;3984.0;10.0;3983.0;54.0;0.0;0.0;3991.0;10.0;3992.0;54.0;0.0;0.0;3987.5;1075.0625
0;20386.0;3985.0;17.0;3984.0;56.0;0.0;0.0;3992.0;17.0;3993.0;56.0;0.0;0.0;3988.5;1024.5625
0;20387.0;3984.0;13.0;3983.0;53.0;0.0;0.0;3991.0;13.0;3992.0;53.0;0.0;0.0;3987.5;1103.6875
0;20388.0;3988.0;15.0;3985.0;20.0;3984.0;53.0;3992.0;20.0;3993.0;53.0;0.0;0.0;3990.0;1044.875
0;20389.0;3985.0;14.0;3984.0;60.0;0.0;0.0;3992.0;14.0;3993.0;60.0;0.0;0.0;3988.5;907.1875
0;20390.0;3985.0;20.0;3984.0;53.0;0.0;0.0;3992.0;20.0;3993.0;53.0;0.0;0.0;3988.5;888.75
0;20391.0;3986.0;10.0;3985.0;48.0;0.0;0.0;3993.0;58.0;0.0;0.0;0.0;0.0;3989.5;868.125
0;20392.0;3986.0;19.0;3985.0;48.0;0.0;0.0;3993.0;19.0;3994.0;48.0;0.0;0.0;3989.5;856.9375
0;20393.0;3986.0;19.0;3985.0;55.0;0.0;0.0;3993.0;19.0;3994.0;55.0;0.0;0.0;3989.5;731.1875
0;20394.0;3987.0;13.0;3986.0;58.0;0.0;0.0;3994.0;13.0;3995.0;58.0;0.0;0.0;3990.5;603.6875
0;20395.0;3987.0;16.0;3986.0;46.0;0.0;0.0;3994.0;16.0;3995.0;46.0;0.0;0.0;3990.5;596.3125
0;20396.0;3987.0;11.0;3986.0;50.0;0.0;0.0;3994.0;11.0;3995.0;50.0;0.0;0.0;3990.5;529.0
0;20397.0;3991.0;15.0;3987.0;11.0;3986.0;57.0;3994.0;11.0;3995.0;57.0;0.0;0.0;3992.5;525.125
0;20398.0;3987.0;10.0;3986.0;60.0;0.0;0.0;3994.0;10.0;3995.0;60.0;0.0;0.0;3990.5;570.5625
0;20399.0;3988.0;11.0;3987.0;40.0;0.0;0.0;3995.0;11.0;3996.0;40.0;0.0;0.0;3991.5;500.9375
0;20400.0;3988.0;20.0;3987.0;51.0;0.0;0.0;3994.0;20.0;3995.0;51.0;0.0;0.0;3991.0;509.25
0;20401.0;3990.0;5.0;3987.0;13.0;3986.0;54.0;3994.0;13.0;3995.0;54.0;0.0;0.0;3992.0;586.8125
0;20402.0;3986.0;16.0;3985.0;50.0;0.0;0.0;3993.0;16.0;3994.0;50.0;0.0;0.0;3989.5;723.375
0;20403.0;3987.0;14.0;3986.0;55.0;0.0;0.0;3994.0;14.0;3995.0;55.0;0.0;0.0;3990.5;633.375
0;20404.0;3986.0;16.0;3985.0;40.0;0.0;0.0;3993.0;16.0;3994.0;40.0;0.0;0.0;3989.5;721.3125
0;20405.0;3986.0;15.0;3985.0;60.0;0.0;0.0;3993.0;15.0;3994.0;60.0;0.0;0.0;3989.5;822.5625
0;20406.0;3986.0;17.0;3985.0;48.0;0.0;0.0;3993.0;17.0;3994.0;48.0;0.0;0.0;3989.5;846.8125
0;20407.0;3986.0;19.0;3985.0;46.0;0.0;0.0;3993.0;19.0;3994.0;46.0;0.0;0.0;3989.5;779.75
0;20408.0;3985.0;19.0;3984.0;41.0;0.0;0.0;3992.0;19.0;3993.0;41.0;0.0;0.0;3988.5;937.125
0;20409.0;3985.0;15.0;3984.0;47.0;0.0;0.0;3992.0;15.0;3993.0;47.0;0.0;0.0;3988.5;879.4375
0;20410.0;3986.0;13.0;3985.0;56.0;0.0;0.0;3993.0;13.0;3994.0;56.0;0.0;0.0;3989.5;844.0625
0;20411.0;3985.0;18.0;3984.0;55.0;0.0;0.0;3992.0;18.0;3993.0;55.0;0.0;0.0;3988.5;954.875
0;20412.0;3984.0;18.0;3983.0;57.0;0.0;0.0;3991.0;18.0;3992.0;57.0;0.0;0.0;3987.5;1058.75
0;20413.0;3984.0;13.0;3983.0;43.0;0.0;0.0;3991.0;13.0;3992.0;43.0;0.0;0.0;3987.5;1074.875
0;20414.0;3985.0;11.0;3984.0;47.0;0.0;0.0;3992.0;11.0;3993.0;47.0;0.0;0.0;3988.5;899.1875
0;20415.0;3985.0;15.0;3984.0;52.0;0.0;0.0;3992.0;15.0;3993.0;52.0;0.0;0.0;3988.5;922.25
0;20416.0;3986.0;16.0;3985.0;46.0;0.0;0.0;3993.0;16.0;3994.0;46.0;0.0;0.0;3989.5;823.75
0;20417.0;3986.0;14.0;3985.0;53.0;0.0;0.0;3993.0;14.0;3994.0;53.0;0.0;0.0;3989.5;726.9375
0;20418.0;3985.0;15.0;3984.0;59.0;0.0;0.0;3992.0;15.0;3993.0;59.0;0.0;0.0;3988.5;873.9375
0;20419.0;3985.0;15.0;3984.0;56.0;0.0;0.0;3992.0;15.0;3993.0;56.0;0.0;0.0;3988.5;874.3125
0;20420.0;3986.0;14.0;3985.0;52.0;0.0;0.0;3993.0;14.0;3994.0;52.0;0.0;0.0;3989.5;783.3125
0;20421.0;3986.0;12.0;3985.0;51.0;0.0;0.0;3993.0;12.0;3994.0;51.0;0.0;0.0;3989.5;829.4375
0;20422.0;3986.0;14.0;3985.0;48.0;0.0;0.0;3993.0;14.0;3994.0;48.0;0.0;0.0;3989.5;716.6875
0;20423.0;3986.0;10.0;3985.0;50.0;0.0;0.0;3993.0;10.0;3994.0;50.0;0.0;0.0;3989.5;816.625
0;20424.0;3985.0;19.0;3984.0;51.0;0.0;0.0;3992.0;19.0;3993.0;51.0;0.0;0.0;3988.5;952.6875
0;20425.0;3985.0;14.0;3984.0;60.0;0.0;0.0;3992.0;14.0;3993.0;60.0;0.0;0.0;3988.5;993.5
0;20426.0;3985.0;10.0;3984.0;52.0;0.0;0.0;3992.0;10.0;3993.0;52.0;0.0;0.0;3988.5;932.8125
0;20427.0;3985.0;12.0;3984.0;44.0;0.0;0.0;3992.0;12.0;3993.0;44.0;0.0;0.0;3988.5;968.5
0;20428.0;3985.0;10.0;3984.0;41.0;0.0;0.0;3992.0;10.0;3993.0;41.0;0.0;0.0;3988.5;883.25
0;20429.0;3985.0;13.0;3984.0;45.0;0.0;0.0;3992.0;13.0;3993.0;45.0;0.0;0.0;3988.5;1025.9375
0;20430.0;3984.0;19.0;3983.0;45.0;0.0;0.0;3991.0;19.0;3992.0;45.0;0.0;0.0;3987.5;1079.625
0;20431.0;3985.0;15.0;3984.0;58.0;0.0;0.0;3992.0;15.0;3993.0;58.0;0.0;0.0;3988.5;953.0
0;20432.0;3984.0;13.0;3983.0;60.0;0.0;0.0;3991.0;13.0;3992.0;60.0;0.0;0.0;3987.5;1179.875
0;20433.0;3984.0;13.0;3983.0;57.0;0.0;0.0;3991.0;13.0;3992.0;57.0;0.0;0.0;3987.5;1197.625
0;20434.0;3983.0;17.0;3982.0;40.0;0.0;0.0;3990.0;17.0;3991.0;40.0;0.0;0.0;3986.5;1285.4375
0;20435.0;3987.0;4.0;3983.0;10.0;3982.0;53.0;3990.0;10.0;3991.0;53.0;0.0;0.0;3988.5;1358.875
0;20436.0;3986.0;4.0;3983.0;14.0;3982.0;52.0;3990.0;14.0;3991.0;52.0;0.0;0.0;3988.0;1391.0625
0;20437.0;3982.0;10.0;3981.0;45.0;0.0;0.0;3989.0;10.0;3990.0;45.0;0.0;0.0;3985.5;1536.25
0;20438.0;3983.0;13.0;3982.0;41.0;0.0;0.0;3990.0;13.0;3991.0;41.0;0.0;0.0;3986.5;1444.3125
0;20439.0;3983.0;18.0;3982.0;49.0;0.0;0.0;3990.0;18.0;3991.0;49.0;0.0;0.0;3986.5;1341.3125
0;20440.0;3984.0;14.0;3983.0;48.0;0.0;0.0;3991.0;14.0;3992.0;48.0;0.0;0.0;3987.5;1212.4375
0;20441.0;3984.0;15.0;3983.0;54.0;0.0;0.0;3991.0;15.0;3992.0;54.0;0.0;0.0;3987.5;1194.875
0;20442.0;3983.0;20.0;3982.0;48.0;0.0;0.0;3990.0;20.0;3991.0;48.0;0.0;0.0;3986.5;1294.3125
0;20443.0;3984.0;11.0;3983.0;49.0;0.0;0.0;3991.0;11.0;3992.0;49.0;0.0;0.0;3987.5;1225.75
0;20444.0;3983.0;10.0;3982.0;54.0;0.0;0.0;3990.0;10.0;3991.0;54.0;0.0;0.0;3986.5;1366.75
0;20445.0;3982.0;19.0;3981.0;45.0;0.0;0.0;3989.0;19.0;3990.0;45.0;0.0;0.0;3985.5;1463.25
0;20446.0;3983.0;11.0;3982.0;49.0;0.0;0.0;3990.0;11.0;3991.0;49.0;0.0;0.0;3986.5;1241.5625
0;20447.0;3984.0;12.0;3983.0;40.0;0.0;0.0;3991.0;12.0;3992.0;40.0;0.0;0.0;3987.5;1127.6875
0;20448.0;3984.0;20.0;3983.0;54.0;0.0;0.0;3991.0;20.0;3992.0;54.0;0.0;0.0;3987.5;1080.625
0;20449.0;3985.0;16.0;3984.0;49.0;0.0;0.0;3992.0;16.0;3993.0;49.0;0.0;0.0;3988.5;923.625
0;20450.0;3985.0;14.0;3984.0;45.0;0.0;0.0;3992.0;14.0;3993.0;45.0;0.0;0.0;3988.5;953.8125
0;20451.0;3985.0;18.0;3984.0;52.0;0.0;0.0;3988.0;2.0;3992.0;18.0;3993.0;52.0;3986.5;891.3125
0;20452.0;3985.0;20.0;3984.0;42.0;0.0;0.0;3992.0;20.0;3993.0;42.0;0.0;0.0;3988.5;976.6875
0;20453.0;3985.0;19.0;3984.0;56.0;0.0;0.0;3992.0;19.0;3993.0;56.0;0.0;0.0;3988.5;1011.3125
0;20454.0;3985.0;10.0;3984.0;54.0;0.0;0.0;3992.0;10.0;3993.0;54.0;0.0;0.0;3988.5;1001.375
0;20455.0;3989.0;3.0;3985.0;20.0;3984.0;43.0;3992.0;20.0;3993.0;43.0;0.0;0.0;3990.5;842.75
0;20456.0;3985.0;15.0;3984.0;48.0;0.0;0.0;3992.0;15.0;3993.0;48.0;0.0;0.0;3988.5;915.625
0;20457.0;3986.0;17.0;3985.0;50.0;0.0;0.0;3993.0;17.0;3994.0;50.0;0.0;0.0;3989.5;803.125
0;20458.0;3986.0;20.0;3985.0;51.0;0.0;0.0;3993.0;20.0;3994.0;51.0;0.0;0.0;3989.5;803.375
0;20459.0;3985.0;11.0;3984.0;58.0;0.0;0.0;3992.0;11.0;3993.0;58.0;0.0;0.0;3988.5;1032.1875
0;20460.0;3984.0;14.0;3983.0;48.0;0.0;0.0;3991.0;14.0;3992.0;48.0;0.0;0.0;3987.5;1244.125
0;20461.0;3983.0;18.0;3982.0;47.0;0.0;0.0;3990.0;18.0;3991.0;47.0;0.0;0.0;3986.5;1320.0625
0;20462.0;3984.0;13.0;3983.0;43.0;0.0;0.0;3991.0;13.0;3992.0;43.0;0.0;0.0;3987.5;1200.8125
0;20463.0;3984.0;16.0;3983.0;55.0;0.0;0.0;3991.0;16.0;3992.0;55.0;0.0;0.0;3987.5;1171.4375
0;20464.0;3985.0;18.0;3984.0;54.0;0.0;0.0;3992.0;18.0;3993.0;54.0;0.0;0.0;3988.5;969.875
0;20465.0;3985.0;14.0;3984.0;55.0;0.0;0.0;3992.0;14.0;3993.0;55.0;0.0;0.0;3988.5;948.9375
0;20466.0;3986.0;12.0;3985.0;53.0;0.0;0.0;3993.0;12.0;3994.0;53.0;0.0;0.0;3989.5;791.5625
0;20467.0;3986.0;16.0;3985.0;41.0;0.0;0.0;3993.0;16.0;3994.0;41.0;0.0;0.0;3989.5;762.8125
0;20468.0;3985.0;16.0;3984.0;50.0;0.0;0.0;3992.0;16.0;3993.0;50.0;0.0;0.0;3988.5;862.5
0;20469.0;3986.0;20.0;3985.0;44.0;0.0;0.0;3993.0;20.0;3994.0;44.0;0.0;0.0;3989.5;782.5625
0;20470.0;3985.0;16.0;3984.0;59.0;0.0;0.0;3992.0;16.0;3993.0;59.0;0.0;0.0;3988.5;863.6875
0;20471.0;3985.0;18.0;3984.0;47.0;0.0;0.0;3992.0;18.0;3993.0;47.0;0.0;0.0;3988.5;1018.4375
0;20472.0;3984.0;18.0;3983.0;47.0;0.0;0.0;3991.0;18.0;3992.0;47.0;0.0;0.0;3987.5;1100.375
0;20473.0;3984.0;19.0;3983.0;41.0;0.0;0.0;3991.0;19.0;3992.0;41.0;0.0;0.0;3987.5;1142.3125
0;20474.0;3984.0;11.0;3983.0;57.0;0.0;0.0;3991.0;11.0;3992.0;57.0;0.0;0.0;3987.5;1113.625
0;20475.0;3985.0;13.0;3984.0;47.0;0.0;0.0;3992.0;13.0;3993.0;47.0;0.0;0.0;3988.5;1018.4375
0;20476.0;3985.0;19.0;3984.0;48.0;0.0;0.0;3992.0;19.0;3993.0;48.0;0.0;0.0;3988.5;949.9375
0;20477.0;3986.0;15.0;3985.0;56.0;0.0;0.0;3993.0;15.0;3994.0;56.0;0.0;0.0;3989.5;717.75
0;20478.0;3985.0;14.0;3984.0;43.0;0.0;0.0;3992.0;14.0;3993.0;43.0;0.0;0.0;3988.5;932.875
0;20479.0;3985.0;11.0;3984.0;45.0;0.0;0.0;3992.0;11.0;3993.0;45.0;0.0;0.0;3988.5;951.375
0;20480.0;3986.0;11.0;3985.0;59.0;0.0;0.0;3993.0;11.0;3994.0;59.0;0.0;0.0;3989.5;664.25
0;20481.0;3986.0;18.0;3985.0;41.0;0.0;0.0;3993.0;18.0;3994.0;41.0;0.0;0.0;3989.5;693.5625
0;20482.0;3986.0;12.0;3985.0;58.0;0.0;0.0;3993.0;12.0;3994.0;58.0;0.0;0.0;3989.5;831.6875
0;20483.0;3985.0;17.0;3984.0;49.0;0.0;0.0;3992.0;17.0;3993.0;49.0;0.0;0.0;3988.5;913.875
0;20484.0;3985.0;15.0;3984.0;59.0;0.0;0.0;3992.0;15.0;3993.0;59.0;0.0;0.0;3988.5;975.1875
0;20485.0;3984.0;10.0;3983.0;49.0;0.0;0.0;3991.0;10.0;3992.0;49.0;0.0;0.0;3987.5;1031.625
0;20486.0;3985.0;16.0;3984.0;56.0;0.0;0.0;3992.0;16.0;3993.0;56.0;0.0;0.0;3988.5;825.4375
0;20487.0;3985.0;12.0;3984.0;47.0;0.0;0.0;3992.0;12.0;3993.0;47.0;0.0;0.0;3988.5;988.4375
0;20488.0;3984.0;11.0;3983.0;45.0;0.0;0.0;3991.0;11.0;3992.0;45.0;0.0;0.0;3987.5;1068.5
0;20489.0;3985.0;10.0;3984.0;56.0;0.0;0.0;3992.0;10.0;3993.0;56.0;0.0;0.0;3988.5;899.0
0;20490.0;3985.0;14.0;3984.0;59.0;0.0;0.0;3992.0;14.0;3993.0;59.0;0.0;0.0;3988.5;861.875
0;20491.0;3985.0;11.0;3984.0;54.0;0.0;0.0;3992.0;11.0;3993.0;54.0;0.0;0.0;3988.5;820.75
0;20492.0;3985.0;15.0;3984.0;47.0;0.0;0.0;3992.0;15.0;3993.0;47.0;0.0;0.0;3988.5;863.0625
0;20493.0;3986.0;16.0;3985.0;52.0;0.0;0.0;3993.0;16.0;3994.0;52.0;0.0;0.0;3989.5;749.5
0;20494.0;3985.0;16.0;3984.0;56.0;0.0;0.0;3992.0;16.0;3993.0;56.0;0.0;0.0;3988.5;867.4375
0;20495.0;3986.0;13.0;3985.0;53.0;0.0;0.0;3993.0;13.0;3994.0;53.0;0.0;0.0;3989.5;752.125
0;20496.0;3986.0;10.0;3985.0;55.0;0.0;0.0;3993.0;10.0;3994.0;55.0;0.0;0.0;3989.5;735.25
0;20497.0;3986.0;20.0;3985.0;54.0;0.0;0.0;3993.0;20.0;3994.0;54.0;0.0;0.0;3989.5;755.0625
0;20498.0;3985.0;16.0;3984.0;40.0;0.0;0.0;3992.0;16.0;3993.0;40.0;0.0;0.0;3988.5;815.875
0;20499.0;3986.0;17.0;3985.0;59.0;0.0;0.0;3993.0;17.0;3994.0;59.0;0.0;0.0;3989.5;701.1875
0;20500.0;3986.0;13.0;3985.0;49.0;0.0;0.0;3993.0;13.0;3994.0;49.0;0.0;0.0;3989.5;658.75
0;20501.0;3986.0;12.0;3985.0;41.0;0.0;0.0;3993.0;12.0;3994.0;41.0;0.0;0.0;3989.5;702.5625
0;20502.0;3986.0;19.0;3985.0;45.0;0.0;0.0;3993.0;19.0;3994.0;45.0;0.0;0.0;3989.5;685.9375
0;20503.0;3985.0;10.0;3984.0;50.0;0.0;0.0;3992.0;10.0;3993.0;50.0;0.0;0.0;3988.5;807.3125
0;20504.0;3986.0;12.0;3985.0;54.0;0.0;0.0;3993.0;12.0;3994.0;54.0;0.0;0.0;3989.5;653.5
0;20505.0;3987.0;16.0;3986.0;59.0;0.0;0.0;3994.0;16.0;3995.0;59.0;0.0;0.0;3990.5;487.4375
0;20506.0;3987.0;19.0;3986.0;47.0;0.0;0.0;3994.0;19.0;3995.0;47.0;0.0;0.0;3990.5;350.5
0;20507.0;3988.0;12.0;3987.0;43.0;0.0;0.0;3995.0;12.0;3996.0;43.0;0.0;0.0;3991.5;313.25
0;20508.0;3988.0;15.0;3987.0;41.0;0.0;0.0;3995.0;15.0;3996.0;41.0;0.0;0.0;3991.5;249.6875
0;20509.0;3987.0;16.0;3986.0;54.0;0.0;0.0;3994.0;16.0;3995.0;54.0;0.0;0.0;3990.5;407.0
0;20510.0;3987.0;20.0;3986.0;56.0;0.0;0.0;3994.0;20.0;3995.0;56.0;0.0;0.0;3990.5;447.0
0;20511.0;3987.0;19.0;3986.0;46.0;0.0;0.0;3994.0;19.0;3995.0;46.0;0.0;0.0;3990.5;472.375
0;20512.0;3987.0;18.0;3986.0;40.0;0.0;0.0;3994.0;18.0;3995.0;40.0;0.0;0.0;3990.5;484.5
0;20513.0;3987.0;17.0;3986.0;54.0;0.0;0.0;3994.0;17.0;3995.0;54.0;0.0;0.0;3990.5;406.4375
0;20514.0;3987.0;19.0;3986.0;58.0;0.0;0.0;3994.0;19.0;3995.0;58.0;0.0;0.0;3990.5;454.75
0;20515.0;3987.0;17.0;3986.0;45.0;0.0;0.0;3994.0;17.0;3995.0;45.0;0.0;0.0;3990.5;538.375
0;20516.0;3987.0;13.0;3986.0;43.0;0.0;0.0;3994.0;13.0;3995.0;43.0;0.0;0.0;3990.5;392.8125
0;20517.0;3987.0;18.0;3986.0;48.0;0.0;0.0;3994.0;18.0;3995.0;48.0;0.0;0.0;3990.5;411.875
0;20518.0;3987.0;17.0;3986.0;56.0;0.0;0.0;3994.0;17.0;3995.0;56.0;0.0;0.0;3990.5;485.4375
0;20519.0;3989.0;17.0;3986.0;15.0;3985.0;50.0;3993.0;15.0;3994.0;50.0;0.0;0.0;3991.0;723.1875
0;20520.0;3985.0;12.0;3984.0;57.0;0.0;0.0;3992.0;12.0;3993.0;57.0;0.0;0.0;3988.5;885.5
0;20521.0;3985.0;20.0;3984.0;47.0;0.0;0.0;3992.0;20.0;3993.0;47.0;0.0;0.0;3988.5;910.25
0;20522.0;3985.0;14.0;3984.0;44.0;0.0;0.0;3992.0;14.0;3993.0;44.0;0.0;0.0;3988.5;874.125
0;20523.0;3984.0;11.0;3983.0;57.0;0.0;0.0;3991.0;11.0;3992.0;57.0;0.0;0.0;3987.5;1087.5
0;20524.0;3984.0;16.0;3983.0;53.0;0.0;0.0;3991.0;16.0;3992.0;53.0;0.0;0.0;3987.5;1086.8125
0;20525.0;3984.0;11.0;3983.0;47.0;0.0;0.0;3991.0;11.0;3992.0;47.0;0.0;0.0;3987.5;1044.4375
0;20526.0;3984.0;20.0;3983.0;42.0;0.0;0.0;3991.0;20.0;3992.0;42.0;0.0;0.0;3987.5;1103.125
0;20527.0;3984.0;18.0;3983.0;46.0;0.0;0.0;3991.0;18.0;3992.0;46.0;0.0;0.0;3987.5;1093.9375
0;20528.0;3985.0;12.0;3984.0;47.0;0.0;0.0;3992.0;12.0;3993.0;47.0;0.0;0.0;3988.5;920.8125
0;20529.0;3985.0;12.0;3984.0;49.0;0.0;0.0;3992.0;12.0;3993.0;49.0;0.0;0.0;3988.5;1009.4375
0;20530.0;3984.0;14.0;3983.0;46.0;0.0;0.0;3991.0;14.0;3992.0;46.0;0.0;0.0;3987.5;1212.75
0;20531.0;3984.0;18.0;3983.0;59.0;0.0;0.0;3991.0;18.0;3992.0;59.0;0.0;0.0;3987.5;1256.625
0;20532.0;3983.0;14.0;3982.0;47.0;0.0;0.0;3990.0;14.0;3991.0;47.0;0.0;0.0;3986.5;1361.75
0;20533.0;3983.0;16.0;3982.0;45.0;0.0;0.0;3990.0;16.0;3991.0;45.0;0.0;0.0;3986.5;1365.8125
0;20534.0;3983.0;10.0;3982.0;40.0;0.0;0.0;3990.0;10.0;3991.0;40.0;0.0;0.0;3986.5;1279.5625
0;20535.0;3984.0;18.0;3983.0;47.0;0.0;0.0;3991.0;18.0;3992.0;47.0;0.0;0.0;3987.5;1170.0
0;20536.0;3984.0;13.0;3983.0;40.0;0.0;0.0;3991.0;13.0;3992.0;40.0;0.0;0.0;3987.5;1129.25
0;20537.0;3985.0;13.0;3984.0;45.0;0.0;0.0;3992.0;13.0;3993.0;45.0;0.0;0.0;3988.5;957.5625
0;20538.0;3985.0;19.0;3984.0;46.0;0.0;0.0;3992.0;19.0;3993.0;46.0;0.0;0.0;3988.5;912.0
0;20539.0;3985.0;11.0;3984.0;43.0;0.0;0.0;3992.0;11.0;3993.0;43.0;0.0;0.0;3988.5;785.8125
0;20540.0;3986.0;17.0;3985.0;55.0;0.0;0.0;3993.0;17.0;3994.0;55.0;0.0;0.0;3989.5;741.5625
0;20541.0;3986.0;14.0;3985.0;59.0;0.0;0.0;3993.0;14.0;3994.0;59.0;0.0;0.0;3989.5;706.5625
0;20542.0;3986.0;11.0;3985.0;44.0;0.0;0.0;3993.0;11.0;3994.0;44.0;0.0;0.0;3989.5;766.4375
0;20543.0;3986.0;12.0;3985.0;49.0;0.0;0.0;3993.0;12.0;3994.0;49.0;0.0;0.0;3989.5;764.625
0;20544.0;3985.0;15.0;3984.0;54.0;0.0;0.0;3992.0;15.0;3993.0;54.0;0.0;0.0;3988.5;832.75
0;20545.0;3985.0;15.0;3984.0;56.0;0.0;0.0;3992.0;15.0;3993.0;56.0;0.0;0.0;3988.5;867.3125
0;20546.0;3985.0;15.0;3984.0;45.0;0.0;0.0;3988.0;11.0;3992.0;15.0;3993.0;45.0;3986.5;853.375
0;20547.0;3986.0;12.0;3985.0;41.0;0.0;0.0;3993.0;12.0;3994.0;41.0;0.0;0.0;3989.5;711.5
0;20548.0;3986.0;17.0;3985.0;47.0;0.0;0.0;3993.0;17.0;3994.0;47.0;0.0;0.0;3989.5;741.25
0;20549.0;3986.0;13.0;3985.0;41.0;0.0;0.0;3993.0;13.0;3994.0;41.0;0.0;0.0;3989.5;664.375
0;20550.0;3985.0;11.0;3984.0;43.0;0.0;0.0;3992.0;11.0;3993.0;43.0;0.0;0.0;3988.5;813.625
0;20551.0;3985.0;13.0;3984.0;48.0;0.0;0.0;3992.0;13.0;3993.0;48.0;0.0;0.0;3988.5;847.375
0;20552.0;3986.0;18.0;3985.0;44.0;0.0;0.0;3993.0;18.0;3994.0;44.0;0.0;0.0;3989.5;690.9375
0;20553.0;3986.0;12.0;3985.0;42.0;0.0;0.0;3993.0;12.0;3994.0;42.0;0.0;0.0;3989.5;647.5
0;20554.0;3985.0;15.0;3984.0;42.0;0.0;0.0;3992.0;15.0;3993.0;42.0;0.0;0.0;3988.5;867.1875
0;20555.0;3985.0;19.0;3984.0;51.0;0.0;0.0;3992.0;19.0;3993.0;51.0;0.0;0.0;3988.5;869.625
0;20556.0;3985.0;15.0;3984.0;48.0;0.0;0.0;3992.0;15.0;3993.0;48.0;0.0;0.0;3988.5;898.375
0;20557.0;3984.0;16.0;3983.0;45.0;0.0;0.0;3991.0;16.0;3992.0;45.0;0.0;0.0;3987.5;1041.5
0;20558.0;3984.0;20.0;3983.0;45.0;0.0;0.0;3991.0;20.0;3992.0;45.0;0.0;0.0;3987.5;1254.25
0;20559.0;3983.0;16.0;3982.0;51.0;0.0;0.0;3990.0;16.0;3991.0;51.0;0.0;0.0;3986.5;1368.75
0;20560.0;3983.0;13.0;3982.0;42.0;0.0;0.0;3989.0;13.0;3990.0;42.0;0.0;0.0;3986.0;1497.5625
0;20561.0;3983.0;14.0;3982.0;44.0;0.0;0.0;3990.0;14.0;3991.0;44.0;0.0;0.0;3986.5;1409.6875
0;20562.0;3983.0;14.0;3982.0;59.0;0.0;0.0;3990.0;14.0;3991.0;59.0;0.0;0.0;3986.5;1338.25
0;20563.0;3984.0;16.0;3983.0;45.0;0.0;0.0;3990.0;16.0;3991.0;45.0;0.0;0.0;3987.0;1259.1875
0;20564.0;3984.0;20.0;3983.0;51.0;0.0;0.0;3991.0;20.0;3992.0;51.0;0.0;0.0;3987.5;1126.625
0;20565.0;3983.0;18.0;3982.0;56.0;0.0;0.0;3990.0;18.0;3991.0;56.0;0.0;0.0;3986.5;1390.375
0;20566.0;3983.0;16.0;3982.0;53.0;0.0;0.0;3990.0;16.0;3991.0;53.0;0.0;0.0;3986.5;1459.5
0;20567.0;3983.0;16.0;3982.0;45.0;0.0;0.0;3990.0;16.0;3991.0;45.0;0.0;0.0;3986.5;1415.25
0;20568.0;3983.0;15.0;3982.0;51.0;0.0;0.0;3990.0;15.0;3991.0;51.0;0.0;0.0;3986.5;1498.6875
0;20569.0;3982.0;14.0;3981.0;45.0;0.0;0.0;3989.0;14.0;3990.0;45.0;0.0;0.0;3985.5;1576.9375
0;20570.0;3982.0;14.0;3981.0;40.0;0.0;0.0;3989.0;14.0;3990.0;40.0;0.0;0.0;3985.5;1676.8125
0;20571.0;3982.0;12.0;3981.0;45.0;0.0;0.0;3989.0;12.0;3990.0;45.0;0.0;0.0;3985.5;1654.4375
0;20572.0;3982.0;18.0;3981.0;56.0;0.0;0.0;3989.0;18.0;3990.0;56.0;0.0;0.0;3985.5;1660.5
0;20573.0;3983.0;12.0;3982.0;49.0;0.0;0.0;3990.0;12.0;3991.0;49.0;0.0;0.0;3986.5;1503.625
0;20574.0;3983.0;11.0;3982.0;43.0;0.0;0.0;3990.0;11.0;3991.0;43.0;0.0;0.0;3986.5;1452.75
0;20575.0;3983.0;14.0;3982.0;59.0;0.0;0.0;3990.0;14.0;3991.0;59.0;0.0;0.0;3986.5;1424.625
0;20576.0;3983.0;10.0;3982.0;42.0;0.0;0.0;3990.0;10.0;3991.0;42.0;0.0;0.0;3986.5;1426.1875
0;20577.0;3983.0;16.0;3982.0;48.0;0.0;0.0;3990.0;16.0;3991.0;48.0;0.0;0.0;3986.5;1524.3125
0;20578.0;3983.0;15.0;3982.0;43.0;0.0;0.0;3990.0;15.0;3991.0;43.0;0.0;0.0;3986.5;1507.3125
0;20579.0;3983.0;12.0;3982.0;43.0;0.0;0.0;3990.0;12.0;3991.0;43.0;0.0;0.0;3986.5;1401.75
0;20580.0;3983.0;10.0;3982.0;56.0;0.0;0.0;3990.0;10.0;3991.0;56.0;0.0;0.0;3986.5;1325.5625
0;20581.0;3983.0;14.0;3982.0;58.0;0.0;0.0;3990.0;14.0;3991.0;58.0;0.0;0.0;3986.5;1461.0
0;20582.0;3982.0;19.0;3981.0;58.0;0.0;0.0;3989.0;19.0;3990.0;58.0;0.0;0.0;3985.5;1653.6875
0;20583.0;3986.0;1.0;3982.0;15.0;3981.0;60.0;3989.0;15.0;3990.0;60.0;0.0;0.0;3987.5;1562.3125
0;20584.0;3982.0;15.0;3981.0;52.0;0.0;0.0;3989.0;15.0;3990.0;52.0;0.0;0.0;3985.5;1536.1875
0;20585.0;3983.0;20.0;3982.0;45.0;0.0;0.0;3990.0;20.0;3991.0;45.0;0.0;0.0;3986.5;1497.0625
0;20586.0;3982.0;17.0;3981.0;43.0;0.0;0.0;3989.0;17.0;3990.0;43.0;0.0;0.0;3985.5;1605.3125
0;20587.0;3983.0;18.0;3982.0;55.0;0.0;0.0;3990.0;18.0;3991.0;55.0;0.0;0.0;3986.5;1507.625
0;20588.0;3983.0;16.0;3982.0;43.0;0.0;0.0;3990.0;16.0;3991.0;43.0;0.0;0.0;3986.5;1412.4375
0;20589.0;3983.0;10.0;3982.0;42.0;0.0;0.0;3990.0;10.0;3991.0;42.0;0.0;0.0;3986.5;1442.875
0;20590.0;3983.0;16.0;3982.0;60.0;0.0;0.0;3990.0;16.0;3991.0;60.0;0.0;0.0;3986.5;1366.625
0;20591.0;3983.0;11.0;3982.0;51.0;0.0;0.0;3990.0;11.0;3991.0;51.0;0.0;0.0;3986.5;1481.8125
0;20592.0;3983.0;10.0;3982.0;56.0;0.0;0.0;3990.0;10.0;3991.0;56.0;0.0;0.0;3986.5;1490.25
0;20593.0;3982.0;17.0;3981.0;56.0;0.0;0.0;3989.0;17.0;3990.0;56.0;0.0;0.0;3985.5;1745.1875
0;20594.0;3982.0;20.0;3981.0;56.0;0.0;0.0;3989.0;20.0;3990.0;56.0;0.0;0.0;3985.5;1779.25
0;20595.0;3983.0;11.0;3982.0;50.0;0.0;0.0;3990.0;11.0;3991.0;50.0;0.0;0.0;3986.5;1460.5625
0;20596.0;3983.0;17.0;3982.0;55.0;0.0;0.0;3990.0;17.0;3991.0;55.0;0.0;0.0;3986.5;1366.875
0;20597.0;3984.0;11.0;3983.0;40.0;0.0;0.0;3991.0;11.0;3992.0;40.0;0.0;0.0;3987.5;1142.25
0;20598.0;3984.0;15.0;3983.0;54.0;0.0;0.0;3991.0;15.0;3992.0;54.0;0.0;0.0;3987.5;1063.75
0;20599.0;3984.0;20.0;3983.0;50.0;0.0;0.0;3991.0;20.0;3992.0;50.0;0.0;0.0;3987.5;1028.3125
0;20600.0;3988.0;30.0;3985.0;11.0;3984.0;54.0;3992.0;11.0;3993.0;54.0;0.0;0.0;3990.0;994.8125
0;20601.0;3984.0;19.0;3983.0;51.0;0.0;0.0;3991.0;19.0;3992.0;51.0;0.0;0.0;3987.5;1040.75
0;20602.0;3985.0;19.0;3984.0;41.0;0.0;0.0;3992.0;19.0;3993.0;41.0;0.0;0.0;3988.5;941.125
0;20603.0;3984.0;20.0;3983.0;40.0;0.0;0.0;3991.0;20.0;3992.0;40.0;0.0;0.0;3987.5;1029.3125
0;20604.0;3985.0;19.0;3984.0;48.0;0.0;0.0;3991.0;19.0;3992.0;48.0;0.0;0.0;3988.0;1016.8125
0;20605.0;3986.0;15.0;3985.0;59.0;0.0;0.0;3993.0;15.0;3994.0;59.0;0.0;0.0;3989.5;590.0
0;20606.0;3986.0;13.0;3985.0;46.0;0.0;0.0;3989.0;4.0;3993.0;13.0;3994.0;46.0;3987.5;518.5
0;20607.0;3986.0;18.0;3985.0;57.0;0.0;0.0;3993.0;18.0;3994.0;57.0;0.0;0.0;3989.5;572.5625
0;20608.0;3987.0;11.0;3986.0;44.0;0.0;0.0;3994.0;11.0;3995.0;44.0;0.0;0.0;3990.5;428.1875
0;20609.0;3987.0;16.0;3986.0;59.0;0.0;0.0;3994.0;16.0;3995.0;59.0;0.0;0.0;3990.5;365.0625
0;20610.0;3987.0;16.0;3986.0;57.0;0.0;0.0;3994.0;16.0;3995.0;57.0;0.0;0.0;3990.5;391.625
0;20611.0;3986.0;13.0;3985.0;55.0;0.0;0.0;3993.0;13.0;3994.0;55.0;0.0;0.0;3989.5;527.8125
0;20612.0;3990.0;6.0;3986.0;11.0;3985.0;53.0;3993.0;11.0;3994.0;53.0;0.0;0.0;3991.5;541.5625
0;20613.0;3986.0;18.0;3985.0;54.0;0.0;0.0;3993.0;18.0;3994.0;54.0;0.0;0.0;3989.5;591.1875
0;20614.0;3986.0;17.0;3985.0;49.0;0.0;0.0;3993.0;17.0;3994.0;49.0;0.0;0.0;3989.5;577.4375
0;20615.0;3986.0;10.0;3985.0;47.0;0.0;0.0;3993.0;10.0;3994.0;47.0;0.0;0.0;3989.5;521.0
0;20616.0;3987.0;15.0;3986.0;54.0;0.0;0.0;3994.0;15.0;3995.0;54.0;0.0;0.0;3990.5;476.625
0;20617.0;3986.0;10.0;3985.0;41.0;0.0;0.0;3993.0;10.0;3994.0;41.0;0.0;0.0;3989.5;590.375
0;20618.0;3986.0;12.0;3985.0;59.0;0.0;0.0;3993.0;12.0;3994.0;59.0;0.0;0.0;3989.5;537.75
0;20619.0;3987.0;18.0;3986.0;58.0;0.0;0.0;3994.0;18.0;3995.0;58.0;0.0;0.0;3990.5;476.75
0;20620.0;3986.0;13.0;3985.0;53.0;0.0;0.0;3993.0;13.0;3994.0;53.0;0.0;0.0;3989.5;664.375
0;20621.0;3986.0;19.0;3985.0;46.0;0.0;0.0;3993.0;19.0;3994.0;46.0;0.0;0.0;3989.5;614.5
0;20622.0;3986.0;20.0;3985.0;48.0;0.0;0.0;3993.0;20.0;3994.0;48.0;0.0;0.0;3989.5;619.375
0;20623.0;3986.0;19.0;3985.0;55.0;0.0;0.0;3993.0;19.0;3994.0;55.0;0.0;0.0;3989.5;563.125
0;20624.0;3986.0;15.0;3985.0;50.0;0.0;0.0;3993.0;15.0;3994.0;50.0;0.0;0.0;3989.5;702.5
0;20625.0;3986.0;18.0;3985.0;58.0;0.0;0.0;3993.0;18.0;3994.0;58.0;0.0;0.0;3989.5;727.875
0;20626.0;3986.0;20.0;3985.0;41.0;0.0;0.0;3993.0;20.0;3994.0;41.0;0.0;0.0;3989.5;755.75
0;20627.0;3985.0;10.0;3984.0;59.0;0.0;0.0;3992.0;10.0;3993.0;59.0;0.0;0.0;3988.5;918.25
0;20628.0;3985.0;14.0;3984.0;49.0;0.0;0.0;3992.0;14.0;3993.0;49.0;0.0;0.0;3988.5;845.75
0;20629.0;3985.0;13.0;3984.0;49.0;0.0;0.0;3992.0;13.0;3993.0;49.0;0.0;0.0;3988.5;882.625
0;20630.0;3985.0;13.0;3984.0;55.0;0.0;0.0;3992.0;13.0;3993.0;55.0;0.0;0.0;3988.5;827.25
0;20631.0;3985.0;18.0;3984.0;46.0;0.0;0.0;3992.0;18.0;3993.0;46.0;0.0;0.0;3988.5;959.125
0;20632.0;3984.0;19.0;3983.0;59.0;0.0;0.0;3991.0;19.0;3992.0;59.0;0.0;0.0;3987.5;1144.375
0;20633.0;3984.0;15.0;3983.0;55.0;0.0;0.0;3991.0;15.0;3992.0;55.0;0.0;0.0;3987.5;1239.625
0;20634.0;3982.0;18.0;3981.0;48.0;0.0;0.0;3989.0;18.0;3990.0;48.0;0.0;0.0;3985.5;1551.0
0;20635.0;3982.0;10.0;3981.0;57.0;0.0;0.0;3989.0;10.0;3990.0;57.0;0.0;0.0;3985.5;1659.75
0;20636.0;3982.0;12.0;3981.0;56.0;0.0;0.0;3989.0;12.0;3990.0;56.0;0.0;0.0;3985.5;1600.125
0;20637.0;3983.0;16.0;3982.0;50.0;0.0;0.0;3990.0;16.0;3991.0;50.0;0.0;0.0;3986.5;1387.125
0;20638.0;3984.0;16.0;3983.0;43.0;0.0;0.0;3991.0;16.0;3992.0;43.0;0.0;0.0;3987.5;1213.5
0;20639.0;3984.0;14.0;3983.0;53.0;0.0;0.0;3991.0;14.0;3992.0;53.0;0.0;0.0;3987.5;1018.375
0;20640.0;3985.0;13.0;3984.0;51.0;0.0;0.0;3992.0;13.0;3993.0;51.0;0.0;0.0;3988.5;823.875
0;20641.0;3986.0;17.0;3985.0;41.0;0.0;0.0;3993.0;17.0;3994.0;41.0;0.0;0.0;3989.5;506.5
0;20642.0;3986.0;11.0;3985.0;54.0;0.0;0.0;3993.0;11.0;3994.0;54.0;0.0;0.0;3989.5;471.5
0;20643.0;3987.0;11.0;3986.0;60.0;0.0;0.0;3994.0;11.0;3995.0;60.0;0.0;0.0;3990.5;327.0
0;20644.0;3987.0;19.0;3986.0;50.0;0.0;0.0;3994.0;19.0;3995.0;50.0;0.0;0.0;3990.5;225.0
0;20645.0;3986.0;16.0;3985.0;54.0;0.0;0.0;3993.0;16.0;3994.0;54.0;0.0;0.0;3989.5;593.125
0;20646.0;3986.0;11.0;3985.0;46.0;0.0;0.0;3989.0;5.0;3993.0;11.0;3994.0;46.0;3987.5;562.125
0;20647.0;3986.0;19.0;3985.0;46.0;0.0;0.0;3993.0;19.0;3994.0;46.0;0.0;0.0;3989.5;545.625
0;20648.0;3990.0;3.0;3986.0;11.0;3985.0;54.0;3993.0;11.0;3994.0;54.0;0.0;0.0;3991.5;481.875
0;20649.0;3986.0;10.0;3985.0;56.0;0.0;0.0;3993.0;10.0;3994.0;56.0;0.0;0.0;3989.5;549.125
0;20650.0;3986.0;15.0;3985.0;59.0;0.0;0.0;3993.0;15.0;3994.0;59.0;0.0;0.0;3989.5;649.25
0;20651.0;3985.0;16.0;3984.0;47.0;0.0;0.0;3988.0;2.0;3992.0;16.0;3993.0;47.0;3986.5;716.875
0;20652.0;3986.0;19.0;3985.0;57.0;0.0;0.0;3993.0;19.0;3994.0;57.0;0.0;0.0;3989.5;602.5
0;20653.0;3986.0;12.0;3985.0;49.0;0.0;0.0;3993.0;12.0;3994.0;49.0;0.0;0.0;3989.5;527.75
0;20654.0;3987.0;19.0;3986.0;56.0;0.0;0.0;3989.0;14.0;3994.0;19.0;3995.0;56.0;3988.0;304.0
0;20655.0;3986.0;17.0;3985.0;45.0;0.0;0.0;3993.0;17.0;3994.0;45.0;0.0;0.0;3989.5;482.375
0;20656.0;3987.0;18.0;3986.0;55.0;0.0;0.0;3994.0;18.0;3995.0;55.0;0.0;0.0;3990.5;310.75
0;20657.0;3988.0;18.0;3987.0;60.0;0.0;0.0;3995.0;18.0;3996.0;60.0;0.0;0.0;3991.5;25.25
0;20658.0;3987.0;12.0;3986.0;47.0;0.0;0.0;3994.0;12.0;3995.0;47.0;0.0;0.0;3990.5;152.125
0;20659.0;3987.0;10.0;3986.0;48.0;0.0;0.0;3994.0;10.0;3995.0;48.0;0.0;0.0;3990.5;87.625
0;20660.0;3987.0;11.0;3986.0;42.0;0.0;0.0;3994.0;11.0;3995.0;42.0;0.0;0.0;3990.5;325.5
0;20661.0;3985.0;19.0;3984.0;41.0;0.0;0.0;3992.0;19.0;3993.0;41.0;0.0;0.0;3988.5;800.25
0;20662.0;3985.0;12.0;3984.0;58.0;0.0;0.0;3991.0;12.0;3992.0;58.0;0.0;0.0;3988.0;1013.0
0;20663.0;3985.0;20.0;3984.0;54.0;0.0;0.0;3992.0;20.0;3993.0;54.0;0.0;0.0;3988.5;1005.625
0;20664.0;3985.0;18.0;3984.0;52.0;0.0;0.0;3992.0;18.0;3993.0;52.0;0.0;0.0;3988.5;971.125
0;20665.0;3984.0;16.0;3983.0;59.0;0.0;0.0;3991.0;16.0;3992.0;59.0;0.0;0.0;3987.5;1032.875
0;20666.0;3985.0;14.0;3984.0;52.0;0.0;0.0;3992.0;14.0;3993.0;52.0;0.0;0.0;3988.5;931.125
0;20667.0;3985.0;16.0;3984.0;40.0;0.0;0.0;3992.0;16.0;3993.0;40.0;0.0;0.0;3988.5;875.25
0;20668.0;3986.0;10.0;3985.0;44.0;0.0;0.0;3993.0;10.0;3994.0;44.0;0.0;0.0;3989.5;504.125
0;20669.0;3985.0;10.0;3984.0;52.0;0.0;0.0;3992.0;10.0;3993.0;52.0;0.0;0.0;3988.5;742.0
0;20670.0;3985.0;19.0;3984.0;53.0;0.0;0.0;3992.0;19.0;3993.0;53.0;0.0;0.0;3988.5;890.875
0;20671.0;3984.0;10.0;3983.0;60.0;0.0;0.0;3991.0;10.0;3992.0;60.0;0.0;0.0;3987.5;991.625
0;20672.0;3984.0;12.0;3983.0;45.0;0.0;0.0;3991.0;12.0;3992.0;45.0;0.0;0.0;3987.5;1136.375
0;20673.0;3984.0;11.0;3983.0;58.0;0.0;0.0;3991.0;11.0;3992.0;58.0;0.0;0.0;3987.5;1220.5
0;20674.0;3985.0;17.0;3984.0;58.0;0.0;0.0;3992.0;17.0;3993.0;58.0;0.0;0.0;3988.5;810.625
0;20675.0;3985.0;13.0;3984.0;51.0;0.0;0.0;3992.0;13.0;3993.0;51.0;0.0;0.0;3988.5;875.0
0;20676.0;3985.0;20.0;3984.0;54.0;0.0;0.0;3992.0;20.0;3993.0;54.0;0.0;0.0;3988.5;763.875
0;20677.0;3988.0;9.0;3984.0;11.0;3983.0;51.0;3991.0;11.0;3992.0;51.0;0.0;0.0;3989.5;1012.375
0;20678.0;3984.0;13.0;3983.0;57.0;0.0;0.0;3991.0;13.0;3992.0;57.0;0.0;0.0;3987.5;1135.875
0;20679.0;3985.0;12.0;3984.0;47.0;0.0;0.0;3992.0;12.0;3993.0;47.0;0.0;0.0;3988.5;989.75
0;20680.0;3985.0;19.0;3984.0;57.0;0.0;0.0;3992.0;19.0;3993.0;57.0;0.0;0.0;3988.5;818.5
0;20681.0;3984.0;15.0;3983.0;43.0;0.0;0.0;3991.0;15.0;3992.0;43.0;0.0;0.0;3987.5;1100.375
0;20682.0;3985.0;14.0;3984.0;55.0;0.0;0.0;3992.0;14.0;3993.0;55.0;0.0;0.0;3988.5;736.75
0;20683.0;3986.0;19.0;3985.0;56.0;0.0;0.0;3992.0;19.0;3993.0;56.0;0.0;0.0;3989.0;664.0
0;20684.0;3985.0;20.0;3984.0;41.0;0.0;0.0;3992.0;20.0;3993.0;41.0;0.0;0.0;3988.5;798.875
0;20685.0;3985.0;10.0;3984.0;40.0;0.0;0.0;3992.0;10.0;3993.0;40.0;0.0;0.0;3988.5;718.0
0;20686.0;3985.0;11.0;3984.0;56.0;0.0;0.0;3992.0;11.0;3993.0;56.0;0.0;0.0;3988.5;830.375
0;20687.0;3988.0;1.0;3984.0;19.0;3983.0;41.0;3991.0;19.0;3992.0;41.0;0.0;0.0;3989.5;1043.875
0;20688.0;3984.0;14.0;3983.0;43.0;0.0;0.0;3991.0;14.0;3992.0;43.0;0.0;0.0;3987.5;1010.25
0;20689.0;3985.0;14.0;3984.0;41.0;0.0;0.0;3992.0;14.0;3993.0;41.0;0.0;0.0;3988.5;859.5
0;20690.0;3985.0;15.0;3984.0;60.0;0.0;0.0;3992.0;15.0;3993.0;60.0;0.0;0.0;3988.5;664.125
0;20691.0;3984.0;20.0;3983.0;41.0;0.0;0.0;3991.0;20.0;3992.0;41.0;0.0;0.0;3987.5;969.5
0;20692.0;3984.0;12.0;3983.0;55.0;0.0;0.0;3991.0;12.0;3992.0;55.0;0.0;0.0;3987.5;1106.75
0;20693.0;3984.0;11.0;3983.0;40.0;0.0;0.0;3991.0;11.0;3992.0;40.0;0.0;0.0;3987.5;1144.5
0;20694.0;3984.0;11.0;3983.0;55.0;0.0;0.0;3991.0;11.0;3992.0;55.0;0.0;0.0;3987.5;946.5
0;20695.0;3985.0;19.0;3984.0;55.0;0.0;0.0;3992.0;19.0;3993.0;55.0;0.0;0.0;3988.5;700.625
0;20696.0;3985.0;14.0;3984.0;59.0;0.0;0.0;3992.0;14.0;3993.0;59.0;0.0;0.0;3988.5;770.875
0;20697.0;3984.0;10.0;3983.0;58.0;0.0;0.0;3991.0;10.0;3992.0;58.0;0.0;0.0;3987.5;1002.625
0;20698.0;3985.0;20.0;3984.0;40.0;0.0;0.0;3992.0;20.0;3993.0;40.0;0.0;0.0;3988.5;896.0
0;20699.0;3984.0;15.0;3983.0;40.0;0.0;0.0;3991.0;15.0;3992.0;40.0;0.0;0.0;3987.5;992.5
0;20700.0;3984.0;18.0;3983.0;42.0;0.0;0.0;3991.0;18.0;3992.0;42.0;0.0;0.0;3987.5;912.25
0;20701.0;3985.0;18.0;3984.0;47.0;0.0;0.0;3992.0;18.0;3993.0;47.0;0.0;0.0;3988.5;712.0
0;20702.0;3985.0;18.0;3984.0;49.0;0.0;0.0;3992.0;18.0;3993.0;49.0;0.0;0.0;3988.5;595.5
0;20703.0;3988.0;3.0;3985.0;12.0;3984.0;59.0;3992.0;12.0;3993.0;59.0;0.0;0.0;3990.0;788.75
0;20704.0;3984.0;20.0;3983.0;47.0;0.0;0.0;3991.0;20.0;3992.0;47.0;0.0;0.0;3987.5;1024.875
0;20705.0;3983.0;17.0;3982.0;41.0;0.0;0.0;3990.0;17.0;3991.0;41.0;0.0;0.0;3986.5;1312.625
0;20706.0;3984.0;14.0;3983.0;51.0;0.0;0.0;3991.0;14.0;3992.0;51.0;0.0;0.0;3987.5;1170.75
0;20707.0;3984.0;11.0;3983.0;58.0;0.0;0.0;3991.0;11.0;3992.0;58.0;0.0;0.0;3987.5;954.875
0;20708.0;3984.0;10.0;3983.0;41.0;0.0;0.0;3991.0;10.0;3992.0;41.0;0.0;0.0;3987.5;1154.5
0;20709.0;3984.0;15.0;3983.0;52.0;0.0;0.0;3991.0;15.0;3992.0;52.0;0.0;0.0;3987.5;1259.25
0;20710.0;3983.0;13.0;3982.0;49.0;0.0;0.0;3990.0;13.0;3991.0;49.0;0.0;0.0;3986.5;1442.625
0;20711.0;3983.0;20.0;3982.0;59.0;0.0;0.0;3990.0;20.0;3991.0;59.0;0.0;0.0;3986.5;1473.875
0;20712.0;3982.0;12.0;3981.0;58.0;0.0;0.0;3989.0;12.0;3990.0;58.0;0.0;0.0;3985.5;1642.0
0;20713.0;3982.0;10.0;3981.0;56.0;0.0;0.0;3989.0;10.0;3990.0;56.0;0.0;0.0;3985.5;1810.875
0;20714.0;3983.0;12.0;3982.0;49.0;0.0;0.0;3990.0;12.0;3991.0;49.0;0.0;0.0;3986.5;1576.375
0;20715.0;3983.0;18.0;3982.0;48.0;0.0;0.0;3990.0;18.0;3991.0;48.0;0.0;0.0;3986.5;1406.625
0;20716.0;3983.0;18.0;3982.0;45.0;0.0;0.0;3990.0;18.0;3991.0;45.0;0.0;0.0;3986.5;1407.375
0;20717.0;3984.0;11.0;3983.0;46.0;0.0;0.0;3991.0;11.0;3992.0;46.0;0.0;0.0;3987.5;1196.5
0;20718.0;3983.0;17.0;3982.0;42.0;0.0;0.0;3990.0;17.0;3991.0;42.0;0.0;0.0;3986.5;1318.25
0;20719.0;3984.0;12.0;3983.0;57.0;0.0;0.0;3991.0;12.0;3992.0;57.0;0.0;0.0;3987.5;1237.125
0;20720.0;3983.0;20.0;3982.0;40.0;0.0;0.0;3990.0;20.0;3991.0;40.0;0.0;0.0;3986.5;1478.375
0;20721.0;3986.0;7.0;3983.0;13.0;3982.0;40.0;3990.0;13.0;3991.0;40.0;0.0;0.0;3988.0;1636.0
0;20722.0;3983.0;11.0;3982.0;44.0;0.0;0.0;3990.0;11.0;3991.0;44.0;0.0;0.0;3986.5;1453.625
0;20723.0;3982.0;16.0;3981.0;52.0;0.0;0.0;3989.0;16.0;3990.0;52.0;0.0;0.0;3985.5;1702.125
0;20724.0;3982.0;19.0;3981.0;47.0;0.0;0.0;3989.0;19.0;3990.0;47.0;0.0;0.0;3985.5;1795.875
0;20725.0;3982.0;19.0;3981.0;42.0;0.0;0.0;3989.0;19.0;3990.0;42.0;0.0;0.0;3985.5;2039.375
0;20726.0;3981.0;15.0;3980.0;55.0;0.0;0.0;3988.0;15.0;3989.0;55.0;0.0;0.0;3984.5;2299.75
0;20727.0;3981.0;18.0;3980.0;49.0;0.0;0.0;3988.0;18.0;3989.0;49.0;0.0;0.0;3984.5;2312.25
0;20728.0;3981.0;12.0;3980.0;60.0;0.0;0.0;3988.0;12.0;3989.0;60.0;0.0;0.0;3984.5;2315.625
0;20729.0;3980.0;14.0;3979.0;52.0;0.0;0.0;3987.0;14.0;3988.0;52.0;0.0;0.0;3983.5;2630.75
0;20730.0;3981.0;16.0;3980.0;56.0;0.0;0.0;3988.0;16.0;3989.0;56.0;0.0;0.0;3984.5;2222.0
0;20731.0;3982.0;20.0;3981.0;44.0;0.0;0.0;3984.0;1.0;3989.0;20.0;3990.0;44.0;3983.0;1939.875
0;20732.0;3981.0;14.0;3980.0;51.0;0.0;0.0;3988.0;14.0;3989.0;51.0;0.0;0.0;3984.5;2138.625
0;20733.0;3981.0;20.0;3980.0;40.0;0.0;0.0;3988.0;20.0;3989.0;40.0;0.0;0.0;3984.5;2077.875
0;20734.0;3982.0;13.0;3981.0;44.0;0.0;0.0;3988.0;13.0;3989.0;44.0;0.0;0.0;3985.0;2068.25
0;20735.0;3981.0;19.0;3980.0;47.0;0.0;0.0;3988.0;19.0;3989.0;47.0;0.0;0.0;3984.5;2214.5
0;20736.0;3980.0;15.0;3979.0;42.0;0.0;0.0;3987.0;15.0;3988.0;42.0;0.0;0.0;3983.5;2491.125
0;20737.0;3980.0;10.0;3979.0;57.0;0.0;0.0;3987.0;10.0;3988.0;57.0;0.0;0.0;3983.5;2510.625
0;20738.0;3980.0;19.0;3979.0;44.0;0.0;0.0;3987.0;19.0;3988.0;44.0;0.0;0.0;3983.5;2568.375
0;20739.0;3984.0;5.0;3981.0;20.0;3980.0;47.0;3988.0;20.0;3989.0;47.0;0.0;0.0;3986.0;2312.0
0;20740.0;3981.0;18.0;3980.0;58.0;0.0;0.0;3988.0;18.0;3989.0;58.0;0.0;0.0;3984.5;2302.5
0;20741.0;3980.0;15.0;3979.0;46.0;0.0;0.0;3987.0;15.0;3988.0;46.0;0.0;0.0;3983.5;2529.875
0;20742.0;3980.0;14.0;3979.0;56.0;0.0;0.0;3987.0;14.0;3988.0;56.0;0.0;0.0;3983.5;2691.375
0;20743.0;3980.0;10.0;3979.0;40.0;0.0;0.0;3987.0;10.0;3988.0;40.0;0.0;0.0;3983.5;2718.375
0;20744.0;3984.0;5.0;3980.0;13.0;3979.0;41.0;3987.0;13.0;3988.0;41.0;0.0;0.0;3985.5;2544.875
0;20745.0;3979.0;10.0;3978.0;44.0;0.0;0.0;3986.0;10.0;3987.0;44.0;0.0;0.0;3982.5;2803.625
0;20746.0;3980.0;17.0;3979.0;45.0;0.0;0.0;3987.0;17.0;3988.0;45.0;0.0;0.0;3983.5;2773.75
0;20747.0;3980.0;11.0;3979.0;44.0;0.0;0.0;3987.0;11.0;3988.0;44.0;0.0;0.0;3983.5;2531.375
0;20748.0;3979.0;16.0;3978.0;59.0;0.0;0.0;3986.0;16.0;3987.0;59.0;0.0;0.0;3982.5;2845.125
0;20749.0;3980.0;15.0;3979.0;55.0;0.0;0.0;3987.0;15.0;3988.0;55.0;0.0;0.0;3983.5;2579.125
0;20750.0;3980.0;17.0;3979.0;50.0;0.0;0.0;3987.0;17.0;3988.0;50.0;0.0;0.0;3983.5;2710.625
0;20751.0;3980.0;12.0;3979.0;57.0;0.0;0.0;3987.0;12.0;3988.0;57.0;0.0;0.0;3983.5;2741.125
0;20752.0;3979.0;10.0;3978.0;44.0;0.0;0.0;3982.0;4.0;3986.0;10.0;3987.0;44.0;3980.5;2867.875
0;20753.0;3979.0;20.0;3978.0;60.0;0.0;0.0;3986.0;20.0;3987.0;60.0;0.0;0.0;3982.5;2812.25
0;20754.0;3980.0;17.0;3979.0;59.0;0.0;0.0;3987.0;17.0;3988.0;59.0;0.0;0.0;3983.5;2729.5
0;20755.0;3980.0;19.0;3979.0;47.0;0.0;0.0;3987.0;19.0;3988.0;47.0;0.0;0.0;3983.5;2640.125
0;20756.0;3981.0;15.0;3980.0;55.0;0.0;0.0;3988.0;15.0;3989.0;55.0;0.0;0.0;3984.5;2092.0
0;20757.0;3980.0;19.0;3979.0;57.0;0.0;0.0;3987.0;19.0;3988.0;57.0;0.0;0.0;3983.5;2610.375
0;20758.0;3980.0;10.0;3979.0;58.0;0.0;0.0;3987.0;10.0;3988.0;58.0;0.0;0.0;3983.5;2729.25
0;20759.0;3982.0;4.0;3979.0;18.0;3978.0;60.0;3986.0;18.0;3987.0;60.0;0.0;0.0;3984.0;3011.625
0;20760.0;3979.0;11.0;3978.0;41.0;0.0;0.0;3986.0;11.0;3987.0;41.0;0.0;0.0;3982.5;3070.625
0;20761.0;3978.0;20.0;3977.0;56.0;0.0;0.0;3985.0;20.0;3986.0;56.0;0.0;0.0;3981.5;3229.25
0;20762.0;3978.0;18.0;3977.0;56.0;0.0;0.0;3985.0;18.0;3986.0;56.0;0.0;0.0;3981.5;3297.25
0;20763.0;3978.0;17.0;3977.0;50.0;0.0;0.0;3985.0;17.0;3986.0;50.0;0.0;0.0;3981.5;3318.25
0;20764.0;3978.0;19.0;3977.0;50.0;0.0;0.0;3985.0;19.0;3986.0;50.0;0.0;0.0;3981.5;3452.375
0;20765.0;3978.0;17.0;3977.0;52.0;0.0;0.0;3985.0;17.0;3986.0;52.0;0.0;0.0;3981.5;3280.0
0;20766.0;3981.0;2.0;3977.0;11.0;3976.0;55.0;3984.0;11.0;3985.0;55.0;0.0;0.0;3982.5;3590.875
0;20767.0;3977.0;16.0;3976.0;47.0;0.0;0.0;3984.0;16.0;3985.0;47.0;0.0;0.0;3980.5;3710.875
0;20768.0;3977.0;14.0;3976.0;60.0;0.0;0.0;3984.0;14.0;3985.0;60.0;0.0;0.0;3980.5;3718.875
0;20769.0;3978.0;14.0;3977.0;54.0;0.0;0.0;3985.0;14.0;3986.0;54.0;0.0;0.0;3981.5;3456.375
0;20770.0;3977.0;13.0;3976.0;51.0;0.0;0.0;3984.0;13.0;3985.0;51.0;0.0;0.0;3980.5;3738.625
0;20771.0;3976.0;10.0;3975.0;44.0;0.0;0.0;3983.0;10.0;3984.0;44.0;0.0;0.0;3979.5;3999.375
0;20772.0;3977.0;18.0;3976.0;51.0;0.0;0.0;3984.0;18.0;3985.0;51.0;0.0;0.0;3980.5;3905.375
0;20773.0;3977.0;20.0;3976.0;42.0;0.0;0.0;3984.0;20.0;3985.0;42.0;0.0;0.0;3980.5;3900.75
0;20774.0;3976.0;13.0;3975.0;59.0;0.0;0.0;3983.0;13.0;3984.0;59.0;0.0;0.0;3979.5;4199.625
0;20775.0;3976.0;19.0;3975.0;47.0;0.0;0.0;3983.0;19.0;3984.0;47.0;0.0;0.0;3979.5;3927.625
0;20776.0;3977.0;12.0;3976.0;51.0;0.0;0.0;3983.0;12.0;3984.0;51.0;0.0;0.0;3980.0;3884.625
0;20777.0;3976.0;10.0;3975.0;41.0;0.0;0.0;3983.0;10.0;3984.0;41.0;0.0;0.0;3979.5;3963.25
0;20778.0;3976.0;14.0;3975.0;55.0;0.0;0.0;3979.0;7.0;3983.0;14.0;3984.0;55.0;3977.5;4042.125
0;20779.0;3976.0;15.0;3975.0;60.0;0.0;0.0;3983.0;15.0;3984.0;60.0;0.0;0.0;3979.5;4031.0
0;20780.0;3976.0;10.0;3975.0;44.0;0.0;0.0;3983.0;10.0;3984.0;44.0;0.0;0.0;3979.5;4115.875
0;20781.0;3976.0;18.0;3975.0;59.0;0.0;0.0;3983.0;18.0;3984.0;59.0;0.0;0.0;3979.5;4057.5
0;20782.0;3976.0;10.0;3975.0;44.0;0.0;0.0;3983.0;10.0;3984.0;44.0;0.0;0.0;3979.5;3997.875
0;20783.0;3976.0;18.0;3975.0;45.0;0.0;0.0;3978.0;5.0;3983.0;18.0;3984.0;45.0;3977.0;4232.875
0;20784.0;3975.0;13.0;3974.0;41.0;0.0;0.0;3982.0;13.0;3983.0;41.0;0.0;0.0;3978.5;4564.0
0;20785.0;3976.0;14.0;3975.0;58.0;0.0;0.0;3983.0;14.0;3984.0;58.0;0.0;0.0;3979.5;4243.875
0;20786.0;3975.0;12.0;3974.0;53.0;0.0;0.0;3982.0;12.0;3983.0;53.0;0.0;0.0;3978.5;4362.25
0;20787.0;3976.0;19.0;3975.0;48.0;0.0;0.0;3983.0;19.0;3984.0;48.0;0.0;0.0;3979.5;4014.875
0;20788.0;3976.0;11.0;3975.0;48.0;0.0;0.0;3983.0;11.0;3984.0;48.0;0.0;0.0;3979.5;3991.75
0;20789.0;3975.0;11.0;3974.0;41.0;0.0;0.0;3982.0;11.0;3983.0;41.0;0.0;0.0;3978.5;4548.75
0;20790.0;3975.0;12.0;3974.0;51.0;0.0;0.0;3982.0;12.0;3983.0;51.0;0.0;0.0;3978.5;4499.375
0;20791.0;3975.0;19.0;3974.0;43.0;0.0;0.0;3981.0;19.0;3982.0;43.0;0.0;0.0;3978.0;4725.75
0;20792.0;3973.0;11.0;3972.0;40.0;0.0;0.0;3980.0;11.0;3981.0;40.0;0.0;0.0;3976.5;5206.375
0;20793.0;3977.0;4.0;3973.0;19.0;3972.0;60.0;3980.0;19.0;3981.0;60.0;0.0;0.0;3978.5;5217.0
0;20794.0;3973.0;12.0;3972.0;59.0;0.0;0.0;3980.0;12.0;3981.0;59.0;0.0;0.0;3976.5;5460.875
0;20795.0;3973.0;18.0;3972.0;56.0;0.0;0.0;3980.0;18.0;3981.0;56.0;0.0;0.0;3976.5;5515.125
0;20796.0;3973.0;13.0;3972.0;60.0;0.0;0.0;3980.0;13.0;3981.0;60.0;0.0;0.0;3976.5;5284.375
0;20797.0;3974.0;16.0;3973.0;48.0;0.0;0.0;3980.0;16.0;3981.0;48.0;0.0;0.0;3977.0;5130.0
0;20798.0;3974.0;20.0;3973.0;41.0;0.0;0.0;3980.0;20.0;3981.0;41.0;0.0;0.0;3977.0;5129.375
0;20799.0;3974.0;16.0;3973.0;60.0;0.0;0.0;3981.0;16.0;3982.0;60.0;0.0;0.0;3977.5;5123.0
0;20800.0;3974.0;12.0;3973.0;48.0;0.0;0.0;3981.0;12.0;3982.0;48.0;0.0;0.0;3977.5;5116.375
0;20801.0;3973.0;20.0;3972.0;60.0;0.0;0.0;3980.0;20.0;3981.0;60.0;0.0;0.0;3976.5;5268.25
0;20802.0;3973.0;11.0;3972.0;40.0;0.0;0.0;3980.0;11.0;3981.0;40.0;0.0;0.0;3976.5;5493.5
0;20803.0;3972.0;17.0;3971.0;41.0;0.0;0.0;3979.0;17.0;3980.0;41.0;0.0;0.0;3975.5;5603.0
0;20804.0;3972.0;17.0;3971.0;48.0;0.0;0.0;3979.0;17.0;3980.0;48.0;0.0;0.0;3975.5;5589.0
0;20805.0;3972.0;11.0;3971.0;43.0;0.0;0.0;3979.0;11.0;3980.0;43.0;0.0;0.0;3975.5;5813.0
0;20806.0;3972.0;12.0;3971.0;40.0;0.0;0.0;3979.0;12.0;3980.0;40.0;0.0;0.0;3975.5;5884.0
0;20807.0;3972.0;20.0;3971.0;51.0;0.0;0.0;3979.0;20.0;3980.0;51.0;0.0;0.0;3975.5;5899.75
0;20808.0;3971.0;14.0;3970.0;41.0;0.0;0.0;3978.0;14.0;3979.0;41.0;0.0;0.0;3974.5;6120.625
0;20809.0;3972.0;11.0;3971.0;51.0;0.0;0.0;3979.0;11.0;3980.0;51.0;0.0;0.0;3975.5;5915.5
0;20810.0;3972.0;13.0;3971.0;44.0;0.0;0.0;3979.0;13.0;3980.0;44.0;0.0;0.0;3975.5;5660.5
0;20811.0;3972.0;15.0;3971.0;49.0;0.0;0.0;3979.0;15.0;3980.0;49.0;0.0;0.0;3975.5;5641.375
0;20812.0;3972.0;14.0;3971.0;50.0;0.0;0.0;3979.0;14.0;3980.0;50.0;0.0;0.0;3975.5;5865.5
0;20813.0;3971.0;11.0;3970.0;42.0;0.0;0.0;3978.0;11.0;3979.0;42.0;0.0;0.0;3974.5;6305.375
0;20814.0;3969.0;13.0;3968.0;52.0;0.0;0.0;3976.0;13.0;3977.0;52.0;0.0;0.0;3972.5;6867.0
0;20815.0;3970.0;19.0;3969.0;46.0;0.0;0.0;3977.0;19.0;3978.0;46.0;0.0;0.0;3973.5;6637.5
0;20816.0;3970.0;14.0;3969.0;55.0;0.0;0.0;3973.0;1.0;3977.0;14.0;3978.0;55.0;3971.5;6614.875
0;20817.0;3970.0;15.0;3969.0;52.0;0.0;0.0;3977.0;15.0;3978.0;52.0;0.0;0.0;3973.5;6764.125
0;20818.0;3969.0;18.0;3968.0;50.0;0.0;0.0;3976.0;18.0;3977.0;50.0;0.0;0.0;3972.5;7106.5
0;20819.0;3969.0;17.0;3968.0;59.0;0.0;0.0;3976.0;17.0;3977.0;59.0;0.0;0.0;3972.5;7166.25
0;20820.0;3973.0;21.0;3969.0;20.0;3968.0;47.0;3976.0;20.0;3977.0;47.0;0.0;0.0;3974.5;6987.875
0;20821.0;3969.0;18.0;3968.0;50.0;0.0;0.0;3976.0;18.0;3977.0;50.0;0.0;0.0;3972.5;6942.625
0;20822.0;3969.0;12.0;3968.0;51.0;0.0;0.0;3976.0;12.0;3977.0;51.0;0.0;0.0;3972.5;7188.625
0;20823.0;3970.0;15.0;3969.0;43.0;0.0;0.0;3973.0;5.0;3977.0;15.0;3978.0;43.0;3971.5;6561.75
0;20824.0;3970.0;19.0;3969.0;41.0;0.0;0.0;3977.0;19.0;3978.0;41.0;0.0;0.0;3973.5;6469.875
0;20825.0;3970.0;17.0;3969.0;56.0;0.0;0.0;3977.0;17.0;3978.0;56.0;0.0;0.0;3973.5;6763.625
0;20826.0;3970.0;15.0;3969.0;40.0;0.0;0.0;3977.0;15.0;3978.0;40.0;0.0;0.0;3973.5;6702.25
0;20827.0;3970.0;12.0;3969.0;57.0;0.0;0.0;3977.0;12.0;3978.0;57.0;0.0;0.0;3973.5;6636.375
0;20828.0;3970.0;20.0;3969.0;48.0;0.0;0.0;3977.0;20.0;3978.0;48.0;0.0;0.0;3973.5;6499.875
0;20829.0;3970.0;13.0;3969.0;48.0;0.0;0.0;3977.0;13.0;3978.0;48.0;0.0;0.0;3973.5;6441.375
0;20830.0;3970.0;17.0;3969.0;45.0;0.0;0.0;3977.0;17.0;3978.0;45.0;0.0;0.0;3973.5;6727.75
0;20831.0;3970.0;13.0;3969.0;53.0;0.0;0.0;3977.0;13.0;3978.0;53.0;0.0;0.0;3973.5;6664.625
0;20832.0;3969.0;20.0;3968.0;41.0;0.0;0.0;3976.0;20.0;3977.0;41.0;0.0;0.0;3972.5;6857.25
0;20833.0;3969.0;12.0;3968.0;45.0;0.0;0.0;3976.0;12.0;3977.0;45.0;0.0;0.0;3972.5;6847.125
0;20834.0;3969.0;16.0;3968.0;47.0;0.0;0.0;3972.0;1.0;3976.0;16.0;3977.0;47.0;3970.5;6875.625
0;20835.0;3970.0;14.0;3969.0;40.0;0.0;0.0;3972.0;3.0;3977.0;14.0;3978.0;40.0;3971.0;6748.875
0;20836.0;3970.0;16.0;3969.0;52.0;0.0;0.0;3977.0;16.0;3978.0;52.0;0.0;0.0;3973.5;6716.625
0;20837.0;3970.0;11.0;3969.0;60.0;0.0;0.0;3977.0;11.0;3978.0;60.0;0.0;0.0;3973.5;6803.625
0;20838.0;3971.0;14.0;3970.0;54.0;0.0;0.0;3978.0;14.0;3979.0;54.0;0.0;0.0;3974.5;6279.75
0;20839.0;3971.0;12.0;3970.0;48.0;0.0;0.0;3978.0;12.0;3979.0;48.0;0.0;0.0;3974.5;6369.625
0;20840.0;3970.0;12.0;3969.0;48.0;0.0;0.0;3977.0;12.0;3978.0;48.0;0.0;0.0;3973.5;6465.5
0;20841.0;3971.0;11.0;3970.0;51.0;0.0;0.0;3978.0;11.0;3979.0;51.0;0.0;0.0;3974.5;6380.0
0;20842.0;3971.0;17.0;3970.0;50.0;0.0;0.0;3978.0;17.0;3979.0;50.0;0.0;0.0;3974.5;6287.375
0;20843.0;3971.0;14.0;3970.0;45.0;0.0;0.0;3978.0;14.0;3979.0;45.0;0.0;0.0;3974.5;6084.625
0;20844.0;3971.0;18.0;3970.0;43.0;0.0;0.0;3973.0;3.0;3978.0;18.0;3979.0;43.0;3972.0;6419.25
0;20845.0;3970.0;15.0;3969.0;50.0;0.0;0.0;3977.0;15.0;3978.0;50.0;0.0;0.0;3973.5;6557.375
0;20846.0;3971.0;15.0;3970.0;46.0;0.0;0.0;3978.0;15.0;3979.0;46.0;0.0;0.0;3974.5;6328.375
0;20847.0;3971.0;16.0;3970.0;43.0;0.0;0.0;3978.0;16.0;3979.0;43.0;0.0;0.0;3974.5;6283.0
0;20848.0;3971.0;18.0;3970.0;40.0;0.0;0.0;3978.0;18.0;3979.0;40.0;0.0;0.0;3974.5;6233.875
0;20849.0;3970.0;13.0;3969.0;53.0;0.0;0.0;3977.0;13.0;3978.0;53.0;0.0;0.0;3973.5;6563.125
0;20850.0;3969.0;12.0;3968.0;57.0;0.0;0.0;3976.0;12.0;3977.0;57.0;0.0;0.0;3972.5;6895.375
0;20851.0;3969.0;14.0;3968.0;43.0;0.0;0.0;3976.0;14.0;3977.0;43.0;0.0;0.0;3972.5;7094.375
0;20852.0;3969.0;11.0;3968.0;58.0;0.0;0.0;3976.0;11.0;3977.0;58.0;0.0;0.0;3972.5;7061.25
0;20853.0;3969.0;15.0;3968.0;50.0;0.0;0.0;3976.0;15.0;3977.0;50.0;0.0;0.0;3972.5;6905.5
0;20854.0;3970.0;15.0;3969.0;45.0;0.0;0.0;3977.0;15.0;3978.0;45.0;0.0;0.0;3973.5;6724.875
0;20855.0;3972.0;18.0;3969.0;17.0;3968.0;56.0;3976.0;17.0;3977.0;56.0;0.0;0.0;3974.0;7158.875
0;20856.0;3969.0;17.0;3968.0;43.0;0.0;0.0;3976.0;17.0;3977.0;43.0;0.0;0.0;3972.5;7217.5
0;20857.0;3969.0;19.0;3968.0;54.0;0.0;0.0;3976.0;19.0;3977.0;54.0;0.0;0.0;3972.5;7218.5
0;20858.0;3969.0;15.0;3968.0;40.0;0.0;0.0;3975.0;15.0;3976.0;40.0;0.0;0.0;3972.0;7329.25
0;20859.0;3968.0;15.0;3967.0;52.0;0.0;0.0;3975.0;15.0;3976.0;52.0;0.0;0.0;3971.5;7435.875
0;20860.0;3968.0;12.0;3967.0;43.0;0.0;0.0;3975.0;12.0;3976.0;43.0;0.0;0.0;3971.5;7694.125
0;20861.0;3967.0;13.0;3966.0;58.0;0.0;0.0;3974.0;13.0;3975.0;58.0;0.0;0.0;3970.5;7794.0
0;20862.0;3966.0;17.0;3965.0;55.0;0.0;0.0;3973.0;17.0;3974.0;55.0;0.0;0.0;3969.5;8343.875
0;20863.0;3967.0;10.0;3966.0;45.0;0.0;0.0;3974.0;10.0;3975.0;45.0;0.0;0.0;3970.5;8077.125
0;20864.0;3967.0;19.0;3966.0;49.0;0.0;0.0;3974.0;19.0;3975.0;49.0;0.0;0.0;3970.5;8052.5
0;20865.0;3968.0;12.0;3967.0;46.0;0.0;0.0;3975.0;12.0;3976.0;46.0;0.0;0.0;3971.5;7742.75
0;20866.0;3967.0;10.0;3966.0;58.0;0.0;0.0;3974.0;10.0;3975.0;58.0;0.0;0.0;3970.5;7946.125
0;20867.0;3966.0;13.0;3965.0;54.0;0.0;0.0;3973.0;13.0;3974.0;54.0;0.0;0.0;3969.5;8353.375
0;20868.0;3967.0;15.0;3966.0;44.0;0.0;0.0;3974.0;15.0;3975.0;44.0;0.0;0.0;3970.5;7971.375
0;20869.0;3966.0;11.0;3965.0;55.0;0.0;0.0;3973.0;11.0;3974.0;55.0;0.0;0.0;3969.5;8478.625
0;20870.0;3965.0;10.0;3964.0;57.0;0.0;0.0;3972.0;10.0;3973.0;57.0;0.0;0.0;3968.5;8775.0
0;20871.0;3966.0;14.0;3965.0;49.0;0.0;0.0;3973.0;14.0;3974.0;49.0;0.0;0.0;3969.5;8625.25
0;20872.0;3966.0;11.0;3965.0;52.0;0.0;0.0;3973.0;11.0;3974.0;52.0;0.0;0.0;3969.5;8329.125
0;20873.0;3966.0;16.0;3965.0;50.0;0.0;0.0;3973.0;16.0;3974.0;50.0;0.0;0.0;3969.5;8504.125
0;20874.0;3966.0;14.0;3965.0;45.0;0.0;0.0;3973.0;14.0;3974.0;45.0;0.0;0.0;3969.5;8572.125
0;20875.0;3966.0;10.0;3965.0;55.0;0.0;0.0;3972.0;10.0;3973.0;55.0;0.0;0.0;3969.0;8651.375
0;20876.0;3966.0;10.0;3965.0;46.0;0.0;0.0;3973.0;10.0;3974.0;46.0;0.0;0.0;3969.5;8551.875
0;20877.0;3965.0;19.0;3964.0;45.0;0.0;0.0;3972.0;19.0;3973.0;45.0;0.0;0.0;3968.5;8771.0
0;20878.0;3965.0;61.0;0.0;0.0;0.0;0.0;3972.0;12.0;3973.0;49.0;0.0;0.0;3968.5;8655.5
0;20879.0;3966.0;20.0;3965.0;56.0;0.0;0.0;3968.0;30.0;3973.0;20.0;3974.0;56.0;3967.0;8474.875
0;20880.0;3966.0;15.0;3965.0;53.0;0.0;0.0;3973.0;15.0;3974.0;53.0;0.0;0.0;3969.5;8516.5
0;20881.0;3966.0;18.0;3965.0;49.0;0.0;0.0;3973.0;18.0;3974.0;49.0;0.0;0.0;3969.5;8513.125
0;20882.0;3967.0;14.0;3966.0;40.0;0.0;0.0;3974.0;14.0;3975.0;40.0;0.0;0.0;3970.5;8015.125
0;20883.0;3967.0;10.0;3966.0;53.0;0.0;0.0;3974.0;10.0;3975.0;53.0;0.0;0.0;3970.5;7962.5
0;20884.0;3967.0;10.0;3966.0;48.0;0.0;0.0;3974.0;10.0;3975.0;48.0;0.0;0.0;3970.5;8071.5
0;20885.0;3967.0;16.0;3966.0;40.0;0.0;0.0;3974.0;16.0;3975.0;40.0;0.0;0.0;3970.5;7845.25
0;20886.0;3971.0;17.0;3968.0;20.0;3967.0;56.0;3975.0;20.0;3976.0;56.0;0.0;0.0;3973.0;7589.875
0;20887.0;3968.0;19.0;3967.0;58.0;0.0;0.0;3974.0;19.0;3975.0;58.0;0.0;0.0;3971.0;7762.375
0;20888.0;3967.0;13.0;3966.0;47.0;0.0;0.0;3974.0;13.0;3975.0;47.0;0.0;0.0;3970.5;7995.0
0;20889.0;3968.0;16.0;3967.0;53.0;0.0;0.0;3975.0;16.0;3976.0;53.0;0.0;0.0;3971.5;7685.375
0;20890.0;3968.0;18.0;3967.0;41.0;0.0;0.0;3971.0;28.0;3975.0;18.0;3976.0;41.0;3969.5;7426.875
0;20891.0;3969.0;20.0;3968.0;48.0;0.0;0.0;3976.0;20.0;3977.0;48.0;0.0;0.0;3972.5;7145.875
0;20892.0;3970.0;10.0;3969.0;60.0;0.0;0.0;3977.0;10.0;3978.0;60.0;0.0;0.0;3973.5;6789.125
0;20893.0;3969.0;18.0;3968.0;49.0;0.0;0.0;3976.0;18.0;3977.0;49.0;0.0;0.0;3972.5;7057.0
0;20894.0;3968.0;14.0;3967.0;45.0;0.0;0.0;3975.0;14.0;3976.0;45.0;0.0;0.0;3971.5;7432.75
0;20895.0;3969.0;18.0;3968.0;45.0;0.0;0.0;3971.0;4.0;3976.0;18.0;3977.0;45.0;3970.0;7219.25
0;20896.0;3969.0;12.0;3968.0;50.0;0.0;0.0;3976.0;12.0;3977.0;50.0;0.0;0.0;3972.5;7018.75
0;20897.0;3969.0;18.0;3968.0;53.0;0.0;0.0;3976.0;18.0;3977.0;53.0;0.0;0.0;3972.5;6992.125
0;20898.0;3970.0;17.0;3969.0;46.0;0.0;0.0;3977.0;17.0;3978.0;46.0;0.0;0.0;3973.5;6798.0
0;20899.0;3969.0;20.0;3968.0;53.0;0.0;0.0;3976.0;20.0;3977.0;53.0;0.0;0.0;3972.5;6981.0
0;20900.0;3969.0;18.0;3968.0;52.0;0.0;0.0;3976.0;18.0;3977.0;52.0;0.0;0.0;3972.5;7222.375
0;20901.0;3972.0;1.0;3969.0;14.0;3968.0;40.0;3976.0;14.0;3977.0;40.0;0.0;0.0;3974.0;7256.75
0;20902.0;3969.0;12.0;3968.0;47.0;0.0;0.0;3976.0;12.0;3977.0;47.0;0.0;0.0;3972.5;7170.5
0;20903.0;3969.0;17.0;3968.0;41.0;0.0;0.0;3976.0;17.0;3977.0;41.0;0.0;0.0;3972.5;7039.875
0;20904.0;3969.0;19.0;3968.0;53.0;0.0;0.0;3976.0;19.0;3977.0;53.0;0.0;0.0;3972.5;7075.0
0;20905.0;3969.0;10.0;3968.0;41.0;0.0;0.0;3976.0;10.0;3977.0;41.0;0.0;0.0;3972.5;6948.0
0;20906.0;3970.0;11.0;3969.0;52.0;0.0;0.0;3977.0;11.0;3978.0;52.0;0.0;0.0;3973.5;6682.125
0;20907.0;3970.0;11.0;3969.0;52.0;0.0;0.0;3977.0;11.0;3978.0;52.0;0.0;0.0;3973.5;6582.5
0;20908.0;3970.0;18.0;3969.0;55.0;0.0;0.0;3977.0;18.0;3978.0;55.0;0.0;0.0;3973.5;6703.0
0;20909.0;3971.0;10.0;3970.0;44.0;0.0;0.0;3978.0;10.0;3979.0;44.0;0.0;0.0;3974.5;6329.0
0;20910.0;3970.0;11.0;3969.0;47.0;0.0;0.0;3977.0;11.0;3978.0;47.0;0.0;0.0;3973.5;6603.375
0;20911.0;3970.0;18.0;3969.0;57.0;0.0;0.0;3977.0;18.0;3978.0;57.0;0.0;0.0;3973.5;6566.875
0;20912.0;3971.0;20.0;3970.0;53.0;0.0;0.0;3974.0;3.0;3978.0;20.0;3979.0;53.0;3972.5;6144.375
0;20913.0;3972.0;19.0;3971.0;40.0;0.0;0.0;3979.0;19.0;3980.0;40.0;0.0;0.0;3975.5;5596.625
0;20914.0;3973.0;11.0;3972.0;45.0;0.0;0.0;3980.0;11.0;3981.0;45.0;0.0;0.0;3976.5;5284.875
0;20915.0;3973.0;20.0;3972.0;49.0;0.0;0.0;3980.0;20.0;3981.0;49.0;0.0;0.0;3976.5;5395.25
0;20916.0;3972.0;13.0;3971.0;44.0;0.0;0.0;3979.0;13.0;3980.0;44.0;0.0;0.0;3975.5;5821.5
0;20917.0;3972.0;16.0;3971.0;49.0;0.0;0.0;3979.0;16.0;3980.0;49.0;0.0;0.0;3975.5;5942.375
0;20918.0;3972.0;19.0;3971.0;50.0;0.0;0.0;3979.0;19.0;3980.0;50.0;0.0;0.0;3975.5;5961.125
0;20919.0;3972.0;11.0;3971.0;45.0;0.0;0.0;3974.0;2.0;3979.0;11.0;3980.0;45.0;3973.0;5939.25
0;20920.0;3971.0;14.0;3970.0;46.0;0.0;0.0;3978.0;14.0;3979.0;46.0;0.0;0.0;3974.5;6184.125
0;20921.0;3971.0;14.0;3970.0;45.0;0.0;0.0;3978.0;14.0;3979.0;45.0;0.0;0.0;3974.5;6312.75
0;20922.0;3971.0;13.0;3970.0;58.0;0.0;0.0;3978.0;13.0;3979.0;58.0;0.0;0.0;3974.5;6265.5
0;20923.0;3971.0;16.0;3970.0;50.0;0.0;0.0;3978.0;16.0;3979.0;50.0;0.0;0.0;3974.5;6254.5
0;20924.0;3972.0;16.0;3971.0;44.0;0.0;0.0;3974.0;10.0;3979.0;16.0;3980.0;44.0;3973.0;5953.375
0;20925.0;3975.0;3.0;3972.0;11.0;3971.0;59.0;3979.0;11.0;3980.0;59.0;0.0;0.0;3977.0;5820.75
0;20926.0;3972.0;10.0;3971.0;41.0;0.0;0.0;3979.0;10.0;3980.0;41.0;0.0;0.0;3975.5;5683.375
0;20927.0;3972.0;13.0;3971.0;41.0;0.0;0.0;3979.0;13.0;3980.0;41.0;0.0;0.0;3975.5;5811.875
0;20928.0;3972.0;17.0;3971.0;49.0;0.0;0.0;3979.0;17.0;3980.0;49.0;0.0;0.0;3975.5;5795.625
0;20929.0;3971.0;11.0;3970.0;58.0;0.0;0.0;3978.0;11.0;3979.0;58.0;0.0;0.0;3974.5;6254.875
0;20930.0;3971.0;18.0;3970.0;51.0;0.0;0.0;3978.0;18.0;3979.0;51.0;0.0;0.0;3974.5;6353.125
0;20931.0;3970.0;12.0;3969.0;48.0;0.0;0.0;3977.0;12.0;3978.0;48.0;0.0;0.0;3973.5;6729.0
0;20932.0;3970.0;20.0;3969.0;43.0;0.0;0.0;3977.0;20.0;3978.0;43.0;0.0;0.0;3973.5;6696.875
0;20933.0;3970.0;18.0;3969.0;50.0;0.0;0.0;3977.0;18.0;3978.0;50.0;0.0;0.0;3973.5;6569.375
0;20934.0;3970.0;18.0;3969.0;54.0;0.0;0.0;3973.0;4.0;3977.0;18.0;3978.0;54.0;3971.5;6541.75
0;20935.0;3971.0;14.0;3970.0;59.0;0.0;0.0;3978.0;14.0;3979.0;59.0;0.0;0.0;3974.5;6186.375
0;20936.0;3971.0;15.0;3970.0;58.0;0.0;0.0;3978.0;15.0;3979.0;58.0;0.0;0.0;3974.5;6347.125
0;20937.0;3971.0;20.0;3970.0;45.0;0.0;0.0;3978.0;20.0;3979.0;45.0;0.0;0.0;3974.5;6371.375
0;20938.0;3974.0;11.0;3971.0;11.0;3970.0;46.0;3977.0;11.0;3978.0;46.0;0.0;0.0;3975.5;6503.25
0;20939.0;3970.0;19.0;3969.0;40.0;0.0;0.0;3973.0;15.0;3977.0;19.0;3978.0;40.0;3971.5;6581.25
0;20940.0;3971.0;13.0;3970.0;45.0;0.0;0.0;3974.0;3.0;3978.0;13.0;3979.0;45.0;3972.5;6270.25
0;20941.0;3970.0;20.0;3969.0;59.0;0.0;0.0;3977.0;20.0;3978.0;59.0;0.0;0.0;3973.5;6599.0
0;20942.0;3971.0;10.0;3970.0;44.0;0.0;0.0;3974.0;27.0;3978.0;10.0;3979.0;44.0;3972.5;6209.75
0;20943.0;3972.0;16.0;3971.0;46.0;0.0;0.0;3979.0;16.0;3980.0;46.0;0.0;0.0;3975.5;5889.375
0;20944.0;3972.0;15.0;3971.0;57.0;0.0;0.0;3979.0;15.0;3980.0;57.0;0.0;0.0;3975.5;5751.125
0;20945.0;3972.0;17.0;3971.0;41.0;0.0;0.0;3979.0;17.0;3980.0;41.0;0.0;0.0;3975.5;5835.25
0;20946.0;3972.0;17.0;3971.0;52.0;0.0;0.0;3979.0;17.0;3980.0;52.0;0.0;0.0;3975.5;5779.375
0;20947.0;3972.0;11.0;3971.0;57.0;0.0;0.0;3979.0;11.0;3980.0;57.0;0.0;0.0;3975.5;5875.125
0;20948.0;3973.0;16.0;3972.0;42.0;0.0;0.0;3980.0;16.0;3981.0;42.0;0.0;0.0;3976.5;5528.125
0;20949.0;3972.0;13.0;3971.0;43.0;0.0;0.0;3979.0;13.0;3980.0;43.0;0.0;0.0;3975.5;5796.375
0;20950.0;3972.0;19.0;3971.0;45.0;0.0;0.0;3978.0;19.0;3979.0;45.0;0.0;0.0;3975.0;6028.625
0;20951.0;3972.0;16.0;3971.0;52.0;0.0;0.0;3979.0;16.0;3980.0;52.0;0.0;0.0;3975.5;6020.75
0;20952.0;3970.0;16.0;3969.0;43.0;0.0;0.0;3977.0;16.0;3978.0;43.0;0.0;0.0;3973.5;6614.0
0;20953.0;3971.0;11.0;3970.0;59.0;0.0;0.0;3978.0;11.0;3979.0;59.0;0.0;0.0;3974.5;6267.875
0;20954.0;3971.0;20.0;3970.0;45.0;0.0;0.0;3978.0;20.0;3979.0;45.0;0.0;0.0;3974.5;6345.0
0;20955.0;3971.0;11.0;3970.0;45.0;0.0;0.0;3978.0;11.0;3979.0;45.0;0.0;0.0;3974.5;6166.875
0;20956.0;3971.0;16.0;3970.0;48.0;0.0;0.0;3978.0;16.0;3979.0;48.0;0.0;0.0;3974.5;6126.125
0;20957.0;3970.0;11.0;3969.0;52.0;0.0;0.0;3977.0;11.0;3978.0;52.0;0.0;0.0;3973.5;6544.625
0;20958.0;3970.0;20.0;3969.0;41.0;0.0;0.0;3977.0;20.0;3978.0;41.0;0.0;0.0;3973.5;6535.25
0;20959.0;3971.0;13.0;3970.0;47.0;0.0;0.0;3978.0;13.0;3979.0;47.0;0.0;0.0;3974.5;6436.75
0;20960.0;3970.0;19.0;3969.0;43.0;0.0;0.0;3977.0;19.0;3978.0;43.0;0.0;0.0;3973.5;6719.375
0;20961.0;3970.0;17.0;3969.0;43.0;0.0;0.0;3977.0;17.0;3978.0;43.0;0.0;0.0;3973.5;6960.0
0;20962.0;3969.0;17.0;3968.0;44.0;0.0;0.0;3976.0;17.0;3977.0;44.0;0.0;0.0;3972.5;7211.125
0;20963.0;3969.0;11.0;3968.0;52.0;0.0;0.0;3976.0;11.0;3977.0;52.0;0.0;0.0;3972.5;7028.875
0;20964.0;3969.0;20.0;3968.0;50.0;0.0;0.0;3976.0;20.0;3977.0;50.0;0.0;0.0;3972.5;7327.375
0;20965.0;3968.0;17.0;3967.0;47.0;0.0;0.0;3975.0;17.0;3976.0;47.0;0.0;0.0;3971.5;7544.5
0;20966.0;3968.0;19.0;3967.0;42.0;0.0;0.0;3975.0;19.0;3976.0;42.0;0.0;0.0;3971.5;7566.75
0;20967.0;3968.0;14.0;3967.0;56.0;0.0;0.0;3975.0;14.0;3976.0;56.0;0.0;0.0;3971.5;7540.375
0;20968.0;3968.0;15.0;3967.0;42.0;0.0;0.0;3975.0;15.0;3976.0;42.0;0.0;0.0;3971.5;7685.5
0;20969.0;3969.0;16.0;3968.0;48.0;0.0;0.0;3976.0;16.0;3977.0;48.0;0.0;0.0;3972.5;7318.25
0;20970.0;3970.0;18.0;3969.0;55.0;0.0;0.0;3977.0;18.0;3978.0;55.0;0.0;0.0;3973.5;6939.625
0;20971.0;3969.0;20.0;3968.0;58.0;0.0;0.0;3976.0;20.0;3977.0;58.0;0.0;0.0;3972.5;7273.875
0;20972.0;3970.0;17.0;3969.0;53.0;0.0;0.0;3977.0;17.0;3978.0;53.0;0.0;0.0;3973.5;6845.375
0;20973.0;3970.0;12.0;3969.0;48.0;0.0;0.0;3977.0;12.0;3978.0;48.0;0.0;0.0;3973.5;6736.75
0;20974.0;3970.0;16.0;3969.0;40.0;0.0;0.0;3977.0;16.0;3978.0;40.0;0.0;0.0;3973.5;6580.5
0;20975.0;3971.0;20.0;3970.0;51.0;0.0;0.0;3978.0;20.0;3979.0;51.0;0.0;0.0;3974.5;6395.875
0;20976.0;3970.0;18.0;3969.0;48.0;0.0;0.0;3977.0;18.0;3978.0;48.0;0.0;0.0;3973.5;6731.25
0;20977.0;3969.0;10.0;3968.0;48.0;0.0;0.0;3976.0;10.0;3977.0;48.0;0.0;0.0;3972.5;7039.25
0;20978.0;3973.0;4.0;3970.0;16.0;3969.0;42.0;3977.0;16.0;3978.0;42.0;0.0;0.0;3975.0;6927.5
0;20979.0;3969.0;15.0;3968.0;47.0;0.0;0.0;3976.0;15.0;3977.0;47.0;0.0;0.0;3972.5;7104.75
0;20980.0;3971.0;18.0;3970.0;52.0;0.0;0.0;3978.0;18.0;3979.0;52.0;0.0;0.0;3974.5;6443.75
0;20981.0;3970.0;12.0;3969.0;49.0;0.0;0.0;3977.0;12.0;3978.0;49.0;0.0;0.0;3973.5;6555.0
0;20982.0;3971.0;12.0;3970.0;48.0;0.0;0.0;3978.0;12.0;3979.0;48.0;0.0;0.0;3974.5;6332.25
0;20983.0;3970.0;16.0;3969.0;51.0;0.0;0.0;3977.0;16.0;3978.0;51.0;0.0;0.0;3973.5;6569.5
0;20984.0;3972.0;19.0;3971.0;43.0;0.0;0.0;3978.0;19.0;3979.0;43.0;0.0;0.0;3975.0;6053.875
0;20985.0;3972.0;12.0;3971.0;45.0;0.0;0.0;3979.0;12.0;3980.0;45.0;0.0;0.0;3975.5;5605.5
0;20986.0;3972.0;15.0;3971.0;45.0;0.0;0.0;3979.0;15.0;3980.0;45.0;0.0;0.0;3975.5;5968.625
0;20987.0;3972.0;16.0;3971.0;57.0;0.0;0.0;3979.0;16.0;3980.0;57.0;0.0;0.0;3975.5;5885.5
0;20988.0;3972.0;19.0;3971.0;59.0;0.0;0.0;3974.0;1.0;3979.0;19.0;3980.0;59.0;3973.0;5865.875
0;20989.0;3973.0;15.0;3972.0;57.0;0.0;0.0;3980.0;15.0;3981.0;57.0;0.0;0.0;3976.5;5495.375
0;20990.0;3971.0;17.0;3970.0;55.0;0.0;0.0;3978.0;17.0;3979.0;55.0;0.0;0.0;3974.5;6078.0
0;20991.0;3971.0;19.0;3970.0;47.0;0.0;0.0;3978.0;19.0;3979.0;47.0;0.0;0.0;3974.5;6160.25
0;20992.0;3972.0;20.0;3971.0;49.0;0.0;0.0;3974.0;3.0;3979.0;20.0;3980.0;49.0;3973.0;5953.375
0;20993.0;3972.0;15.0;3971.0;56.0;0.0;0.0;3978.0;15.0;3979.0;56.0;0.0;0.0;3975.0;6042.0
0;20994.0;3971.0;18.0;3970.0;58.0;0.0;0.0;3978.0;18.0;3979.0;58.0;0.0;0.0;3974.5;6211.75
0;20995.0;3970.0;20.0;3969.0;56.0;0.0;0.0;3977.0;20.0;3978.0;56.0;0.0;0.0;3973.5;6584.0
0;20996.0;3971.0;15.0;3970.0;54.0;0.0;0.0;3977.0;15.0;3978.0;54.0;0.0;0.0;3974.0;6515.375
0;20997.0;3970.0;13.0;3969.0;57.0;0.0;0.0;3977.0;13.0;3978.0;57.0;0.0;0.0;3973.5;6587.0
0;20998.0;3970.0;14.0;3969.0;55.0;0.0;0.0;3977.0;14.0;3978.0;55.0;0.0;0.0;3973.5;6963.0
0;20999.0;3970.0;15.0;3969.0;53.0;0.0;0.0;3977.0;15.0;3978.0;53.0;0.0;0.0;3973.5;6953.5
0;21000.0;3969.0;10.0;3968.0;55.0;0.0;0.0;3976.0;10.0;3977.0;55.0;0.0;0.0;3972.5;7150.875
0;21001.0;3969.0;20.0;3968.0;45.0;0.0;0.0;3976.0;20.0;3977.0;45.0;0.0;0.0;3972.5;7108.125
0;21002.0;3970.0;18.0;3969.0;42.0;0.0;0.0;3972.0;4.0;3977.0;18.0;3978.0;42.0;3971.0;6950.5
0;21003.0;3970.0;16.0;3969.0;49.0;0.0;0.0;3977.0;16.0;3978.0;49.0;0.0;0.0;3973.5;6680.75
0;21004.0;3970.0;14.0;3969.0;44.0;0.0;0.0;3977.0;14.0;3978.0;44.0;0.0;0.0;3973.5;6615.875
0;21005.0;3970.0;10.0;3969.0;55.0;0.0;0.0;3977.0;10.0;3978.0;55.0;0.0;0.0;3973.5;6891.75
0;21006.0;3970.0;10.0;3969.0;53.0;0.0;0.0;3976.0;10.0;3977.0;53.0;0.0;0.0;3973.0;6968.625
0;21007.0;3969.0;11.0;3968.0;49.0;0.0;0.0;3976.0;11.0;3977.0;49.0;0.0;0.0;3972.5;7085.0
0;21008.0;3970.0;13.0;3969.0;41.0;0.0;0.0;3977.0;13.0;3978.0;41.0;0.0;0.0;3973.5;6854.25
0;21009.0;3969.0;14.0;3968.0;51.0;0.0;0.0;3976.0;14.0;3977.0;51.0;0.0;0.0;3972.5;7053.75
0;21010.0;3970.0;13.0;3969.0;41.0;0.0;0.0;3977.0;13.0;3978.0;41.0;0.0;0.0;3973.5;6697.75
0;21011.0;3970.0;19.0;3969.0;46.0;0.0;0.0;3977.0;19.0;3978.0;46.0;0.0;0.0;3973.5;6728.75
0;21012.0;3970.0;20.0;3969.0;40.0;0.0;0.0;3973.0;5.0;3977.0;20.0;3978.0;40.0;3971.5;6585.75
0;21013.0;3970.0;19.0;3969.0;52.0;0.0;0.0;3977.0;19.0;3978.0;52.0;0.0;0.0;3973.5;6720.375
0;21014.0;3971.0;14.0;3970.0;53.0;0.0;0.0;3978.0;14.0;3979.0;53.0;0.0;0.0;3974.5;6379.5
0;21015.0;3970.0;10.0;3969.0;51.0;0.0;0.0;3977.0;10.0;3978.0;51.0;0.0;0.0;3973.5;6554.25
0;21016.0;3971.0;11.0;3970.0;40.0;0.0;0.0;3978.0;11.0;3979.0;40.0;0.0;0.0;3974.5;6156.25
0;21017.0;3971.0;19.0;3970.0;44.0;0.0;0.0;3978.0;19.0;3979.0;44.0;0.0;0.0;3974.5;6069.5
0;21018.0;3972.0;19.0;3971.0;44.0;0.0;0.0;3979.0;19.0;3980.0;44.0;0.0;0.0;3975.5;5926.75
0;21019.0;3972.0;16.0;3971.0;43.0;0.0;0.0;3979.0;16.0;3980.0;43.0;0.0;0.0;3975.5;5798.25
0;21020.0;3971.0;15.0;3970.0;49.0;0.0;0.0;3978.0;15.0;3979.0;49.0;0.0;0.0;3974.5;6031.25
0;21021.0;3972.0;19.0;3971.0;49.0;0.0;0.0;3979.0;19.0;3980.0;49.0;0.0;0.0;3975.5;5674.875
0;21022.0;3971.0;10.0;3970.0;52.0;0.0;0.0;3978.0;10.0;3979.0;52.0;0.0;0.0;3974.5;6102.875
0;21023.0;3971.0;20.0;3970.0;44.0;0.0;0.0;3978.0;20.0;3979.0;44.0;0.0;0.0;3974.5;6097.75
0;21024.0;3972.0;11.0;3971.0;60.0;0.0;0.0;3979.0;11.0;3980.0;60.0;0.0;0.0;3975.5;5910.875
0;21025.0;3972.0;11.0;3971.0;55.0;0.0;0.0;3979.0;11.0;3980.0;55.0;0.0;0.0;3975.5;5660.25
0;21026.0;3972.0;15.0;3971.0;58.0;0.0;0.0;3979.0;15.0;3980.0;58.0;0.0;0.0;3975.5;5849.125
0;21027.0;3971.0;12.0;3970.0;51.0;0.0;0.0;3978.0;12.0;3979.0;51.0;0.0;0.0;3974.5;6000.0
0;21028.0;3971.0;11.0;3970.0;45.0;0.0;0.0;3978.0;11.0;3979.0;45.0;0.0;0.0;3974.5;6082.125
0;21029.0;3971.0;20.0;3970.0;55.0;0.0;0.0;3978.0;20.0;3979.0;55.0;0.0;0.0;3974.5;6373.125
0;21030.0;3971.0;18.0;3970.0;52.0;0.0;0.0;3978.0;70.0;0.0;0.0;0.0;0.0;3974.5;6428.75
0;21031.0;3970.0;16.0;3969.0;50.0;0.0;0.0;3977.0;16.0;3978.0;50.0;0.0;0.0;3973.5;6695.25
0;21032.0;3970.0;14.0;3969.0;45.0;0.0;0.0;3977.0;14.0;3978.0;45.0;0.0;0.0;3973.5;6591.5
0;21033.0;3970.0;18.0;3969.0;54.0;0.0;0.0;3977.0;18.0;3978.0;54.0;0.0;0.0;3973.5;6671.25
0;21034.0;3970.0;13.0;3969.0;42.0;0.0;0.0;3977.0;13.0;3978.0;42.0;0.0;0.0;3973.5;6917.5
0;21035.0;3969.0;17.0;3968.0;59.0;0.0;0.0;3976.0;17.0;3977.0;59.0;0.0;0.0;3972.5;7145.25
0;21036.0;3969.0;15.0;3968.0;53.0;0.0;0.0;3976.0;15.0;3977.0;53.0;0.0;0.0;3972.5;7134.25
0;21037.0;3969.0;14.0;3968.0;52.0;0.0;0.0;3976.0;14.0;3977.0;52.0;0.0;0.0;3972.5;7341.75
0;21038.0;3968.0;13.0;3967.0;40.0;0.0;0.0;3975.0;13.0;3976.0;40.0;0.0;0.0;3971.5;7753.25
0;21039.0;3967.0;15.0;3966.0;55.0;0.0;0.0;3974.0;15.0;3975.0;55.0;0.0;0.0;3970.5;8084.75
0;21040.0;3971.0;5.0;3967.0;16.0;3966.0;58.0;3974.0;16.0;3975.0;58.0;0.0;0.0;3972.5;8051.75
0;21041.0;3966.0;17.0;3965.0;58.0;0.0;0.0;3973.0;17.0;3974.0;58.0;0.0;0.0;3969.5;8576.5
0;21042.0;3966.0;10.0;3965.0;58.0;0.0;0.0;3973.0;10.0;3974.0;58.0;0.0;0.0;3969.5;8583.25
0;21043.0;3967.0;15.0;3966.0;53.0;0.0;0.0;3974.0;15.0;3975.0;53.0;0.0;0.0;3970.5;8387.5
0;21044.0;3966.0;18.0;3965.0;58.0;0.0;0.0;3973.0;18.0;3974.0;58.0;0.0;0.0;3969.5;8591.0
0;21045.0;3966.0;19.0;3965.0;59.0;0.0;0.0;3973.0;19.0;3974.0;59.0;0.0;0.0;3969.5;8741.0
0;21046.0;3965.0;18.0;3964.0;49.0;0.0;0.0;3972.0;18.0;3973.0;49.0;0.0;0.0;3968.5;9191.25
0;21047.0;3965.0;19.0;3964.0;43.0;0.0;0.0;3972.0;19.0;3973.0;43.0;0.0;0.0;3968.5;9501.75
0;21048.0;3965.0;18.0;3964.0;60.0;0.0;0.0;3971.0;18.0;3972.0;60.0;0.0;0.0;3968.0;9698.5
0;21049.0;3965.0;11.0;3964.0;44.0;0.0;0.0;3972.0;11.0;3973.0;44.0;0.0;0.0;3968.5;9641.0
0;21050.0;3964.0;15.0;3963.0;56.0;0.0;0.0;3971.0;15.0;3972.0;56.0;0.0;0.0;3967.5;9786.5
0;21051.0;3964.0;16.0;3963.0;59.0;0.0;0.0;3971.0;16.0;3972.0;59.0;0.0;0.0;3967.5;10139.75
0;21052.0;3963.0;19.0;3962.0;50.0;0.0;0.0;3970.0;19.0;3971.0;50.0;0.0;0.0;3966.5;10330.0
0;21053.0;3963.0;17.0;3962.0;49.0;0.0;0.0;3970.0;17.0;3971.0;49.0;0.0;0.0;3966.5;10707.5
0;21054.0;3967.0;4.0;3963.0;79.0;0.0;0.0;3970.0;19.0;3971.0;60.0;0.0;0.0;3968.5;10261.25
0;21055.0;3963.0;15.0;3962.0;58.0;0.0;0.0;3970.0;15.0;3971.0;58.0;0.0;0.0;3966.5;10475.0
0;21056.0;3964.0;17.0;3963.0;52.0;0.0;0.0;3966.0;8.0;3971.0;17.0;3972.0;52.0;3965.0;10084.0
0;21057.0;3963.0;11.0;3962.0;52.0;0.0;0.0;3970.0;11.0;3971.0;52.0;0.0;0.0;3966.5;10564.75
0;21058.0;3962.0;15.0;3961.0;53.0;0.0;0.0;3969.0;15.0;3970.0;53.0;0.0;0.0;3965.5;10872.25
0;21059.0;3966.0;3.0;3963.0;18.0;3962.0;51.0;3970.0;18.0;3971.0;51.0;0.0;0.0;3968.0;10505.5
0;21060.0;3963.0;10.0;3962.0;43.0;0.0;0.0;3970.0;10.0;3971.0;43.0;0.0;0.0;3966.5;10616.25
0;21061.0;3964.0;19.0;3963.0;56.0;0.0;0.0;3971.0;19.0;3972.0;56.0;0.0;0.0;3967.5;10047.75
0;21062.0;3964.0;12.0;3963.0;46.0;0.0;0.0;3971.0;12.0;3972.0;46.0;0.0;0.0;3967.5;9849.75
0;21063.0;3965.0;16.0;3964.0;58.0;0.0;0.0;3972.0;16.0;3973.0;58.0;0.0;0.0;3968.5;9489.0
0;21064.0;3964.0;12.0;3963.0;43.0;0.0;0.0;3971.0;12.0;3972.0;43.0;0.0;0.0;3967.5;9957.0
0;21065.0;3964.0;11.0;3963.0;51.0;0.0;0.0;3971.0;11.0;3972.0;51.0;0.0;0.0;3967.5;9932.75
0;21066.0;3964.0;17.0;3963.0;51.0;0.0;0.0;3971.0;17.0;3972.0;51.0;0.0;0.0;3967.5;10059.0
0;21067.0;3965.0;13.0;3964.0;60.0;0.0;0.0;3972.0;13.0;3973.0;60.0;0.0;0.0;3968.5;9635.75
0;21068.0;3964.0;11.0;3963.0;56.0;0.0;0.0;3971.0;11.0;3972.0;56.0;0.0;0.0;3967.5;9790.5
0;21069.0;3964.0;16.0;3963.0;57.0;0.0;0.0;3971.0;16.0;3972.0;57.0;0.0;0.0;3967.5;9816.0
0;21070.0;3964.0;15.0;3963.0;44.0;0.0;0.0;3971.0;15.0;3972.0;44.0;0.0;0.0;3967.5;10073.75
0;21071.0;3963.0;14.0;3962.0;49.0;0.0;0.0;3970.0;14.0;3971.0;49.0;0.0;0.0;3966.5;10571.25
0;21072.0;3963.0;17.0;3962.0;41.0;0.0;0.0;3970.0;17.0;3971.0;41.0;0.0;0.0;3966.5;10436.0
0;21073.0;3963.0;15.0;3962.0;56.0;0.0;0.0;3970.0;15.0;3971.0;56.0;0.0;0.0;3966.5;10573.25
0;21074.0;3963.0;10.0;3962.0;43.0;0.0;0.0;3970.0;10.0;3971.0;43.0;0.0;0.0;3966.5;10513.5
0;21075.0;3966.0;5.0;3962.0;15.0;3961.0;45.0;3969.0;15.0;3970.0;45.0;0.0;0.0;3967.5;10828.25
0;21076.0;3962.0;11.0;3961.0;42.0;0.0;0.0;3969.0;11.0;3970.0;42.0;0.0;0.0;3965.5;10886.75
0;21077.0;3962.0;16.0;3961.0;60.0;0.0;0.0;3969.0;16.0;3970.0;60.0;0.0;0.0;3965.5;11168.5
0;21078.0;3962.0;19.0;3961.0;56.0;0.0;0.0;3968.0;19.0;3969.0;56.0;0.0;0.0;3965.0;11357.75
0;21079.0;3962.0;12.0;3961.0;54.0;0.0;0.0;3968.0;12.0;3969.0;54.0;0.0;0.0;3965.0;11356.0
0;21080.0;3961.0;15.0;3960.0;60.0;0.0;0.0;3968.0;15.0;3969.0;60.0;0.0;0.0;3964.5;11552.25
0;21081.0;3961.0;17.0;3960.0;52.0;0.0;0.0;3968.0;17.0;3969.0;52.0;0.0;0.0;3964.5;11442.0
0;21082.0;3961.0;20.0;3960.0;55.0;0.0;0.0;3968.0;20.0;3969.0;55.0;0.0;0.0;3964.5;11812.5
0;21083.0;3960.0;12.0;3959.0;60.0;0.0;0.0;3967.0;12.0;3968.0;60.0;0.0;0.0;3963.5;11975.0
0;21084.0;3961.0;15.0;3960.0;55.0;0.0;0.0;3968.0;15.0;3969.0;55.0;0.0;0.0;3964.5;11652.25
0;21085.0;3961.0;15.0;3960.0;54.0;0.0;0.0;3963.0;6.0;3967.0;15.0;3968.0;54.0;3962.0;11904.0
0;21086.0;3960.0;14.0;3959.0;55.0;0.0;0.0;3967.0;69.0;0.0;0.0;0.0;0.0;3963.5;12451.75
0;21087.0;3960.0;10.0;3959.0;50.0;0.0;0.0;3967.0;10.0;3968.0;50.0;0.0;0.0;3963.5;12147.5
0;21088.0;3960.0;11.0;3959.0;47.0;0.0;0.0;3967.0;11.0;3968.0;47.0;0.0;0.0;3963.5;12234.25
0;21089.0;3959.0;15.0;3958.0;50.0;0.0;0.0;3966.0;15.0;3967.0;50.0;0.0;0.0;3962.5;12571.75
0;21090.0;3959.0;17.0;3958.0;50.0;0.0;0.0;3966.0;17.0;3967.0;50.0;0.0;0.0;3962.5;12947.0
0;21091.0;3959.0;10.0;3958.0;57.0;0.0;0.0;3966.0;10.0;3967.0;57.0;0.0;0.0;3962.5;12838.25
0;21092.0;3958.0;11.0;3957.0;56.0;0.0;0.0;3965.0;11.0;3966.0;56.0;0.0;0.0;3961.5;13209.25
0;21093.0;3957.0;11.0;3956.0;56.0;0.0;0.0;3964.0;11.0;3965.0;56.0;0.0;0.0;3960.5;13738.25
0;21094.0;3957.0;12.0;3956.0;51.0;0.0;0.0;3964.0;12.0;3965.0;51.0;0.0;0.0;3960.5;13612.25
0;21095.0;3958.0;17.0;3957.0;53.0;0.0;0.0;3964.0;17.0;3965.0;53.0;0.0;0.0;3961.0;13599.0
0;21096.0;3958.0;16.0;3957.0;52.0;0.0;0.0;3965.0;16.0;3966.0;52.0;0.0;0.0;3961.5;13481.75
0;21097.0;3957.0;15.0;3956.0;57.0;0.0;0.0;3964.0;15.0;3965.0;57.0;0.0;0.0;3960.5;13685.75
0;21098.0;3957.0;10.0;3956.0;57.0;0.0;0.0;3964.0;10.0;3965.0;57.0;0.0;0.0;3960.5;13624.75
0;21099.0;3957.0;13.0;3956.0;45.0;0.0;0.0;3964.0;13.0;3965.0;45.0;0.0;0.0;3960.5;13948.0
0;21100.0;3957.0;16.0;3956.0;54.0;0.0;0.0;3964.0;16.0;3965.0;54.0;0.0;0.0;3960.5;14100.25
0;21101.0;3957.0;16.0;3956.0;49.0;0.0;0.0;3964.0;16.0;3965.0;49.0;0.0;0.0;3960.5;14097.75
0;21102.0;3957.0;18.0;3956.0;44.0;0.0;0.0;3964.0;18.0;3965.0;44.0;0.0;0.0;3960.5;14074.5
0;21103.0;3957.0;18.0;3956.0;58.0;0.0;0.0;3964.0;18.0;3965.0;58.0;0.0;0.0;3960.5;13805.25
0;21104.0;3957.0;15.0;3956.0;46.0;0.0;0.0;3964.0;15.0;3965.0;46.0;0.0;0.0;3960.5;13620.75
0;21105.0;3957.0;14.0;3956.0;60.0;0.0;0.0;3964.0;14.0;3965.0;60.0;0.0;0.0;3960.5;13875.75
0;21106.0;3957.0;14.0;3956.0;51.0;0.0;0.0;3964.0;14.0;3965.0;51.0;0.0;0.0;3960.5;14065.25
0;21107.0;3957.0;16.0;3956.0;42.0;0.0;0.0;3964.0;16.0;3965.0;42.0;0.0;0.0;3960.5;13883.75
0;21108.0;3958.0;14.0;3957.0;52.0;0.0;0.0;3964.0;14.0;3965.0;52.0;0.0;0.0;3961.0;13536.0
0;21109.0;3958.0;19.0;3957.0;57.0;0.0;0.0;3965.0;19.0;3966.0;57.0;0.0;0.0;3961.5;13405.0
