day;timestamp;bid_price_1;bid_volume_1;bid_price_2;bid_volume_2;bid_price_3;bid_volume_3;ask_price_1;ask_volume_1;ask_price_2;ask_volume_2;ask_price_3;ask_volume_3;mid_price;profit_and_loss
-1;10001.0;7999.0;162.0;0.0;0.0;0.0;0.0;8001.0;55.0;8002.0;107.0;0.0;0.0;8000.0;0.0
-1;10002.0;7998.0;187.0;0.0;0.0;0.0;0.0;8001.0;187.0;0.0;0.0;0.0;0.0;7999.5;0.0
-1;10003.0;7997.0;191.0;0.0;0.0;0.0;0.0;8000.0;191.0;0.0;0.0;0.0;0.0;7998.5;0.0
-1;10004.0;7998.0;187.0;0.0;0.0;0.0;0.0;8001.0;187.0;0.0;0.0;0.0;0.0;7999.5;0.0
-1;10005.0;7997.0;186.0;0.0;0.0;0.0;0.0;8000.0;186.0;0.0;0.0;0.0;0.0;7998.5;0.0
-1;10006.0;7996.0;189.0;0.0;0.0;0.0;0.0;7998.0;62.0;7999.0;127.0;0.0;0.0;7997.0;0.0
-1;10007.0;7996.0;184.0;0.0;0.0;0.0;0.0;7999.0;184.0;0.0;0.0;0.0;0.0;7997.5;0.0
-1;10008.0;7997.0;165.0;0.0;0.0;0.0;0.0;8000.0;165.0;0.0;0.0;0.0;0.0;7998.5;0.0
-1;10009.0;7996.0;191.0;0.0;0.0;0.0;0.0;7999.0;191.0;0.0;0.0;0.0;0.0;7997.5;0.0
-1;10010.0;7996.0;187.0;0.0;0.0;0.0;0.0;7998.0;42.0;7999.0;145.0;0.0;0.0;7997.0;0.0
-1;10011.0;7998.0;199.0;0.0;0.0;0.0;0.0;8001.0;199.0;0.0;0.0;0.0;0.0;7999.5;0.0
-1;10012.0;7997.0;220.0;0.0;0.0;0.0;0.0;8000.0;220.0;0.0;0.0;0.0;0.0;7998.5;0.0
-1;10013.0;7997.0;164.0;0.0;0.0;0.0;0.0;7999.0;50.0;8000.0;114.0;0.0;0.0;7998.0;0.0
-1;10014.0;7998.0;148.0;0.0;0.0;0.0;0.0;8000.0;47.0;8001.0;101.0;0.0;0.0;7999.0;0.0
-1;10015.0;7998.0;191.0;0.0;0.0;0.0;0.0;8001.0;191.0;0.0;0.0;0.0;0.0;7999.5;0.0
-1;10016.0;8000.0;182.0;0.0;0.0;0.0;0.0;8001.0;60.0;8002.0;64.0;8003.0;118.0;8000.5;0.0
-1;10017.0;8000.0;161.0;0.0;0.0;0.0;0.0;8003.0;191.0;0.0;0.0;0.0;0.0;8001.5;-50.640625
-1;10018.0;8000.0;188.0;0.0;0.0;0.0;0.0;8003.0;188.0;0.0;0.0;0.0;0.0;8001.5;-40.71875
-1;10019.0;8001.0;72.0;8000.0;188.0;0.0;0.0;8003.0;188.0;0.0;0.0;0.0;0.0;8002.0;-43.546875
-1;10020.0;8000.0;169.0;0.0;0.0;0.0;0.0;8002.0;68.0;8003.0;101.0;0.0;0.0;8001.0;-30.1875
-1;10021.0;8000.0;166.0;0.0;0.0;0.0;0.0;8003.0;166.0;0.0;0.0;0.0;0.0;8001.5;-49.640625
-1;10022.0;8001.0;204.0;0.0;0.0;0.0;0.0;8003.0;72.0;8004.0;132.0;0.0;0.0;8002.0;-61.90625
-1;10023.0;8000.0;174.0;0.0;0.0;0.0;0.0;8002.0;48.0;8003.0;126.0;0.0;0.0;8001.0;-32.078125
-1;10024.0;8000.0;153.0;0.0;0.0;0.0;0.0;8003.0;153.0;0.0;0.0;0.0;0.0;8001.5;-43.75
-1;10025.0;7999.0;185.0;0.0;0.0;0.0;0.0;8002.0;185.0;0.0;0.0;0.0;0.0;8000.5;-23.890625
-1;10026.0;8000.0;42.0;7999.0;116.0;0.0;0.0;8002.0;158.0;0.0;0.0;0.0;0.0;8001.0;-25.59375
-1;10027.0;7999.0;155.0;0.0;0.0;0.0;0.0;8002.0;155.0;0.0;0.0;0.0;0.0;8000.5;-16.328125
-1;10028.0;7999.0;210.0;0.0;0.0;0.0;0.0;8002.0;210.0;0.0;0.0;0.0;0.0;8000.5;-23.125
-1;10029.0;7997.0;181.0;0.0;0.0;0.0;0.0;8000.0;181.0;0.0;0.0;0.0;0.0;7998.5;39.703125
-1;10030.0;7998.0;169.0;0.0;0.0;0.0;0.0;8000.0;42.0;8001.0;127.0;0.0;0.0;7999.0;8.65625
-1;10031.0;7997.0;63.0;7996.0;134.0;0.0;0.0;7999.0;197.0;0.0;0.0;0.0;0.0;7998.0;54.625
-1;10032.0;7998.0;77.0;7997.0;105.0;0.0;0.0;8000.0;182.0;0.0;0.0;0.0;0.0;7999.0;16.875
-1;10033.0;7997.0;62.0;7996.0;116.0;0.0;0.0;7999.0;178.0;0.0;0.0;0.0;0.0;7998.0;55.0625
-1;10034.0;7996.0;180.0;0.0;0.0;0.0;0.0;7999.0;180.0;0.0;0.0;0.0;0.0;7997.5;71.8125
-1;10035.0;7996.0;20.0;7995.0;143.0;0.0;0.0;7998.0;203.0;0.0;0.0;0.0;0.0;7997.0;59.5
-1;10036.0;7996.0;201.0;0.0;0.0;0.0;0.0;7998.0;75.0;7999.0;126.0;0.0;0.0;7997.0;43.0625
-1;10037.0;7997.0;56.0;7996.0;129.0;0.0;0.0;7999.0;185.0;0.0;0.0;0.0;0.0;7998.0;-25.125
-1;10038.0;7997.0;197.0;0.0;0.0;0.0;0.0;7999.0;72.0;8000.0;125.0;0.0;0.0;7998.0;-38.75
-1;10039.0;7997.0;201.0;0.0;0.0;0.0;0.0;7999.0;62.0;8000.0;139.0;0.0;0.0;7998.0;-37.1875
-1;10040.0;7997.0;190.0;0.0;0.0;0.0;0.0;8000.0;190.0;0.0;0.0;0.0;0.0;7998.5;-47.6875
-1;10041.0;7997.0;162.0;0.0;0.0;0.0;0.0;7999.0;62.0;8000.0;100.0;0.0;0.0;7998.0;-40.8125
-1;10042.0;7997.0;189.0;0.0;0.0;0.0;0.0;7999.0;49.0;8000.0;140.0;0.0;0.0;7998.0;-44.25
-1;10043.0;7996.0;191.0;0.0;0.0;0.0;0.0;7999.0;191.0;0.0;0.0;0.0;0.0;7997.5;3.4375
-1;10044.0;7996.0;195.0;0.0;0.0;0.0;0.0;7999.0;195.0;0.0;0.0;0.0;0.0;7997.5;12.1875
-1;10045.0;7997.0;200.0;0.0;0.0;0.0;0.0;8000.0;200.0;0.0;0.0;0.0;0.0;7998.5;-82.625
-1;10046.0;7998.0;201.0;0.0;0.0;0.0;0.0;8001.0;201.0;0.0;0.0;0.0;0.0;7999.5;-154.5625
-1;10047.0;7997.0;169.0;0.0;0.0;0.0;0.0;7999.0;56.0;8000.0;113.0;0.0;0.0;7998.0;-44.5
-1;10048.0;7997.0;166.0;0.0;0.0;0.0;0.0;7999.0;60.0;8000.0;106.0;0.0;0.0;7998.0;-30.75
-1;10049.0;7997.0;184.0;0.0;0.0;0.0;0.0;7999.0;73.0;8000.0;111.0;0.0;0.0;7998.0;-43.875
-1;10050.0;7996.0;145.0;0.0;0.0;0.0;0.0;7999.0;145.0;0.0;0.0;0.0;0.0;7997.5;-10.125
-1;10051.0;7996.0;200.0;0.0;0.0;0.0;0.0;7999.0;200.0;0.0;0.0;0.0;0.0;7997.5;31.9375
-1;10052.0;7996.0;208.0;0.0;0.0;0.0;0.0;7998.0;70.0;7999.0;138.0;0.0;0.0;7997.0;34.625
-1;10053.0;7997.0;171.0;0.0;0.0;0.0;0.0;7999.0;53.0;8000.0;118.0;0.0;0.0;7998.0;-30.75
-1;10054.0;7998.0;58.0;7997.0;144.0;0.0;0.0;8000.0;202.0;0.0;0.0;0.0;0.0;7999.0;-117.4375
-1;10055.0;7998.0;79.0;7997.0;149.0;0.0;0.0;8000.0;228.0;0.0;0.0;0.0;0.0;7999.0;-121.8125
-1;10056.0;7998.0;204.0;0.0;0.0;0.0;0.0;8001.0;204.0;0.0;0.0;0.0;0.0;7999.5;-183.25
-1;10057.0;7998.0;187.0;0.0;0.0;0.0;0.0;8001.0;187.0;0.0;0.0;0.0;0.0;7999.5;-177.5
-1;10058.0;7999.0;62.0;7998.0;146.0;0.0;0.0;8001.0;208.0;0.0;0.0;0.0;0.0;8000.0;-207.0625
-1;10059.0;7998.0;222.0;0.0;0.0;0.0;0.0;8001.0;222.0;0.0;0.0;0.0;0.0;7999.5;-193.3125
-1;10060.0;7997.0;179.0;0.0;0.0;0.0;0.0;8000.0;179.0;0.0;0.0;0.0;0.0;7998.5;-84.6875
-1;10061.0;7997.0;62.0;7996.0;138.0;0.0;0.0;7999.0;200.0;0.0;0.0;0.0;0.0;7998.0;-36.9375
-1;10062.0;7997.0;207.0;0.0;0.0;0.0;0.0;8000.0;207.0;0.0;0.0;0.0;0.0;7998.5;-65.4375
-1;10063.0;7998.0;183.0;0.0;0.0;0.0;0.0;8001.0;183.0;0.0;0.0;0.0;0.0;7999.5;-150.8125
-1;10064.0;7998.0;201.0;0.0;0.0;0.0;0.0;8001.0;201.0;0.0;0.0;0.0;0.0;7999.5;-176.25
-1;10065.0;8000.0;199.0;0.0;0.0;0.0;0.0;8003.0;199.0;0.0;0.0;0.0;0.0;8001.5;-327.125
-1;10066.0;8001.0;203.0;0.0;0.0;0.0;0.0;8003.0;67.0;8004.0;136.0;0.0;0.0;8002.0;-395.375
-1;10067.0;8001.0;175.0;0.0;0.0;0.0;0.0;8003.0;66.0;8004.0;109.0;0.0;0.0;8002.0;-400.875
-1;10068.0;8000.0;189.0;0.0;0.0;0.0;0.0;8003.0;189.0;0.0;0.0;0.0;0.0;8001.5;-370.6875
-1;10069.0;8002.0;188.0;0.0;0.0;0.0;0.0;8005.0;188.0;0.0;0.0;0.0;0.0;8003.5;-535.9375
-1;10070.0;8004.0;18.0;8002.0;207.0;0.0;0.0;8005.0;207.0;0.0;0.0;0.0;0.0;8004.5;-521.625
-1;10071.0;8001.0;210.0;0.0;0.0;0.0;0.0;8002.0;77.0;8004.0;210.0;0.0;0.0;8001.5;-442.5
-1;10072.0;8002.0;59.0;8001.0;123.0;0.0;0.0;8004.0;182.0;0.0;0.0;0.0;0.0;8003.0;-472.8125
-1;10073.0;8001.0;212.0;0.0;0.0;0.0;0.0;8004.0;212.0;0.0;0.0;0.0;0.0;8002.5;-434.1875
-1;10074.0;8002.0;56.0;8001.0;147.0;0.0;0.0;8004.0;203.0;0.0;0.0;0.0;0.0;8003.0;-479.1875
-1;10075.0;8000.0;183.0;0.0;0.0;0.0;0.0;8003.0;183.0;0.0;0.0;0.0;0.0;8001.5;-369.0625
-1;10076.0;8001.0;178.0;0.0;0.0;0.0;0.0;8004.0;178.0;0.0;0.0;0.0;0.0;8002.5;-435.875
-1;10077.0;8002.0;177.0;0.0;0.0;0.0;0.0;8005.0;177.0;0.0;0.0;0.0;0.0;8003.5;-508.4375
-1;10078.0;8002.0;77.0;8001.0;139.0;0.0;0.0;8004.0;216.0;0.0;0.0;0.0;0.0;8003.0;-483.6875
-1;10079.0;8001.0;179.0;0.0;0.0;0.0;0.0;8004.0;179.0;0.0;0.0;0.0;0.0;8002.5;-414.875
-1;10080.0;8001.0;146.0;0.0;0.0;0.0;0.0;8004.0;146.0;0.0;0.0;0.0;0.0;8002.5;-425.6875
-1;10081.0;8002.0;213.0;0.0;0.0;0.0;0.0;8003.0;40.0;8005.0;213.0;0.0;0.0;8002.5;-510.875
-1;10082.0;8002.0;70.0;8001.0;146.0;0.0;0.0;8004.0;216.0;0.0;0.0;0.0;0.0;8003.0;-468.9375
-1;10083.0;8001.0;206.0;0.0;0.0;0.0;0.0;8004.0;206.0;0.0;0.0;0.0;0.0;8002.5;-456.5
-1;10084.0;8002.0;150.0;0.0;0.0;0.0;0.0;8005.0;150.0;0.0;0.0;0.0;0.0;8003.5;-541.6875
-1;10085.0;8003.0;192.0;0.0;0.0;0.0;0.0;8005.0;73.0;8006.0;119.0;0.0;0.0;8004.0;-586.0625
-1;10086.0;8003.0;176.0;0.0;0.0;0.0;0.0;8005.0;63.0;8006.0;113.0;0.0;0.0;8004.0;-578.125
-1;10087.0;8003.0;154.0;0.0;0.0;0.0;0.0;8006.0;154.0;0.0;0.0;0.0;0.0;8004.5;-603.875
-1;10088.0;8003.0;177.0;0.0;0.0;0.0;0.0;8006.0;177.0;0.0;0.0;0.0;0.0;8004.5;-617.875
-1;10089.0;8003.0;183.0;0.0;0.0;0.0;0.0;8005.0;71.0;8006.0;112.0;0.0;0.0;8004.0;-588.625
-1;10090.0;8003.0;173.0;0.0;0.0;0.0;0.0;8005.0;40.0;8006.0;133.0;0.0;0.0;8004.0;-578.8125
-1;10091.0;8001.0;60.0;8000.0;118.0;0.0;0.0;8003.0;178.0;0.0;0.0;0.0;0.0;8002.0;-387.5
-1;10092.0;8001.0;165.0;0.0;0.0;0.0;0.0;8003.0;43.0;8004.0;122.0;0.0;0.0;8002.0;-396.6875
-1;10093.0;8001.0;190.0;0.0;0.0;0.0;0.0;8002.0;62.0;8004.0;190.0;0.0;0.0;8001.5;-460.6875
-1;10094.0;8002.0;151.0;0.0;0.0;0.0;0.0;8005.0;151.0;0.0;0.0;0.0;0.0;8003.5;-509.625
-1;10095.0;8002.0;71.0;8001.0;136.0;0.0;0.0;8004.0;207.0;0.0;0.0;0.0;0.0;8003.0;-478.875
-1;10096.0;8003.0;222.0;0.0;0.0;0.0;0.0;8006.0;222.0;0.0;0.0;0.0;0.0;8004.5;-599.75
-1;10097.0;8004.0;185.0;0.0;0.0;0.0;0.0;8007.0;185.0;0.0;0.0;0.0;0.0;8005.5;-698.875
-1;10098.0;8003.0;206.0;0.0;0.0;0.0;0.0;8004.0;78.0;8006.0;206.0;0.0;0.0;8003.5;-639.625
-1;10099.0;8003.0;218.0;0.0;0.0;0.0;0.0;8006.0;218.0;0.0;0.0;0.0;0.0;8004.5;-638.125
-1;10100.0;8003.0;148.0;0.0;0.0;0.0;0.0;8006.0;148.0;0.0;0.0;0.0;0.0;8004.5;-606.75
-1;10101.0;8002.0;197.0;0.0;0.0;0.0;0.0;8005.0;197.0;0.0;0.0;0.0;0.0;8003.5;-547.5625
-1;10102.0;8003.0;206.0;0.0;0.0;0.0;0.0;8006.0;206.0;0.0;0.0;0.0;0.0;8004.5;-623.125
-1;10103.0;8004.0;189.0;0.0;0.0;0.0;0.0;8005.0;64.0;8007.0;189.0;0.0;0.0;8004.5;-696.9375
-1;10104.0;8004.0;62.0;8003.0;133.0;0.0;0.0;8006.0;195.0;0.0;0.0;0.0;0.0;8005.0;-648.5
-1;10105.0;8004.0;43.0;8003.0;197.0;0.0;0.0;8006.0;197.0;0.0;0.0;0.0;0.0;8005.0;-638.25
-1;10106.0;8004.0;178.0;0.0;0.0;0.0;0.0;8006.0;75.0;8007.0;103.0;0.0;0.0;8005.0;-668.375
-1;10107.0;8004.0;48.0;8003.0;121.0;0.0;0.0;8006.0;169.0;0.0;0.0;0.0;0.0;8005.0;-646.6875
-1;10108.0;8004.0;160.0;0.0;0.0;0.0;0.0;8007.0;160.0;0.0;0.0;0.0;0.0;8005.5;-717.25
-1;10109.0;8005.0;70.0;8004.0;104.0;0.0;0.0;8007.0;174.0;0.0;0.0;0.0;0.0;8006.0;-742.5
-1;10110.0;8005.0;192.0;0.0;0.0;0.0;0.0;8007.0;72.0;8008.0;120.0;0.0;0.0;8006.0;-768.5
-1;10111.0;8004.0;78.0;8003.0;143.0;0.0;0.0;8006.0;221.0;0.0;0.0;0.0;0.0;8005.0;-659.6875
-1;10112.0;8005.0;71.0;8004.0;131.0;0.0;0.0;8007.0;202.0;0.0;0.0;0.0;0.0;8006.0;-747.0625
-1;10113.0;8003.0;205.0;0.0;0.0;0.0;0.0;8005.0;77.0;8006.0;128.0;0.0;0.0;8004.0;-584.3125
-1;10114.0;8003.0;187.0;0.0;0.0;0.0;0.0;8004.0;44.0;8005.0;80.0;8006.0;107.0;8003.5;-579.25
-1;10115.0;8004.0;64.0;8003.0;132.0;0.0;0.0;8006.0;196.0;0.0;0.0;0.0;0.0;8005.0;-658.75
-1;10116.0;8004.0;189.0;0.0;0.0;0.0;0.0;8006.0;40.0;8007.0;149.0;0.0;0.0;8005.0;-676.3125
-1;10117.0;8003.0;195.0;0.0;0.0;0.0;0.0;8006.0;195.0;0.0;0.0;0.0;0.0;8004.5;-613.25
-1;10118.0;8003.0;184.0;0.0;0.0;0.0;0.0;8005.0;64.0;8006.0;120.0;0.0;0.0;8004.0;-577.5625
-1;10119.0;8002.0;170.0;0.0;0.0;0.0;0.0;8004.0;46.0;8005.0;124.0;0.0;0.0;8003.0;-476.6875
-1;10120.0;8003.0;189.0;0.0;0.0;0.0;0.0;8005.0;47.0;8006.0;142.0;0.0;0.0;8004.0;-575.6875
-1;10121.0;8003.0;198.0;0.0;0.0;0.0;0.0;8006.0;198.0;0.0;0.0;0.0;0.0;8004.5;-608.9375
-1;10122.0;8002.0;146.0;0.0;0.0;0.0;0.0;8005.0;146.0;0.0;0.0;0.0;0.0;8003.5;-534.9375
-1;10123.0;8004.0;187.0;0.0;0.0;0.0;0.0;8006.0;72.0;8007.0;115.0;0.0;0.0;8005.0;-678.6875
-1;10124.0;8003.0;156.0;0.0;0.0;0.0;0.0;8006.0;156.0;0.0;0.0;0.0;0.0;8004.5;-635.125
-1;10125.0;8004.0;79.0;8003.0;116.0;0.0;0.0;8006.0;195.0;0.0;0.0;0.0;0.0;8005.0;-666.0
-1;10126.0;8003.0;58.0;8002.0;185.0;0.0;0.0;8005.0;185.0;0.0;0.0;0.0;0.0;8004.0;-518.5625
-1;10127.0;8002.0;187.0;0.0;0.0;0.0;0.0;8005.0;187.0;0.0;0.0;0.0;0.0;8003.5;-513.0625
-1;10128.0;8003.0;70.0;8002.0;126.0;0.0;0.0;8005.0;196.0;0.0;0.0;0.0;0.0;8004.0;-563.875
-1;10129.0;8003.0;64.0;8002.0;133.0;0.0;0.0;8005.0;197.0;0.0;0.0;0.0;0.0;8004.0;-572.625
-1;10130.0;8003.0;55.0;8002.0;175.0;0.0;0.0;8005.0;175.0;0.0;0.0;0.0;0.0;8004.0;-508.0
-1;10131.0;8003.0;180.0;0.0;0.0;0.0;0.0;8005.0;63.0;8006.0;117.0;0.0;0.0;8004.0;-599.0
-1;10132.0;8002.0;199.0;0.0;0.0;0.0;0.0;8003.0;58.0;8005.0;199.0;0.0;0.0;8002.5;-507.25
-1;10133.0;8003.0;157.0;0.0;0.0;0.0;0.0;8006.0;157.0;0.0;0.0;0.0;0.0;8004.5;-622.5625
-1;10134.0;8003.0;149.0;0.0;0.0;0.0;0.0;8006.0;149.0;0.0;0.0;0.0;0.0;8004.5;-607.25
-1;10135.0;8004.0;43.0;8003.0;173.0;0.0;0.0;8006.0;173.0;0.0;0.0;0.0;0.0;8005.0;-600.8125
-1;10136.0;8003.0;153.0;0.0;0.0;0.0;0.0;8006.0;153.0;0.0;0.0;0.0;0.0;8004.5;-631.9375
-1;10137.0;8004.0;69.0;8003.0;100.0;0.0;0.0;8006.0;169.0;0.0;0.0;0.0;0.0;8005.0;-667.3125
-1;10138.0;8005.0;219.0;0.0;0.0;0.0;0.0;8008.0;219.0;0.0;0.0;0.0;0.0;8006.5;-836.625
-1;10139.0;8005.0;183.0;0.0;0.0;0.0;0.0;8006.0;79.0;8008.0;183.0;0.0;0.0;8005.5;-852.4375
-1;10140.0;8004.0;193.0;0.0;0.0;0.0;0.0;8007.0;193.0;0.0;0.0;0.0;0.0;8005.5;-720.125
-1;10141.0;8004.0;175.0;0.0;0.0;0.0;0.0;8007.0;175.0;0.0;0.0;0.0;0.0;8005.5;-750.1875
-1;10142.0;8004.0;53.0;8003.0;133.0;0.0;0.0;8006.0;186.0;0.0;0.0;0.0;0.0;8005.0;-667.75
-1;10143.0;8003.0;181.0;0.0;0.0;0.0;0.0;8006.0;181.0;0.0;0.0;0.0;0.0;8004.5;-628.125
-1;10144.0;8003.0;185.0;0.0;0.0;0.0;0.0;8005.0;48.0;8006.0;137.0;0.0;0.0;8004.0;-589.5
-1;10145.0;8003.0;177.0;0.0;0.0;0.0;0.0;8005.0;69.0;8006.0;108.0;0.0;0.0;8004.0;-597.5625
-1;10146.0;8004.0;206.0;0.0;0.0;0.0;0.0;8006.0;73.0;8007.0;133.0;0.0;0.0;8005.0;-701.0
-1;10147.0;8004.0;208.0;0.0;0.0;0.0;0.0;8007.0;208.0;0.0;0.0;0.0;0.0;8005.5;-707.625
-1;10148.0;8004.0;65.0;8003.0;114.0;0.0;0.0;8006.0;179.0;0.0;0.0;0.0;0.0;8005.0;-669.9375
-1;10149.0;8003.0;178.0;0.0;0.0;0.0;0.0;8005.0;43.0;8006.0;135.0;0.0;0.0;8004.0;-597.6875
-1;10150.0;8002.0;189.0;0.0;0.0;0.0;0.0;8005.0;189.0;0.0;0.0;0.0;0.0;8003.5;-528.9375
-1;10151.0;8002.0;193.0;0.0;0.0;0.0;0.0;8004.0;80.0;8005.0;113.0;0.0;0.0;8003.0;-488.3125
-1;10152.0;8002.0;176.0;0.0;0.0;0.0;0.0;8005.0;176.0;0.0;0.0;0.0;0.0;8003.5;-505.1875
-1;10153.0;8002.0;175.0;0.0;0.0;0.0;0.0;8003.0;45.0;8005.0;175.0;0.0;0.0;8002.5;-513.3125
-1;10154.0;8003.0;41.0;8002.0;150.0;0.0;0.0;8005.0;191.0;0.0;0.0;0.0;0.0;8004.0;-578.875
-1;10155.0;8001.0;213.0;0.0;0.0;0.0;0.0;8004.0;213.0;0.0;0.0;0.0;0.0;8002.5;-395.875
-1;10156.0;8002.0;57.0;8001.0;128.0;0.0;0.0;8004.0;185.0;0.0;0.0;0.0;0.0;8003.0;-458.125
-1;10157.0;8002.0;161.0;0.0;0.0;0.0;0.0;8005.0;174.0;0.0;0.0;0.0;0.0;8003.5;-531.625
-1;10158.0;8000.0;196.0;0.0;0.0;0.0;0.0;8003.0;196.0;0.0;0.0;0.0;0.0;8001.5;-308.5
-1;10159.0;8001.0;215.0;0.0;0.0;0.0;0.0;8004.0;215.0;0.0;0.0;0.0;0.0;8002.5;-415.0625
-1;10160.0;8002.0;75.0;8001.0;177.0;0.0;0.0;8004.0;177.0;0.0;0.0;0.0;0.0;8003.0;-414.0625
-1;10161.0;8000.0;187.0;0.0;0.0;0.0;0.0;8003.0;187.0;0.0;0.0;0.0;0.0;8001.5;-276.6875
-1;10162.0;8000.0;191.0;0.0;0.0;0.0;0.0;8003.0;191.0;0.0;0.0;0.0;0.0;8001.5;-305.1875
-1;10163.0;7999.0;185.0;0.0;0.0;0.0;0.0;8002.0;185.0;0.0;0.0;0.0;0.0;8000.5;-188.0
-1;10164.0;7999.0;213.0;0.0;0.0;0.0;0.0;8002.0;213.0;0.0;0.0;0.0;0.0;8000.5;-167.0625
-1;10165.0;7999.0;169.0;0.0;0.0;0.0;0.0;8002.0;169.0;0.0;0.0;0.0;0.0;8000.5;-219.625
-1;10166.0;8001.0;56.0;8000.0;166.0;0.0;0.0;8003.0;166.0;0.0;0.0;0.0;0.0;8002.0;-324.1875
-1;10167.0;8001.0;197.0;0.0;0.0;0.0;0.0;8004.0;197.0;0.0;0.0;0.0;0.0;8002.5;-419.625
-1;10168.0;8001.0;191.0;0.0;0.0;0.0;0.0;8004.0;191.0;0.0;0.0;0.0;0.0;8002.5;-399.875
-1;10169.0;7999.0;191.0;0.0;0.0;0.0;0.0;8002.0;191.0;0.0;0.0;0.0;0.0;8000.5;-189.5
-1;10170.0;7999.0;69.0;7998.0;103.0;0.0;0.0;8001.0;172.0;0.0;0.0;0.0;0.0;8000.0;-122.1875
-1;10171.0;7999.0;185.0;0.0;0.0;0.0;0.0;8001.0;57.0;8002.0;128.0;0.0;0.0;8000.0;-147.375
-1;10172.0;7999.0;191.0;0.0;0.0;0.0;0.0;8002.0;191.0;0.0;0.0;0.0;0.0;8000.5;-218.875
-1;10173.0;8000.0;68.0;7999.0;116.0;0.0;0.0;8002.0;184.0;0.0;0.0;0.0;0.0;8001.0;-230.0
-1;10174.0;7999.0;4.0;7998.0;136.0;0.0;0.0;8001.0;192.0;0.0;0.0;0.0;0.0;8000.0;-175.125
-1;10175.0;7999.0;49.0;7998.0;167.0;0.0;0.0;8001.0;167.0;0.0;0.0;0.0;0.0;8000.0;-119.25
-1;10176.0;7997.0;177.0;0.0;0.0;0.0;0.0;8000.0;177.0;0.0;0.0;0.0;0.0;7998.5;35.0
-1;10177.0;7997.0;188.0;0.0;0.0;0.0;0.0;8000.0;188.0;0.0;0.0;0.0;0.0;7998.5;45.0
-1;10178.0;7996.0;188.0;0.0;0.0;0.0;0.0;7998.0;51.0;7999.0;137.0;0.0;0.0;7997.0;297.75
-1;10179.0;7996.0;173.0;0.0;0.0;0.0;0.0;7998.0;65.0;7999.0;108.0;0.0;0.0;7997.0;313.25
-1;10180.0;7996.0;184.0;0.0;0.0;0.0;0.0;7999.0;184.0;0.0;0.0;0.0;0.0;7997.5;208.5
-1;10181.0;7995.0;180.0;0.0;0.0;0.0;0.0;7998.0;180.0;0.0;0.0;0.0;0.0;7996.5;364.125
-1;10182.0;7996.0;188.0;0.0;0.0;0.0;0.0;7999.0;210.0;0.0;0.0;0.0;0.0;7997.5;173.5
-1;10183.0;7994.0;184.0;0.0;0.0;0.0;0.0;7997.0;184.0;0.0;0.0;0.0;0.0;7995.5;562.625
-1;10184.0;7995.0;158.0;0.0;0.0;0.0;0.0;7997.0;45.0;7998.0;113.0;0.0;0.0;7996.0;467.125
-1;10185.0;7994.0;191.0;0.0;0.0;0.0;0.0;7996.0;77.0;7997.0;114.0;0.0;0.0;7995.0;660.625
-1;10186.0;7994.0;77.0;7993.0;145.0;0.0;0.0;7996.0;222.0;0.0;0.0;0.0;0.0;7995.0;715.75
-1;10187.0;7994.0;141.0;0.0;0.0;0.0;0.0;7996.0;41.0;7997.0;100.0;0.0;0.0;7995.0;673.125
-1;10188.0;7994.0;165.0;0.0;0.0;0.0;0.0;7997.0;165.0;0.0;0.0;0.0;0.0;7995.5;577.125
-1;10189.0;7993.0;173.0;0.0;0.0;0.0;0.0;7995.0;41.0;7996.0;132.0;0.0;0.0;7994.0;859.125
-1;10190.0;7994.0;65.0;7993.0;205.0;0.0;0.0;7996.0;205.0;0.0;0.0;0.0;0.0;7995.0;828.5
-1;10191.0;7992.0;80.0;7991.0;135.0;0.0;0.0;7994.0;215.0;0.0;0.0;0.0;0.0;7993.0;1108.0
-1;10192.0;7992.0;118.0;7991.0;141.0;0.0;0.0;7994.0;188.0;0.0;0.0;0.0;0.0;7993.0;1091.25
-1;10193.0;7992.0;80.0;7991.0;225.0;0.0;0.0;7994.0;225.0;0.0;0.0;0.0;0.0;7993.0;1140.125
-1;10194.0;7992.0;51.0;7991.0;111.0;0.0;0.0;7994.0;162.0;0.0;0.0;0.0;0.0;7993.0;1092.25
-1;10195.0;7991.0;185.0;0.0;0.0;0.0;0.0;7993.0;69.0;7994.0;116.0;0.0;0.0;7992.0;1258.5
-1;10196.0;7990.0;190.0;0.0;0.0;0.0;0.0;7993.0;190.0;0.0;0.0;0.0;0.0;7991.5;1314.375
-1;10197.0;7989.0;152.0;0.0;0.0;0.0;0.0;7992.0;152.0;0.0;0.0;0.0;0.0;7990.5;1502.75
-1;10198.0;7989.0;186.0;0.0;0.0;0.0;0.0;7992.0;186.0;0.0;0.0;0.0;0.0;7990.5;1504.75
-1;10199.0;7990.0;172.0;0.0;0.0;0.0;0.0;7993.0;172.0;0.0;0.0;0.0;0.0;7991.5;1393.25
-1;10200.0;7990.0;201.0;0.0;0.0;0.0;0.0;7993.0;201.0;0.0;0.0;0.0;0.0;7991.5;1310.375
-1;10201.0;7990.0;159.0;0.0;0.0;0.0;0.0;7993.0;159.0;0.0;0.0;0.0;0.0;7991.5;1346.625
-1;10202.0;7991.0;179.0;0.0;0.0;0.0;0.0;7994.0;179.0;0.0;0.0;0.0;0.0;7992.5;1176.75
-1;10203.0;7992.0;43.0;7991.0;150.0;0.0;0.0;7994.0;193.0;0.0;0.0;0.0;0.0;7993.0;1099.0
-1;10204.0;7993.0;57.0;7992.0;111.0;0.0;0.0;7995.0;168.0;0.0;0.0;0.0;0.0;7994.0;912.875
-1;10205.0;7993.0;158.0;0.0;0.0;0.0;0.0;7995.0;45.0;7996.0;113.0;0.0;0.0;7994.0;858.5
-1;10206.0;7993.0;41.0;7992.0;139.0;0.0;0.0;7995.0;180.0;0.0;0.0;0.0;0.0;7994.0;908.625
-1;10207.0;7993.0;173.0;0.0;0.0;0.0;0.0;7996.0;173.0;0.0;0.0;0.0;0.0;7994.5;836.5
-1;10208.0;7994.0;218.0;0.0;0.0;0.0;0.0;7996.0;71.0;7997.0;147.0;0.0;0.0;7995.0;659.875
-1;10209.0;7994.0;59.0;7993.0;112.0;0.0;0.0;7996.0;171.0;0.0;0.0;0.0;0.0;7995.0;695.0
-1;10210.0;7994.0;152.0;0.0;0.0;0.0;0.0;7997.0;152.0;0.0;0.0;0.0;0.0;7995.5;644.375
-1;10211.0;7993.0;162.0;0.0;0.0;0.0;0.0;7996.0;162.0;0.0;0.0;0.0;0.0;7994.5;769.375
-1;10212.0;7994.0;166.0;0.0;0.0;0.0;0.0;7997.0;166.0;0.0;0.0;0.0;0.0;7995.5;608.25
-1;10213.0;7994.0;40.0;7993.0;103.0;0.0;0.0;7996.0;143.0;0.0;0.0;0.0;0.0;7995.0;710.75
-1;10214.0;7992.0;192.0;0.0;0.0;0.0;0.0;7995.0;192.0;0.0;0.0;0.0;0.0;7993.5;1011.125
-1;10215.0;7993.0;70.0;7992.0;129.0;0.0;0.0;7995.0;199.0;0.0;0.0;0.0;0.0;7994.0;882.125
-1;10216.0;7992.0;67.0;7991.0;129.0;0.0;0.0;7994.0;196.0;0.0;0.0;0.0;0.0;7993.0;1096.375
-1;10217.0;7993.0;74.0;7992.0;117.0;0.0;0.0;7995.0;191.0;0.0;0.0;0.0;0.0;7994.0;889.25
-1;10218.0;7992.0;180.0;0.0;0.0;0.0;0.0;7995.0;180.0;0.0;0.0;0.0;0.0;7993.5;995.375
-1;10219.0;7991.0;224.0;0.0;0.0;0.0;0.0;7994.0;224.0;0.0;0.0;0.0;0.0;7992.5;1198.625
-1;10220.0;7990.0;182.0;0.0;0.0;0.0;0.0;7993.0;182.0;0.0;0.0;0.0;0.0;7991.5;1354.75
-1;10221.0;7991.0;185.0;0.0;0.0;0.0;0.0;7993.0;79.0;7994.0;106.0;0.0;0.0;7992.0;1259.0
-1;10222.0;7990.0;198.0;0.0;0.0;0.0;0.0;7993.0;198.0;0.0;0.0;0.0;0.0;7991.5;1343.875
-1;10223.0;7991.0;205.0;0.0;0.0;0.0;0.0;7993.0;69.0;7994.0;136.0;0.0;0.0;7992.0;1240.375
-1;10224.0;7990.0;153.0;0.0;0.0;0.0;0.0;7993.0;153.0;0.0;0.0;0.0;0.0;7991.5;1406.375
-1;10225.0;7991.0;44.0;7990.0;115.0;0.0;0.0;7993.0;159.0;0.0;0.0;0.0;0.0;7992.0;1274.0
-1;10226.0;7991.0;183.0;0.0;0.0;0.0;0.0;7993.0;71.0;7994.0;112.0;0.0;0.0;7992.0;1255.5
-1;10227.0;7991.0;169.0;0.0;0.0;0.0;0.0;7993.0;41.0;7994.0;128.0;0.0;0.0;7992.0;1240.5
-1;10228.0;7994.0;117.0;7993.0;114.0;0.0;0.0;7996.0;188.0;0.0;0.0;0.0;0.0;7995.0;721.125
-1;10229.0;7992.0;195.0;0.0;0.0;0.0;0.0;7995.0;195.0;0.0;0.0;0.0;0.0;7993.5;929.75
-1;10230.0;7993.0;179.0;0.0;0.0;0.0;0.0;7996.0;179.0;0.0;0.0;0.0;0.0;7994.5;804.0
-1;10231.0;7992.0;182.0;0.0;0.0;0.0;0.0;7994.0;65.0;7995.0;117.0;0.0;0.0;7993.0;1051.25
-1;10232.0;7991.0;164.0;0.0;0.0;0.0;0.0;7994.0;164.0;0.0;0.0;0.0;0.0;7992.5;1115.625
-1;10233.0;7991.0;49.0;7990.0;142.0;0.0;0.0;7993.0;191.0;0.0;0.0;0.0;0.0;7992.0;1286.75
-1;10234.0;7990.0;157.0;0.0;0.0;0.0;0.0;7993.0;157.0;0.0;0.0;0.0;0.0;7991.5;1381.0
-1;10235.0;7991.0;41.0;7990.0;191.0;0.0;0.0;7993.0;191.0;0.0;0.0;0.0;0.0;7992.0;1374.875
-1;10236.0;7989.0;168.0;0.0;0.0;0.0;0.0;7992.0;168.0;0.0;0.0;0.0;0.0;7990.5;1571.75
-1;10237.0;7990.0;56.0;7989.0;136.0;0.0;0.0;7992.0;192.0;0.0;0.0;0.0;0.0;7991.0;1485.25
-1;10238.0;7989.0;199.0;0.0;0.0;0.0;0.0;7991.0;80.0;7992.0;119.0;0.0;0.0;7990.0;1630.625
-1;10239.0;7989.0;180.0;0.0;0.0;0.0;0.0;7992.0;180.0;0.0;0.0;0.0;0.0;7990.5;1500.375
-1;10240.0;7989.0;199.0;0.0;0.0;0.0;0.0;7992.0;199.0;0.0;0.0;0.0;0.0;7990.5;1606.75
-1;10241.0;7989.0;210.0;0.0;0.0;0.0;0.0;7991.0;62.0;7992.0;148.0;0.0;0.0;7990.0;1639.375
-1;10242.0;7989.0;172.0;0.0;0.0;0.0;0.0;7991.0;72.0;7992.0;100.0;0.0;0.0;7990.0;1638.5
-1;10243.0;7989.0;54.0;7988.0;140.0;0.0;0.0;7991.0;194.0;0.0;0.0;0.0;0.0;7990.0;1670.25
-1;10244.0;7989.0;178.0;0.0;0.0;0.0;0.0;7992.0;178.0;0.0;0.0;0.0;0.0;7990.5;1516.75
-1;10245.0;7992.0;180.0;0.0;0.0;0.0;0.0;7994.0;57.0;7995.0;123.0;0.0;0.0;7993.0;1050.25
-1;10246.0;7992.0;188.0;0.0;0.0;0.0;0.0;7994.0;50.0;7995.0;138.0;0.0;0.0;7993.0;1051.25
-1;10247.0;7991.0;189.0;0.0;0.0;0.0;0.0;7994.0;189.0;0.0;0.0;0.0;0.0;7992.5;1145.25
-1;10248.0;7991.0;200.0;0.0;0.0;0.0;0.0;7994.0;200.0;0.0;0.0;0.0;0.0;7992.5;1140.25
-1;10249.0;7992.0;49.0;7991.0;115.0;0.0;0.0;7994.0;164.0;0.0;0.0;0.0;0.0;7993.0;1072.875
-1;10250.0;7991.0;165.0;0.0;0.0;0.0;0.0;7994.0;165.0;0.0;0.0;0.0;0.0;7992.5;1155.0
-1;10251.0;7993.0;214.0;0.0;0.0;0.0;0.0;7994.0;79.0;7996.0;214.0;0.0;0.0;7993.5;752.25
-1;10252.0;7992.0;181.0;0.0;0.0;0.0;0.0;7995.0;181.0;0.0;0.0;0.0;0.0;7993.5;925.5
-1;10253.0;7993.0;197.0;0.0;0.0;0.0;0.0;7994.0;63.0;7995.0;71.0;7996.0;126.0;7993.5;874.5
-1;10254.0;7992.0;184.0;0.0;0.0;0.0;0.0;7994.0;78.0;7995.0;106.0;0.0;0.0;7993.0;1067.875
-1;10255.0;7993.0;53.0;7992.0;189.0;0.0;0.0;7995.0;189.0;0.0;0.0;0.0;0.0;7994.0;932.75
-1;10256.0;7994.0;40.0;7993.0;137.0;0.0;0.0;7996.0;177.0;0.0;0.0;0.0;0.0;7995.0;688.0
-1;10257.0;7994.0;66.0;7993.0;159.0;0.0;0.0;7996.0;159.0;0.0;0.0;0.0;0.0;7995.0;764.875
-1;10258.0;7993.0;202.0;0.0;0.0;0.0;0.0;7996.0;202.0;0.0;0.0;0.0;0.0;7994.5;727.0
-1;10259.0;7993.0;164.0;0.0;0.0;0.0;0.0;7996.0;164.0;0.0;0.0;0.0;0.0;7994.5;829.0
-1;10260.0;7994.0;158.0;0.0;0.0;0.0;0.0;7997.0;158.0;0.0;0.0;0.0;0.0;7995.5;583.75
-1;10261.0;7995.0;181.0;0.0;0.0;0.0;0.0;7997.0;49.0;7998.0;132.0;0.0;0.0;7996.0;484.75
-1;10262.0;7995.0;200.0;0.0;0.0;0.0;0.0;7997.0;80.0;7998.0;120.0;0.0;0.0;7996.0;475.75
-1;10263.0;7995.0;61.0;7994.0;140.0;0.0;0.0;7997.0;201.0;0.0;0.0;0.0;0.0;7996.0;504.375
-1;10264.0;7995.0;205.0;0.0;0.0;0.0;0.0;7998.0;205.0;0.0;0.0;0.0;0.0;7996.5;374.25
-1;10265.0;7995.0;161.0;0.0;0.0;0.0;0.0;7997.0;53.0;7998.0;108.0;0.0;0.0;7996.0;456.625
-1;10266.0;7996.0;70.0;7995.0;176.0;0.0;0.0;7998.0;176.0;0.0;0.0;0.0;0.0;7997.0;435.25
-1;10267.0;7994.0;195.0;0.0;0.0;0.0;0.0;7996.0;50.0;7997.0;145.0;0.0;0.0;7995.0;679.375
-1;10268.0;7994.0;65.0;7993.0;109.0;0.0;0.0;7996.0;174.0;0.0;0.0;0.0;0.0;7995.0;689.625
-1;10269.0;7994.0;189.0;0.0;0.0;0.0;0.0;7997.0;189.0;0.0;0.0;0.0;0.0;7995.5;607.75
-1;10270.0;7993.0;170.0;0.0;0.0;0.0;0.0;7996.0;170.0;0.0;0.0;0.0;0.0;7994.5;777.25
-1;10271.0;7994.0;217.0;0.0;0.0;0.0;0.0;7996.0;80.0;7997.0;137.0;0.0;0.0;7995.0;650.5
-1;10272.0;7993.0;154.0;0.0;0.0;0.0;0.0;7996.0;154.0;0.0;0.0;0.0;0.0;7994.5;813.75
-1;10273.0;7992.0;230.0;0.0;0.0;0.0;0.0;7995.0;230.0;0.0;0.0;0.0;0.0;7993.5;958.0
-1;10274.0;7992.0;173.0;0.0;0.0;0.0;0.0;7994.0;64.0;7995.0;109.0;0.0;0.0;7993.0;1060.5
-1;10275.0;7992.0;151.0;0.0;0.0;0.0;0.0;7993.0;55.0;7995.0;151.0;0.0;0.0;7992.5;979.5
-1;10276.0;7992.0;176.0;0.0;0.0;0.0;0.0;7995.0;176.0;0.0;0.0;0.0;0.0;7993.5;987.75
-1;10277.0;7993.0;196.0;0.0;0.0;0.0;0.0;7996.0;196.0;0.0;0.0;0.0;0.0;7994.5;777.0
-1;10278.0;7991.0;149.0;0.0;0.0;0.0;0.0;7994.0;149.0;0.0;0.0;0.0;0.0;7992.5;1216.25
-1;10279.0;7990.0;124.0;0.0;0.0;0.0;0.0;7991.0;3.0;7993.0;182.0;0.0;0.0;7990.5;1223.625
-1;10280.0;7992.0;191.0;0.0;0.0;0.0;0.0;7994.0;65.0;7995.0;126.0;0.0;0.0;7993.0;937.125
-1;10281.0;7991.0;187.0;0.0;0.0;0.0;0.0;7994.0;187.0;0.0;0.0;0.0;0.0;7992.5;1082.25
-1;10282.0;7992.0;178.0;0.0;0.0;0.0;0.0;7995.0;178.0;0.0;0.0;0.0;0.0;7993.5;780.875
-1;10283.0;7992.0;219.0;0.0;0.0;0.0;0.0;7995.0;219.0;0.0;0.0;0.0;0.0;7993.5;831.75
-1;10284.0;7994.0;180.0;0.0;0.0;0.0;0.0;7997.0;180.0;0.0;0.0;0.0;0.0;7995.5;281.375
-1;10285.0;7993.0;59.0;7992.0;113.0;0.0;0.0;7995.0;172.0;0.0;0.0;0.0;0.0;7994.0;715.625
-1;10286.0;7994.0;210.0;0.0;0.0;0.0;0.0;7996.0;61.0;7997.0;149.0;0.0;0.0;7995.0;450.5
-1;10287.0;7995.0;179.0;0.0;0.0;0.0;0.0;7998.0;179.0;0.0;0.0;0.0;0.0;7996.5;131.375
-1;10288.0;7996.0;217.0;0.0;0.0;0.0;0.0;7999.0;217.0;0.0;0.0;0.0;0.0;7997.5;-128.125
-1;10289.0;7996.0;72.0;7995.0;184.0;0.0;0.0;7997.0;51.0;7998.0;133.0;0.0;0.0;7996.5;178.625
-1;10290.0;7996.0;156.0;0.0;0.0;0.0;0.0;7998.0;43.0;7999.0;113.0;0.0;0.0;7997.0;-49.375
-1;10291.0;7994.0;221.0;0.0;0.0;0.0;0.0;7996.0;80.0;7997.0;141.0;0.0;0.0;7995.0;405.125
-1;10292.0;7994.0;167.0;0.0;0.0;0.0;0.0;7997.0;167.0;0.0;0.0;0.0;0.0;7995.5;369.0
-1;10293.0;7995.0;196.0;0.0;0.0;0.0;0.0;7998.0;196.0;0.0;0.0;0.0;0.0;7996.5;98.25
-1;10294.0;7996.0;185.0;0.0;0.0;0.0;0.0;7999.0;185.0;0.0;0.0;0.0;0.0;7997.5;-102.25
-1;10295.0;7996.0;166.0;0.0;0.0;0.0;0.0;7999.0;166.0;0.0;0.0;0.0;0.0;7997.5;-220.75
-1;10296.0;7997.0;208.0;0.0;0.0;0.0;0.0;8000.0;208.0;0.0;0.0;0.0;0.0;7998.5;-355.125
-1;10297.0;7998.0;60.0;7997.0;129.0;0.0;0.0;8000.0;189.0;0.0;0.0;0.0;0.0;7999.0;-497.5
-1;10298.0;7996.0;187.0;0.0;0.0;0.0;0.0;7999.0;187.0;0.0;0.0;0.0;0.0;7997.5;-210.625
-1;10299.0;7995.0;167.0;0.0;0.0;0.0;0.0;7997.0;42.0;7998.0;125.0;0.0;0.0;7996.0;161.25
-1;10300.0;7995.0;189.0;0.0;0.0;0.0;0.0;7998.0;189.0;0.0;0.0;0.0;0.0;7996.5;144.375
-1;10301.0;7995.0;163.0;0.0;0.0;0.0;0.0;7997.0;70.0;7998.0;119.0;0.0;0.0;7996.0;125.25
-1;10302.0;7995.0;79.0;7994.0;103.0;0.0;0.0;7997.0;182.0;0.0;0.0;0.0;0.0;7996.0;229.0
-1;10303.0;7994.0;192.0;0.0;0.0;0.0;0.0;7997.0;192.0;0.0;0.0;0.0;0.0;7995.5;259.5
-1;10304.0;7995.0;184.0;0.0;0.0;0.0;0.0;7996.0;55.0;7997.0;77.0;7998.0;107.0;7995.5;152.0
-1;10305.0;7995.0;45.0;7994.0;137.0;0.0;0.0;7997.0;182.0;0.0;0.0;0.0;0.0;7996.0;197.25
-1;10306.0;7994.0;192.0;0.0;0.0;0.0;0.0;7996.0;63.0;7997.0;129.0;0.0;0.0;7995.0;412.25
-1;10307.0;7994.0;194.0;0.0;0.0;0.0;0.0;7997.0;194.0;0.0;0.0;0.0;0.0;7995.5;367.25
-1;10308.0;7994.0;190.0;0.0;0.0;0.0;0.0;7997.0;190.0;0.0;0.0;0.0;0.0;7995.5;379.25
-1;10309.0;7994.0;75.0;7993.0;105.0;0.0;0.0;7996.0;180.0;0.0;0.0;0.0;0.0;7995.0;467.25
-1;10310.0;7994.0;192.0;0.0;0.0;0.0;0.0;7996.0;53.0;7997.0;139.0;0.0;0.0;7995.0;402.25
-1;10311.0;7993.0;184.0;0.0;0.0;0.0;0.0;7996.0;184.0;0.0;0.0;0.0;0.0;7994.5;588.25
-1;10312.0;7993.0;181.0;0.0;0.0;0.0;0.0;7996.0;181.0;0.0;0.0;0.0;0.0;7994.5;553.5
-1;10313.0;7994.0;40.0;7993.0;143.0;0.0;0.0;7996.0;183.0;0.0;0.0;0.0;0.0;7995.0;479.75
-1;10314.0;7994.0;196.0;0.0;0.0;0.0;0.0;7996.0;66.0;7997.0;130.0;0.0;0.0;7995.0;423.75
-1;10315.0;7994.0;190.0;0.0;0.0;0.0;0.0;7995.0;80.0;7996.0;47.0;7997.0;143.0;7994.5;451.5
-1;10316.0;7994.0;186.0;0.0;0.0;0.0;0.0;7996.0;80.0;7997.0;106.0;0.0;0.0;7995.0;452.0
-1;10317.0;7994.0;204.0;0.0;0.0;0.0;0.0;7997.0;204.0;0.0;0.0;0.0;0.0;7995.5;342.5
-1;10318.0;7996.0;55.0;7995.0;133.0;0.0;0.0;7998.0;188.0;0.0;0.0;0.0;0.0;7997.0;-75.5
-1;10319.0;7997.0;51.0;7996.0;124.0;0.0;0.0;7999.0;175.0;0.0;0.0;0.0;0.0;7998.0;-354.5
-1;10320.0;7996.0;156.0;0.0;0.0;0.0;0.0;7999.0;156.0;0.0;0.0;0.0;0.0;7997.5;-205.0
-1;10321.0;7996.0;193.0;0.0;0.0;0.0;0.0;7999.0;193.0;0.0;0.0;0.0;0.0;7997.5;-214.75
-1;10322.0;7994.0;152.0;0.0;0.0;0.0;0.0;7997.0;152.0;0.0;0.0;0.0;0.0;7995.5;375.25
-1;10323.0;7994.0;59.0;7993.0;112.0;0.0;0.0;7996.0;171.0;0.0;0.0;0.0;0.0;7995.0;508.25
-1;10324.0;7993.0;200.0;0.0;0.0;0.0;0.0;7996.0;200.0;0.0;0.0;0.0;0.0;7994.5;574.25
-1;10325.0;7994.0;184.0;0.0;0.0;0.0;0.0;7996.0;70.0;7997.0;114.0;0.0;0.0;7995.0;449.5
-1;10326.0;7994.0;217.0;0.0;0.0;0.0;0.0;7997.0;217.0;0.0;0.0;0.0;0.0;7995.5;399.25
-1;10327.0;7995.0;160.0;0.0;0.0;0.0;0.0;7998.0;160.0;0.0;0.0;0.0;0.0;7996.5;110.0
-1;10328.0;7995.0;172.0;0.0;0.0;0.0;0.0;7998.0;172.0;0.0;0.0;0.0;0.0;7996.5;82.25
-1;10329.0;7995.0;106.0;0.0;0.0;0.0;0.0;7996.0;10.0;7998.0;149.0;0.0;0.0;7995.5;-72.5
-1;10330.0;7994.0;223.0;0.0;0.0;0.0;0.0;7997.0;223.0;0.0;0.0;0.0;0.0;7995.5;270.0
-1;10331.0;7994.0;177.0;0.0;0.0;0.0;0.0;7997.0;177.0;0.0;0.0;0.0;0.0;7995.5;336.0
-1;10332.0;7994.0;165.0;0.0;0.0;0.0;0.0;7996.0;56.0;7997.0;109.0;0.0;0.0;7995.0;518.25
-1;10333.0;7994.0;142.0;0.0;0.0;0.0;0.0;7997.0;142.0;0.0;0.0;0.0;0.0;7995.5;268.75
-1;10334.0;7993.0;197.0;0.0;0.0;0.0;0.0;7996.0;197.0;0.0;0.0;0.0;0.0;7994.5;600.0
-1;10335.0;7992.0;203.0;0.0;0.0;0.0;0.0;7995.0;203.0;0.0;0.0;0.0;0.0;7993.5;993.25
-1;10336.0;7991.0;184.0;0.0;0.0;0.0;0.0;7994.0;184.0;0.0;0.0;0.0;0.0;7992.5;1303.5
-1;10337.0;7991.0;202.0;0.0;0.0;0.0;0.0;7994.0;202.0;0.0;0.0;0.0;0.0;7992.5;1339.75
-1;10338.0;7991.0;181.0;0.0;0.0;0.0;0.0;7993.0;76.0;7994.0;105.0;0.0;0.0;7992.0;1482.0
-1;10339.0;7991.0;172.0;0.0;0.0;0.0;0.0;7994.0;172.0;0.0;0.0;0.0;0.0;7992.5;1330.5
-1;10340.0;7993.0;211.0;0.0;0.0;0.0;0.0;7994.0;49.0;7996.0;211.0;0.0;0.0;7993.5;736.5
-1;10341.0;7993.0;178.0;0.0;0.0;0.0;0.0;7995.0;57.0;7996.0;121.0;0.0;0.0;7994.0;806.0
-1;10342.0;7992.0;181.0;0.0;0.0;0.0;0.0;7994.0;61.0;7995.0;120.0;0.0;0.0;7993.0;1133.5
-1;10343.0;7992.0;216.0;0.0;0.0;0.0;0.0;7994.0;80.0;7995.0;136.0;0.0;0.0;7993.0;1123.75
-1;10344.0;7992.0;194.0;0.0;0.0;0.0;0.0;7995.0;194.0;0.0;0.0;0.0;0.0;7993.5;934.5
-1;10345.0;7994.0;196.0;0.0;0.0;0.0;0.0;7997.0;196.0;0.0;0.0;0.0;0.0;7995.5;457.25
-1;10346.0;7993.0;212.0;0.0;0.0;0.0;0.0;7996.0;212.0;0.0;0.0;0.0;0.0;7994.5;604.25
-1;10347.0;7995.0;180.0;0.0;0.0;0.0;0.0;7998.0;180.0;0.0;0.0;0.0;0.0;7996.5;43.75
-1;10348.0;7995.0;155.0;0.0;0.0;0.0;0.0;7998.0;155.0;0.0;0.0;0.0;0.0;7996.5;-25.75
-1;10349.0;7995.0;197.0;0.0;0.0;0.0;0.0;7998.0;197.0;0.0;0.0;0.0;0.0;7996.5;48.0
-1;10350.0;7995.0;199.0;0.0;0.0;0.0;0.0;7998.0;199.0;0.0;0.0;0.0;0.0;7996.5;-13.75
-1;10351.0;7997.0;25.0;7995.0;162.0;0.0;0.0;7998.0;162.0;0.0;0.0;0.0;0.0;7997.5;-27.5
-1;10352.0;7995.0;205.0;0.0;0.0;0.0;0.0;7998.0;205.0;0.0;0.0;0.0;0.0;7996.5;-39.5
-1;10353.0;7994.0;165.0;0.0;0.0;0.0;0.0;7997.0;165.0;0.0;0.0;0.0;0.0;7995.5;338.5
-1;10354.0;7994.0;192.0;0.0;0.0;0.0;0.0;7996.0;72.0;7997.0;120.0;0.0;0.0;7995.0;508.25
-1;10355.0;7993.0;40.0;7992.0;192.0;0.0;0.0;7995.0;192.0;0.0;0.0;0.0;0.0;7994.0;935.0
-1;10356.0;7993.0;70.0;7992.0;182.0;0.0;0.0;7995.0;182.0;0.0;0.0;0.0;0.0;7994.0;973.0
-1;10357.0;7992.0;170.0;0.0;0.0;0.0;0.0;7994.0;64.0;7995.0;106.0;0.0;0.0;7993.0;1143.5
-1;10358.0;7992.0;211.0;0.0;0.0;0.0;0.0;7995.0;211.0;0.0;0.0;0.0;0.0;7993.5;966.75
-1;10359.0;7993.0;50.0;7992.0;165.0;0.0;0.0;7995.0;165.0;0.0;0.0;0.0;0.0;7994.0;1001.25
-1;10360.0;7991.0;191.0;0.0;0.0;0.0;0.0;7994.0;191.0;0.0;0.0;0.0;0.0;7992.5;1287.25
-1;10361.0;7992.0;12.0;7991.0;143.0;0.0;0.0;7993.0;41.0;7994.0;102.0;0.0;0.0;7992.5;1458.25
-1;10362.0;7991.0;43.0;7990.0;118.0;0.0;0.0;7993.0;161.0;0.0;0.0;0.0;0.0;7992.0;1525.5
-1;10363.0;7991.0;45.0;7990.0;191.0;0.0;0.0;7993.0;191.0;0.0;0.0;0.0;0.0;7992.0;1674.75
-1;10364.0;7991.0;193.0;0.0;0.0;0.0;0.0;7992.0;52.0;7994.0;193.0;0.0;0.0;7991.5;1346.75
-1;10365.0;7990.0;203.0;0.0;0.0;0.0;0.0;7991.0;51.0;7993.0;203.0;0.0;0.0;7990.5;1606.75
-1;10366.0;7990.0;80.0;7989.0;147.0;0.0;0.0;7992.0;227.0;0.0;0.0;0.0;0.0;7991.0;1882.75
-1;10367.0;7990.0;59.0;7989.0;102.0;0.0;0.0;7992.0;161.0;0.0;0.0;0.0;0.0;7991.0;1902.5
-1;10368.0;7989.0;1.0;7988.0;104.0;0.0;0.0;7991.0;159.0;0.0;0.0;0.0;0.0;7990.0;2169.25
-1;10369.0;7989.0;42.0;7988.0;116.0;0.0;0.0;7991.0;158.0;0.0;0.0;0.0;0.0;7990.0;2125.5
-1;10370.0;7988.0;200.0;0.0;0.0;0.0;0.0;7991.0;200.0;0.0;0.0;0.0;0.0;7989.5;2254.0
-1;10371.0;7988.0;192.0;0.0;0.0;0.0;0.0;7991.0;192.0;0.0;0.0;0.0;0.0;7989.5;2256.75
-1;10372.0;7989.0;74.0;7988.0;214.0;0.0;0.0;7991.0;214.0;0.0;0.0;0.0;0.0;7990.0;2326.0
-1;10373.0;7988.0;184.0;0.0;0.0;0.0;0.0;7989.0;43.0;7991.0;184.0;0.0;0.0;7988.5;2223.5
-1;10374.0;7989.0;72.0;7988.0;172.0;0.0;0.0;7991.0;172.0;0.0;0.0;0.0;0.0;7990.0;2387.0
-1;10375.0;7988.0;189.0;0.0;0.0;0.0;0.0;7991.0;189.0;0.0;0.0;0.0;0.0;7989.5;2294.75
-1;10376.0;7988.0;71.0;7987.0;116.0;0.0;0.0;7990.0;187.0;0.0;0.0;0.0;0.0;7989.0;2517.75
-1;10377.0;7988.0;61.0;7987.0;157.0;0.0;0.0;7989.0;56.0;7990.0;101.0;0.0;0.0;7988.5;2827.5
-1;10378.0;7987.0;142.0;0.0;0.0;0.0;0.0;7990.0;142.0;0.0;0.0;0.0;0.0;7988.5;2768.75
-1;10379.0;7988.0;180.0;0.0;0.0;0.0;0.0;7990.0;74.0;7991.0;106.0;0.0;0.0;7989.0;2473.0
-1;10380.0;7987.0;141.0;0.0;0.0;0.0;0.0;7990.0;141.0;0.0;0.0;0.0;0.0;7988.5;2696.75
-1;10381.0;7987.0;77.0;7986.0;140.0;0.0;0.0;7989.0;217.0;0.0;0.0;0.0;0.0;7988.0;2915.5
-1;10382.0;7987.0;60.0;7986.0;197.0;0.0;0.0;7988.0;77.0;7989.0;120.0;0.0;0.0;7987.5;3191.5
-1;10383.0;7986.0;146.0;0.0;0.0;0.0;0.0;7988.0;40.0;7989.0;106.0;0.0;0.0;7987.0;3211.0
-1;10384.0;7985.0;202.0;0.0;0.0;0.0;0.0;7988.0;202.0;0.0;0.0;0.0;0.0;7986.5;3486.25
-1;10385.0;7985.0;155.0;0.0;0.0;0.0;0.0;7988.0;155.0;0.0;0.0;0.0;0.0;7986.5;3492.75
-1;10386.0;7985.0;177.0;0.0;0.0;0.0;0.0;7987.0;40.0;7988.0;137.0;0.0;0.0;7986.0;3614.25
-1;10387.0;7986.0;63.0;7985.0;136.0;0.0;0.0;7988.0;199.0;0.0;0.0;0.0;0.0;7987.0;3313.75
-1;10388.0;7986.0;215.0;0.0;0.0;0.0;0.0;7989.0;215.0;0.0;0.0;0.0;0.0;7987.5;3169.25
-1;10389.0;7986.0;66.0;7985.0;113.0;0.0;0.0;7988.0;179.0;0.0;0.0;0.0;0.0;7987.0;3296.25
-1;10390.0;7986.0;162.0;0.0;0.0;0.0;0.0;7988.0;49.0;7989.0;113.0;0.0;0.0;7987.0;3196.5
-1;10391.0;7987.0;74.0;7986.0;139.0;0.0;0.0;7989.0;213.0;0.0;0.0;0.0;0.0;7988.0;2917.25
-1;10392.0;7988.0;45.0;7987.0;121.0;0.0;0.0;7990.0;166.0;0.0;0.0;0.0;0.0;7989.0;2509.0
-1;10393.0;7989.0;217.0;0.0;0.0;0.0;0.0;7991.0;78.0;7992.0;139.0;0.0;0.0;7990.0;2046.75
-1;10394.0;7988.0;179.0;0.0;0.0;0.0;0.0;7991.0;179.0;0.0;0.0;0.0;0.0;7989.5;2278.75
-1;10395.0;7989.0;51.0;7988.0;118.0;0.0;0.0;7991.0;169.0;0.0;0.0;0.0;0.0;7990.0;2157.5
-1;10396.0;7989.0;57.0;7988.0;124.0;0.0;0.0;7991.0;181.0;0.0;0.0;0.0;0.0;7990.0;2155.25
-1;10397.0;7990.0;156.0;0.0;0.0;0.0;0.0;7993.0;156.0;0.0;0.0;0.0;0.0;7991.5;1569.5
-1;10398.0;7991.0;217.0;0.0;0.0;0.0;0.0;7994.0;217.0;0.0;0.0;0.0;0.0;7992.5;1143.0
-1;10399.0;7991.0;47.0;7990.0;150.0;0.0;0.0;7993.0;197.0;0.0;0.0;0.0;0.0;7992.0;1353.75
-1;10400.0;7990.0;199.0;0.0;0.0;0.0;0.0;7993.0;199.0;0.0;0.0;0.0;0.0;7991.5;1487.75
-1;10401.0;7990.0;162.0;0.0;0.0;0.0;0.0;7993.0;162.0;0.0;0.0;0.0;0.0;7991.5;1642.25
-1;10402.0;7989.0;171.0;0.0;0.0;0.0;0.0;7992.0;171.0;0.0;0.0;0.0;0.0;7990.5;1965.25
-1;10403.0;7989.0;197.0;0.0;0.0;0.0;0.0;7992.0;197.0;0.0;0.0;0.0;0.0;7990.5;1985.0
-1;10404.0;7988.0;203.0;0.0;0.0;0.0;0.0;7991.0;203.0;0.0;0.0;0.0;0.0;7989.5;2247.75
-1;10405.0;7987.0;181.0;0.0;0.0;0.0;0.0;7990.0;181.0;0.0;0.0;0.0;0.0;7988.5;2683.5
-1;10406.0;7987.0;190.0;0.0;0.0;0.0;0.0;7988.0;49.0;7989.0;72.0;7990.0;118.0;7987.5;2870.75
-1;10407.0;7986.0;164.0;0.0;0.0;0.0;0.0;7989.0;164.0;0.0;0.0;0.0;0.0;7987.5;3081.0
-1;10408.0;7984.0;169.0;0.0;0.0;0.0;0.0;7987.0;169.0;0.0;0.0;0.0;0.0;7985.5;3753.5
-1;10409.0;7983.0;191.0;0.0;0.0;0.0;0.0;7986.0;191.0;0.0;0.0;0.0;0.0;7984.5;4167.5
-1;10410.0;7983.0;169.0;0.0;0.0;0.0;0.0;7986.0;169.0;0.0;0.0;0.0;0.0;7984.5;4311.0
-1;10411.0;7982.0;183.0;0.0;0.0;0.0;0.0;7985.0;183.0;0.0;0.0;0.0;0.0;7983.5;4644.5
-1;10412.0;7983.0;193.0;0.0;0.0;0.0;0.0;7986.0;193.0;0.0;0.0;0.0;0.0;7984.5;4260.75
-1;10413.0;7984.0;166.0;0.0;0.0;0.0;0.0;7987.0;166.0;0.0;0.0;0.0;0.0;7985.5;3949.5
-1;10414.0;7983.0;202.0;0.0;0.0;0.0;0.0;7986.0;202.0;0.0;0.0;0.0;0.0;7984.5;4199.25
-1;10415.0;7984.0;230.0;0.0;0.0;0.0;0.0;7985.0;69.0;7986.0;80.0;7987.0;150.0;7984.5;4000.5
-1;10416.0;7985.0;72.0;7984.0;174.0;0.0;0.0;7986.0;62.0;7987.0;112.0;0.0;0.0;7985.5;3992.75
-1;10417.0;7982.0;176.0;0.0;0.0;0.0;0.0;7985.0;176.0;0.0;0.0;0.0;0.0;7983.5;4675.25
-1;10418.0;7982.0;79.0;7981.0;113.0;0.0;0.0;7984.0;192.0;0.0;0.0;0.0;0.0;7983.0;4865.0
-1;10419.0;7982.0;216.0;0.0;0.0;0.0;0.0;7985.0;216.0;0.0;0.0;0.0;0.0;7983.5;4586.0
-1;10420.0;7982.0;216.0;0.0;0.0;0.0;0.0;7985.0;216.0;0.0;0.0;0.0;0.0;7983.5;4627.5
-1;10421.0;7982.0;159.0;0.0;0.0;0.0;0.0;7985.0;159.0;0.0;0.0;0.0;0.0;7983.5;4728.75
-1;10422.0;7983.0;64.0;7982.0;135.0;0.0;0.0;7985.0;199.0;0.0;0.0;0.0;0.0;7984.0;4484.25
-1;10423.0;7983.0;190.0;0.0;0.0;0.0;0.0;7986.0;190.0;0.0;0.0;0.0;0.0;7984.5;4285.25
-1;10424.0;7984.0;43.0;7983.0;102.0;0.0;0.0;7986.0;145.0;0.0;0.0;0.0;0.0;7985.0;4094.75
-1;10425.0;7983.0;213.0;0.0;0.0;0.0;0.0;7985.0;68.0;7986.0;145.0;0.0;0.0;7984.0;4398.75
-1;10426.0;7983.0;67.0;7982.0;129.0;0.0;0.0;7985.0;196.0;0.0;0.0;0.0;0.0;7984.0;4470.0
-1;10427.0;7982.0;182.0;0.0;0.0;0.0;0.0;7985.0;182.0;0.0;0.0;0.0;0.0;7983.5;4594.0
-1;10428.0;7982.0;59.0;7981.0;142.0;0.0;0.0;7984.0;201.0;0.0;0.0;0.0;0.0;7983.0;4820.75
-1;10429.0;7980.0;202.0;0.0;0.0;0.0;0.0;7983.0;202.0;0.0;0.0;0.0;0.0;7981.5;5409.5
-1;10430.0;7980.0;40.0;7979.0;100.0;0.0;0.0;7982.0;140.0;0.0;0.0;0.0;0.0;7981.0;5667.75
-1;10431.0;7979.0;201.0;0.0;0.0;0.0;0.0;7982.0;201.0;0.0;0.0;0.0;0.0;7980.5;5700.25
-1;10432.0;7977.0;186.0;0.0;0.0;0.0;0.0;7980.0;186.0;0.0;0.0;0.0;0.0;7978.5;6572.25
-1;10433.0;7979.0;217.0;0.0;0.0;0.0;0.0;7980.0;50.0;7981.0;70.0;7982.0;147.0;7979.5;5950.25
-1;10434.0;7979.0;180.0;0.0;0.0;0.0;0.0;7982.0;180.0;0.0;0.0;0.0;0.0;7980.5;5746.5
-1;10435.0;7980.0;173.0;0.0;0.0;0.0;0.0;7983.0;173.0;0.0;0.0;0.0;0.0;7981.5;5441.5
-1;10436.0;7981.0;160.0;0.0;0.0;0.0;0.0;7984.0;160.0;0.0;0.0;0.0;0.0;7982.5;4971.5
-1;10437.0;7981.0;206.0;0.0;0.0;0.0;0.0;7984.0;206.0;0.0;0.0;0.0;0.0;7982.5;4911.0
-1;10438.0;7981.0;50.0;7980.0;127.0;0.0;0.0;7983.0;177.0;0.0;0.0;0.0;0.0;7982.0;5214.25
-1;10439.0;7982.0;172.0;0.0;0.0;0.0;0.0;7985.0;172.0;0.0;0.0;0.0;0.0;7983.5;4597.0
-1;10440.0;7982.0;176.0;0.0;0.0;0.0;0.0;7984.0;53.0;7985.0;123.0;0.0;0.0;7983.0;4795.0
-1;10441.0;7983.0;169.0;0.0;0.0;0.0;0.0;7986.0;169.0;0.0;0.0;0.0;0.0;7984.5;4201.0
-1;10442.0;7984.0;157.0;0.0;0.0;0.0;0.0;7987.0;157.0;0.0;0.0;0.0;0.0;7985.5;3792.0
-1;10443.0;7984.0;180.0;0.0;0.0;0.0;0.0;7986.0;49.0;7987.0;131.0;0.0;0.0;7985.0;4023.5
-1;10444.0;7985.0;45.0;7984.0;135.0;0.0;0.0;7987.0;180.0;0.0;0.0;0.0;0.0;7986.0;3724.0
-1;10445.0;7984.0;182.0;0.0;0.0;0.0;0.0;7987.0;201.0;0.0;0.0;0.0;0.0;7985.5;3933.25
-1;10446.0;7984.0;186.0;0.0;0.0;0.0;0.0;7987.0;186.0;0.0;0.0;0.0;0.0;7985.5;3773.0
-1;10447.0;7984.0;183.0;0.0;0.0;0.0;0.0;7987.0;183.0;0.0;0.0;0.0;0.0;7985.5;3942.0
-1;10448.0;7984.0;182.0;0.0;0.0;0.0;0.0;7987.0;182.0;0.0;0.0;0.0;0.0;7985.5;3781.75
-1;10449.0;7984.0;77.0;7983.0;142.0;0.0;0.0;7986.0;219.0;0.0;0.0;0.0;0.0;7985.0;4098.5
-1;10450.0;7983.0;189.0;0.0;0.0;0.0;0.0;7985.0;51.0;7986.0;138.0;0.0;0.0;7984.0;4406.75
-1;10451.0;7983.0;178.0;0.0;0.0;0.0;0.0;7986.0;178.0;0.0;0.0;0.0;0.0;7984.5;4156.5
-1;10452.0;7982.0;42.0;7981.0;140.0;0.0;0.0;7984.0;182.0;0.0;0.0;0.0;0.0;7983.0;4910.75
-1;10453.0;7982.0;78.0;7981.0;147.0;0.0;0.0;7984.0;225.0;0.0;0.0;0.0;0.0;7983.0;4889.25
-1;10454.0;7980.0;222.0;0.0;0.0;0.0;0.0;7981.0;74.0;7983.0;222.0;0.0;0.0;7980.5;5452.75
-1;10455.0;7980.0;134.0;7979.0;117.0;0.0;0.0;7982.0;171.0;0.0;0.0;0.0;0.0;7981.0;5719.5
-1;10456.0;7977.0;164.0;0.0;0.0;0.0;0.0;7978.0;69.0;7980.0;164.0;0.0;0.0;7977.5;6556.0
-1;10457.0;7977.0;165.0;0.0;0.0;0.0;0.0;7980.0;165.0;0.0;0.0;0.0;0.0;7978.5;6753.0
-1;10458.0;7977.0;184.0;0.0;0.0;0.0;0.0;7980.0;184.0;0.0;0.0;0.0;0.0;7978.5;6669.5
-1;10459.0;7976.0;175.0;0.0;0.0;0.0;0.0;7979.0;175.0;0.0;0.0;0.0;0.0;7977.5;7002.75
-1;10460.0;7976.0;212.0;0.0;0.0;0.0;0.0;7979.0;212.0;0.0;0.0;0.0;0.0;7977.5;6997.25
-1;10461.0;7977.0;174.0;0.0;0.0;0.0;0.0;7980.0;174.0;0.0;0.0;0.0;0.0;7978.5;6769.25
-1;10462.0;7976.0;181.0;0.0;0.0;0.0;0.0;7979.0;181.0;0.0;0.0;0.0;0.0;7977.5;7004.75
-1;10463.0;7976.0;197.0;0.0;0.0;0.0;0.0;7978.0;73.0;7979.0;124.0;0.0;0.0;7977.0;7244.75
-1;10464.0;7975.0;152.0;0.0;0.0;0.0;0.0;7978.0;152.0;0.0;0.0;0.0;0.0;7976.5;7422.0
-1;10465.0;7975.0;176.0;0.0;0.0;0.0;0.0;7977.0;43.0;7978.0;133.0;0.0;0.0;7976.0;7661.5
-1;10466.0;7975.0;57.0;7974.0;181.0;0.0;0.0;7977.0;181.0;0.0;0.0;0.0;0.0;7976.0;7842.25
-1;10467.0;7974.0;72.0;7973.0;146.0;0.0;0.0;7976.0;218.0;0.0;0.0;0.0;0.0;7975.0;8171.75
-1;10468.0;7974.0;163.0;0.0;0.0;0.0;0.0;7977.0;163.0;0.0;0.0;0.0;0.0;7975.5;7868.5
-1;10469.0;7974.0;199.0;0.0;0.0;0.0;0.0;7976.0;58.0;7977.0;141.0;0.0;0.0;7975.0;8043.25
-1;10470.0;7973.0;192.0;0.0;0.0;0.0;0.0;7976.0;192.0;0.0;0.0;0.0;0.0;7974.5;8215.25
-1;10471.0;7973.0;205.0;0.0;0.0;0.0;0.0;7976.0;205.0;0.0;0.0;0.0;0.0;7974.5;8359.25
-1;10472.0;7973.0;181.0;0.0;0.0;0.0;0.0;7976.0;181.0;0.0;0.0;0.0;0.0;7974.5;8297.25
-1;10473.0;7975.0;69.0;7974.0;145.0;0.0;0.0;7977.0;214.0;0.0;0.0;0.0;0.0;7976.0;7686.0
-1;10474.0;7974.0;185.0;0.0;0.0;0.0;0.0;7977.0;185.0;0.0;0.0;0.0;0.0;7975.5;7850.25
-1;10475.0;7974.0;181.0;0.0;0.0;0.0;0.0;7977.0;181.0;0.0;0.0;0.0;0.0;7975.5;7944.25
-1;10476.0;7973.0;149.0;0.0;0.0;0.0;0.0;7976.0;149.0;0.0;0.0;0.0;0.0;7974.5;8183.25
-1;10477.0;7973.0;205.0;0.0;0.0;0.0;0.0;7976.0;205.0;0.0;0.0;0.0;0.0;7974.5;8315.0
-1;10478.0;7974.0;56.0;7973.0;125.0;0.0;0.0;7976.0;181.0;0.0;0.0;0.0;0.0;7975.0;8155.25
-1;10479.0;7974.0;60.0;7973.0;137.0;0.0;0.0;7976.0;197.0;0.0;0.0;0.0;0.0;7975.0;8097.75
-1;10480.0;7973.0;178.0;0.0;0.0;0.0;0.0;7976.0;178.0;0.0;0.0;0.0;0.0;7974.5;8226.5
-1;10481.0;7973.0;172.0;0.0;0.0;0.0;0.0;7976.0;172.0;0.0;0.0;0.0;0.0;7974.5;8271.5
-1;10482.0;7973.0;187.0;0.0;0.0;0.0;0.0;7976.0;187.0;0.0;0.0;0.0;0.0;7974.5;8247.0
-1;10483.0;7973.0;170.0;0.0;0.0;0.0;0.0;7975.0;43.0;7976.0;127.0;0.0;0.0;7974.0;8448.25
-1;10484.0;7972.0;197.0;0.0;0.0;0.0;0.0;7975.0;197.0;0.0;0.0;0.0;0.0;7973.5;8830.5
-1;10485.0;7972.0;179.0;0.0;0.0;0.0;0.0;7974.0;40.0;7975.0;139.0;0.0;0.0;7973.0;8901.5
-1;10486.0;7972.0;169.0;0.0;0.0;0.0;0.0;7975.0;169.0;0.0;0.0;0.0;0.0;7973.5;8754.75
-1;10487.0;7971.0;185.0;0.0;0.0;0.0;0.0;7972.0;52.0;7974.0;185.0;0.0;0.0;7971.5;9233.75
-1;10488.0;7972.0;182.0;0.0;0.0;0.0;0.0;7974.0;78.0;7975.0;104.0;0.0;0.0;7973.0;8842.5
-1;10489.0;7972.0;147.0;0.0;0.0;0.0;0.0;7975.0;147.0;0.0;0.0;0.0;0.0;7973.5;8738.0
-1;10490.0;7972.0;193.0;0.0;0.0;0.0;0.0;7974.0;70.0;7975.0;123.0;0.0;0.0;7973.0;8840.75
-1;10491.0;7973.0;197.0;0.0;0.0;0.0;0.0;7975.0;77.0;7976.0;120.0;0.0;0.0;7974.0;8497.0
-1;10492.0;7973.0;171.0;0.0;0.0;0.0;0.0;7975.0;69.0;7976.0;102.0;0.0;0.0;7974.0;8448.75
-1;10493.0;7973.0;186.0;0.0;0.0;0.0;0.0;7975.0;76.0;7976.0;110.0;0.0;0.0;7974.0;8436.25
-1;10494.0;7973.0;164.0;0.0;0.0;0.0;0.0;7975.0;51.0;7976.0;113.0;0.0;0.0;7974.0;8500.5
-1;10495.0;7972.0;41.0;7971.0;140.0;0.0;0.0;7974.0;181.0;0.0;0.0;0.0;0.0;7973.0;8972.25
-1;10496.0;7971.0;197.0;0.0;0.0;0.0;0.0;7974.0;197.0;0.0;0.0;0.0;0.0;7972.5;9133.75
-1;10497.0;7970.0;162.0;0.0;0.0;0.0;0.0;7972.0;61.0;7973.0;101.0;0.0;0.0;7971.0;9680.75
-1;10498.0;7971.0;169.0;0.0;0.0;0.0;0.0;7973.0;65.0;7974.0;104.0;0.0;0.0;7972.0;9302.75
-1;10499.0;7972.0;56.0;7971.0;150.0;0.0;0.0;7974.0;150.0;0.0;0.0;0.0;0.0;7973.0;9045.25
-1;10500.0;7972.0;183.0;0.0;0.0;0.0;0.0;7975.0;183.0;0.0;0.0;0.0;0.0;7973.5;8697.5
-1;10501.0;7973.0;182.0;0.0;0.0;0.0;0.0;7976.0;182.0;0.0;0.0;0.0;0.0;7974.5;8234.25
-1;10502.0;7974.0;199.0;0.0;0.0;0.0;0.0;7976.0;76.0;7977.0;123.0;0.0;0.0;7975.0;8084.0
-1;10503.0;7973.0;196.0;0.0;0.0;0.0;0.0;7975.0;54.0;7976.0;142.0;0.0;0.0;7974.0;8478.75
-1;10504.0;7974.0;48.0;7973.0;129.0;0.0;0.0;7976.0;177.0;0.0;0.0;0.0;0.0;7975.0;8102.75
-1;10505.0;7974.0;181.0;0.0;0.0;0.0;0.0;7976.0;49.0;7977.0;132.0;0.0;0.0;7975.0;8010.5
-1;10506.0;7974.0;181.0;0.0;0.0;0.0;0.0;7977.0;181.0;0.0;0.0;0.0;0.0;7975.5;7889.5
-1;10507.0;7975.0;161.0;0.0;0.0;0.0;0.0;7978.0;161.0;0.0;0.0;0.0;0.0;7976.5;7390.0
-1;10508.0;7976.0;175.0;0.0;0.0;0.0;0.0;7979.0;175.0;0.0;0.0;0.0;0.0;7977.5;6995.75
-1;10509.0;7976.0;169.0;0.0;0.0;0.0;0.0;7979.0;169.0;0.0;0.0;0.0;0.0;7977.5;7009.0
-1;10510.0;7976.0;199.0;0.0;0.0;0.0;0.0;7978.0;73.0;7979.0;126.0;0.0;0.0;7977.0;7229.5
-1;10511.0;7976.0;48.0;7975.0;102.0;0.0;0.0;7978.0;150.0;0.0;0.0;0.0;0.0;7977.0;7318.75
-1;10512.0;7974.0;192.0;0.0;0.0;0.0;0.0;7975.0;76.0;7976.0;75.0;7977.0;117.0;7974.5;8110.5
-1;10513.0;7973.0;183.0;0.0;0.0;0.0;0.0;7976.0;183.0;0.0;0.0;0.0;0.0;7974.5;8407.5
-1;10514.0;7974.0;148.0;0.0;0.0;0.0;0.0;7976.0;40.0;7977.0;108.0;0.0;0.0;7975.0;8039.0
-1;10515.0;7973.0;173.0;0.0;0.0;0.0;0.0;7975.0;57.0;7976.0;116.0;0.0;0.0;7974.0;8499.5
-1;10516.0;7973.0;207.0;0.0;0.0;0.0;0.0;7975.0;69.0;7976.0;138.0;0.0;0.0;7974.0;8505.25
-1;10517.0;7973.0;213.0;0.0;0.0;0.0;0.0;7976.0;213.0;0.0;0.0;0.0;0.0;7974.5;8287.25
-1;10518.0;7974.0;74.0;7973.0;101.0;0.0;0.0;7976.0;175.0;0.0;0.0;0.0;0.0;7975.0;8137.0
-1;10519.0;7974.0;173.0;0.0;0.0;0.0;0.0;7977.0;173.0;0.0;0.0;0.0;0.0;7975.5;7946.25
-1;10520.0;7976.0;11.0;7974.0;215.0;0.0;0.0;7977.0;215.0;0.0;0.0;0.0;0.0;7976.5;7870.25
-1;10521.0;7975.0;196.0;0.0;0.0;0.0;0.0;7977.0;49.0;7978.0;147.0;0.0;0.0;7976.0;7619.25
-1;10522.0;7976.0;40.0;7975.0;118.0;0.0;0.0;7978.0;158.0;0.0;0.0;0.0;0.0;7977.0;7323.5
-1;10523.0;7975.0;230.0;0.0;0.0;0.0;0.0;7978.0;230.0;0.0;0.0;0.0;0.0;7976.5;7427.75
-1;10524.0;7976.0;208.0;0.0;0.0;0.0;0.0;7978.0;64.0;7979.0;144.0;0.0;0.0;7977.0;7230.0
-1;10525.0;7976.0;173.0;0.0;0.0;0.0;0.0;7979.0;173.0;0.0;0.0;0.0;0.0;7977.5;7160.25
-1;10526.0;7976.0;196.0;0.0;0.0;0.0;0.0;7979.0;196.0;0.0;0.0;0.0;0.0;7977.5;6953.0
-1;10527.0;7977.0;72.0;7976.0;110.0;0.0;0.0;7979.0;182.0;0.0;0.0;0.0;0.0;7978.0;6898.0
-1;10528.0;7977.0;182.0;0.0;0.0;0.0;0.0;7980.0;182.0;0.0;0.0;0.0;0.0;7978.5;6691.5
-1;10529.0;7977.0;207.0;0.0;0.0;0.0;0.0;7980.0;207.0;0.0;0.0;0.0;0.0;7978.5;6711.75
-1;10530.0;7977.0;41.0;7976.0;140.0;0.0;0.0;7979.0;181.0;0.0;0.0;0.0;0.0;7978.0;6941.5
-1;10531.0;7977.0;57.0;7976.0;125.0;0.0;0.0;7979.0;182.0;0.0;0.0;0.0;0.0;7978.0;6906.0
-1;10532.0;7976.0;222.0;0.0;0.0;0.0;0.0;7979.0;222.0;0.0;0.0;0.0;0.0;7977.5;7018.5
-1;10533.0;7977.0;191.0;0.0;0.0;0.0;0.0;7980.0;191.0;0.0;0.0;0.0;0.0;7978.5;6609.25
-1;10534.0;7977.0;151.0;0.0;0.0;0.0;0.0;7980.0;151.0;0.0;0.0;0.0;0.0;7978.5;6585.0
-1;10535.0;7979.0;179.0;0.0;0.0;0.0;0.0;7981.0;57.0;7982.0;122.0;0.0;0.0;7980.0;5943.0
-1;10536.0;7979.0;79.0;7978.0;103.0;0.0;0.0;7981.0;182.0;0.0;0.0;0.0;0.0;7980.0;6035.25
-1;10537.0;7980.0;187.0;0.0;0.0;0.0;0.0;7982.0;47.0;7983.0;140.0;0.0;0.0;7981.0;5581.25
-1;10538.0;7978.0;150.0;0.0;0.0;0.0;0.0;7981.0;150.0;0.0;0.0;0.0;0.0;7979.5;6237.5
-1;10539.0;7979.0;210.0;0.0;0.0;0.0;0.0;7981.0;72.0;7982.0;138.0;0.0;0.0;7980.0;5988.0
-1;10540.0;7979.0;201.0;0.0;0.0;0.0;0.0;7980.0;70.0;7982.0;201.0;0.0;0.0;7979.5;5893.0
-1;10541.0;7980.0;78.0;7979.0;178.0;0.0;0.0;7981.0;41.0;7982.0;137.0;0.0;0.0;7980.5;5966.0
-1;10542.0;7980.0;181.0;0.0;0.0;0.0;0.0;7982.0;67.0;7983.0;114.0;0.0;0.0;7981.0;5544.5
-1;10543.0;7979.0;175.0;0.0;0.0;0.0;0.0;7982.0;175.0;0.0;0.0;0.0;0.0;7980.5;5793.25
-1;10544.0;7981.0;62.0;7980.0;143.0;0.0;0.0;7983.0;205.0;0.0;0.0;0.0;0.0;7982.0;5215.5
-1;10545.0;7981.0;43.0;7980.0;124.0;0.0;0.0;7983.0;167.0;0.0;0.0;0.0;0.0;7982.0;5238.75
-1;10546.0;7981.0;53.0;7980.0;141.0;0.0;0.0;7983.0;194.0;0.0;0.0;0.0;0.0;7982.0;5230.5
-1;10547.0;7980.0;163.0;0.0;0.0;0.0;0.0;7982.0;50.0;7983.0;113.0;0.0;0.0;7981.0;5602.25
-1;10548.0;7980.0;186.0;0.0;0.0;0.0;0.0;7983.0;186.0;0.0;0.0;0.0;0.0;7981.5;5474.25
-1;10549.0;7980.0;73.0;7979.0;114.0;0.0;0.0;7982.0;187.0;0.0;0.0;0.0;0.0;7981.0;5631.5
-1;10550.0;7980.0;160.0;0.0;0.0;0.0;0.0;7982.0;50.0;7983.0;110.0;0.0;0.0;7981.0;5598.25
-1;10551.0;7980.0;41.0;7979.0;104.0;0.0;0.0;7982.0;145.0;0.0;0.0;0.0;0.0;7981.0;5620.5
-1;10552.0;7980.0;175.0;0.0;0.0;0.0;0.0;7982.0;58.0;7983.0;117.0;0.0;0.0;7981.0;5528.25
-1;10553.0;7979.0;158.0;0.0;0.0;0.0;0.0;7982.0;158.0;0.0;0.0;0.0;0.0;7980.5;5914.25
-1;10554.0;7979.0;70.0;7978.0;150.0;0.0;0.0;7981.0;220.0;0.0;0.0;0.0;0.0;7980.0;6106.75
-1;10555.0;7979.0;65.0;7978.0;115.0;0.0;0.0;7981.0;180.0;0.0;0.0;0.0;0.0;7980.0;6104.75
-1;10556.0;7979.0;53.0;7978.0;121.0;0.0;0.0;7981.0;174.0;0.0;0.0;0.0;0.0;7980.0;6048.75
-1;10557.0;7978.0;221.0;0.0;0.0;0.0;0.0;7981.0;221.0;0.0;0.0;0.0;0.0;7979.5;6239.75
-1;10558.0;7978.0;180.0;0.0;0.0;0.0;0.0;7980.0;63.0;7981.0;117.0;0.0;0.0;7979.0;6422.25
-1;10559.0;7978.0;59.0;7977.0;176.0;0.0;0.0;7980.0;176.0;0.0;0.0;0.0;0.0;7979.0;6621.25
-1;10560.0;7977.0;21.0;7976.0;106.0;0.0;0.0;7979.0;156.0;0.0;0.0;0.0;0.0;7978.0;6906.0
-1;10561.0;7977.0;198.0;0.0;0.0;0.0;0.0;7980.0;198.0;0.0;0.0;0.0;0.0;7978.5;6700.25
-1;10562.0;7978.0;206.0;0.0;0.0;0.0;0.0;7979.0;55.0;7981.0;206.0;0.0;0.0;7978.5;6233.5
-1;10563.0;7978.0;163.0;0.0;0.0;0.0;0.0;7980.0;49.0;7981.0;114.0;0.0;0.0;7979.0;6359.5
-1;10564.0;7978.0;80.0;7977.0;112.0;0.0;0.0;7980.0;192.0;0.0;0.0;0.0;0.0;7979.0;6412.75
-1;10565.0;7975.0;150.0;0.0;0.0;0.0;0.0;7978.0;150.0;0.0;0.0;0.0;0.0;7976.5;7397.25
-1;10566.0;7977.0;44.0;7976.0;111.0;0.0;0.0;7979.0;155.0;0.0;0.0;0.0;0.0;7978.0;6897.5
-1;10567.0;7977.0;213.0;0.0;0.0;0.0;0.0;7979.0;69.0;7980.0;144.0;0.0;0.0;7978.0;6747.0
-1;10568.0;7975.0;179.0;0.0;0.0;0.0;0.0;7978.0;179.0;0.0;0.0;0.0;0.0;7976.5;7593.75
-1;10569.0;7976.0;204.0;0.0;0.0;0.0;0.0;7979.0;204.0;0.0;0.0;0.0;0.0;7977.5;7047.75
-1;10570.0;7976.0;224.0;0.0;0.0;0.0;0.0;7979.0;224.0;0.0;0.0;0.0;0.0;7977.5;7002.0
-1;10571.0;7976.0;190.0;0.0;0.0;0.0;0.0;7979.0;190.0;0.0;0.0;0.0;0.0;7977.5;7049.0
-1;10572.0;7975.0;191.0;0.0;0.0;0.0;0.0;7977.0;53.0;7978.0;138.0;0.0;0.0;7976.0;7646.75
-1;10573.0;7975.0;56.0;7974.0;129.0;0.0;0.0;7977.0;185.0;0.0;0.0;0.0;0.0;7976.0;7743.0
-1;10574.0;7973.0;172.0;0.0;0.0;0.0;0.0;7975.0;67.0;7976.0;105.0;0.0;0.0;7974.0;8547.75
-1;10575.0;7973.0;192.0;0.0;0.0;0.0;0.0;7975.0;73.0;7976.0;119.0;0.0;0.0;7974.0;8620.0
-1;10576.0;7974.0;41.0;7973.0;128.0;0.0;0.0;7976.0;169.0;0.0;0.0;0.0;0.0;7975.0;8239.75
-1;10577.0;7974.0;69.0;7973.0;199.0;0.0;0.0;7976.0;199.0;0.0;0.0;0.0;0.0;7975.0;8411.0
-1;10578.0;7972.0;153.0;0.0;0.0;0.0;0.0;7974.0;77.0;7975.0;103.0;0.0;0.0;7973.0;9067.0
-1;10579.0;7972.0;205.0;0.0;0.0;0.0;0.0;7975.0;205.0;0.0;0.0;0.0;0.0;7973.5;8740.5
-1;10580.0;7971.0;185.0;0.0;0.0;0.0;0.0;7974.0;185.0;0.0;0.0;0.0;0.0;7972.5;9366.75
-1;10581.0;7971.0;210.0;0.0;0.0;0.0;0.0;7974.0;210.0;0.0;0.0;0.0;0.0;7972.5;9352.0
-1;10582.0;7971.0;181.0;0.0;0.0;0.0;0.0;7974.0;181.0;0.0;0.0;0.0;0.0;7972.5;9370.25
-1;10583.0;7972.0;194.0;0.0;0.0;0.0;0.0;7975.0;194.0;0.0;0.0;0.0;0.0;7973.5;8868.75
-1;10584.0;7972.0;194.0;0.0;0.0;0.0;0.0;7975.0;194.0;0.0;0.0;0.0;0.0;7973.5;8864.5
-1;10585.0;7972.0;157.0;0.0;0.0;0.0;0.0;7975.0;157.0;0.0;0.0;0.0;0.0;7973.5;8709.25
-1;10586.0;7971.0;203.0;0.0;0.0;0.0;0.0;7974.0;203.0;0.0;0.0;0.0;0.0;7972.5;9436.0
-1;10587.0;7971.0;170.0;0.0;0.0;0.0;0.0;7973.0;57.0;7974.0;113.0;0.0;0.0;7972.0;9486.25
-1;10588.0;7970.0;153.0;0.0;0.0;0.0;0.0;7973.0;153.0;0.0;0.0;0.0;0.0;7971.5;9676.5
-1;10589.0;7969.0;162.0;0.0;0.0;0.0;0.0;7972.0;162.0;0.0;0.0;0.0;0.0;7970.5;10409.0
-1;10590.0;7969.0;170.0;0.0;0.0;0.0;0.0;7972.0;170.0;0.0;0.0;0.0;0.0;7970.5;10302.5
-1;10591.0;7970.0;47.0;7969.0;140.0;0.0;0.0;7972.0;187.0;0.0;0.0;0.0;0.0;7971.0;10112.5
-1;10592.0;7968.0;187.0;0.0;0.0;0.0;0.0;7971.0;187.0;0.0;0.0;0.0;0.0;7969.5;10667.75
-1;10593.0;7967.0;181.0;0.0;0.0;0.0;0.0;7970.0;181.0;0.0;0.0;0.0;0.0;7968.5;11143.75
-1;10594.0;7967.0;195.0;0.0;0.0;0.0;0.0;7970.0;195.0;0.0;0.0;0.0;0.0;7968.5;11143.0
-1;10595.0;7967.0;195.0;0.0;0.0;0.0;0.0;7970.0;195.0;0.0;0.0;0.0;0.0;7968.5;11191.25
-1;10596.0;7968.0;198.0;0.0;0.0;0.0;0.0;7969.0;80.0;7970.0;63.0;7971.0;135.0;7968.5;10930.75
-1;10597.0;7966.0;174.0;0.0;0.0;0.0;0.0;7969.0;174.0;0.0;0.0;0.0;0.0;7967.5;11629.0
-1;10598.0;7966.0;47.0;7965.0;144.0;0.0;0.0;7968.0;191.0;0.0;0.0;0.0;0.0;7967.0;12074.75
-1;10599.0;7966.0;164.0;0.0;0.0;0.0;0.0;7968.0;64.0;7969.0;100.0;0.0;0.0;7967.0;11913.25
-1;10600.0;7964.0;193.0;0.0;0.0;0.0;0.0;7967.0;193.0;0.0;0.0;0.0;0.0;7965.5;12569.5
-1;10601.0;7963.0;216.0;0.0;0.0;0.0;0.0;7964.0;71.0;7966.0;216.0;0.0;0.0;7963.5;13304.0
-1;10602.0;7964.0;66.0;7963.0;195.0;0.0;0.0;7966.0;195.0;0.0;0.0;0.0;0.0;7965.0;13146.5
-1;10603.0;7963.0;172.0;0.0;0.0;0.0;0.0;7965.0;62.0;7966.0;110.0;0.0;0.0;7964.0;13385.5
-1;10604.0;7964.0;188.0;0.0;0.0;0.0;0.0;7967.0;188.0;0.0;0.0;0.0;0.0;7965.5;12801.0
-1;10605.0;7963.0;145.0;0.0;0.0;0.0;0.0;7966.0;145.0;0.0;0.0;0.0;0.0;7964.5;13093.0
-1;10606.0;7964.0;3.0;7963.0;119.0;0.0;0.0;7966.0;192.0;0.0;0.0;0.0;0.0;7965.0;12902.5
-1;10607.0;7964.0;47.0;7963.0;139.0;0.0;0.0;7966.0;186.0;0.0;0.0;0.0;0.0;7965.0;12899.5
-1;10608.0;7964.0;228.0;0.0;0.0;0.0;0.0;7966.0;78.0;7967.0;150.0;0.0;0.0;7965.0;12769.0
-1;10609.0;7964.0;153.0;0.0;0.0;0.0;0.0;7967.0;153.0;0.0;0.0;0.0;0.0;7965.5;12495.5
-1;10610.0;7965.0;166.0;0.0;0.0;0.0;0.0;7968.0;166.0;0.0;0.0;0.0;0.0;7966.5;12155.0
-1;10611.0;7964.0;177.0;0.0;0.0;0.0;0.0;7967.0;177.0;0.0;0.0;0.0;0.0;7965.5;12678.5
-1;10612.0;7964.0;184.0;0.0;0.0;0.0;0.0;7967.0;184.0;0.0;0.0;0.0;0.0;7965.5;12460.0
-1;10613.0;7963.0;184.0;0.0;0.0;0.0;0.0;7966.0;184.0;0.0;0.0;0.0;0.0;7964.5;13176.5
-1;10614.0;7962.0;188.0;0.0;0.0;0.0;0.0;7964.0;55.0;7965.0;133.0;0.0;0.0;7963.0;13910.0
-1;10615.0;7961.0;183.0;0.0;0.0;0.0;0.0;7964.0;183.0;0.0;0.0;0.0;0.0;7962.5;14210.0
-1;10616.0;7961.0;56.0;7960.0;108.0;0.0;0.0;7963.0;164.0;0.0;0.0;0.0;0.0;7962.0;14605.5
-1;10617.0;7962.0;61.0;7961.0;188.0;0.0;0.0;7964.0;188.0;0.0;0.0;0.0;0.0;7963.0;14112.5
-1;10618.0;7962.0;184.0;0.0;0.0;0.0;0.0;7965.0;184.0;0.0;0.0;0.0;0.0;7963.5;13685.0
-1;10619.0;7961.0;218.0;0.0;0.0;0.0;0.0;7964.0;218.0;0.0;0.0;0.0;0.0;7962.5;14115.5
-1;10620.0;7960.0;164.0;0.0;0.0;0.0;0.0;7963.0;164.0;0.0;0.0;0.0;0.0;7961.5;14727.5
-1;10621.0;7960.0;185.0;0.0;0.0;0.0;0.0;7962.0;43.0;7963.0;142.0;0.0;0.0;7961.0;15039.0
-1;10622.0;7961.0;73.0;7960.0;202.0;0.0;0.0;7962.0;63.0;7963.0;139.0;0.0;0.0;7961.5;15058.5
-1;10623.0;7960.0;72.0;7959.0;141.0;0.0;0.0;7962.0;213.0;0.0;0.0;0.0;0.0;7961.0;15144.0
-1;10624.0;7959.0;190.0;0.0;0.0;0.0;0.0;7962.0;190.0;0.0;0.0;0.0;0.0;7960.5;15294.5
-1;10625.0;7959.0;196.0;0.0;0.0;0.0;0.0;7962.0;196.0;0.0;0.0;0.0;0.0;7960.5;15485.5
-1;10626.0;7958.0;214.0;0.0;0.0;0.0;0.0;7959.0;62.0;7961.0;214.0;0.0;0.0;7958.5;15842.0
-1;10627.0;7958.0;80.0;7957.0;116.0;0.0;0.0;7960.0;196.0;0.0;0.0;0.0;0.0;7959.0;16259.0
-1;10628.0;7958.0;196.0;0.0;0.0;0.0;0.0;7961.0;196.0;0.0;0.0;0.0;0.0;7959.5;15875.0
-1;10629.0;7958.0;159.0;0.0;0.0;0.0;0.0;7961.0;159.0;0.0;0.0;0.0;0.0;7959.5;15879.5
-1;10630.0;7957.0;212.0;0.0;0.0;0.0;0.0;7960.0;212.0;0.0;0.0;0.0;0.0;7958.5;16454.5
-1;10631.0;7958.0;209.0;0.0;0.0;0.0;0.0;7961.0;209.0;0.0;0.0;0.0;0.0;7959.5;16076.0
-1;10632.0;7958.0;175.0;0.0;0.0;0.0;0.0;7960.0;67.0;7961.0;108.0;0.0;0.0;7959.0;16144.0
-1;10633.0;7956.0;185.0;0.0;0.0;0.0;0.0;7959.0;185.0;0.0;0.0;0.0;0.0;7957.5;17108.5
-1;10634.0;7956.0;171.0;0.0;0.0;0.0;0.0;7958.0;63.0;7959.0;108.0;0.0;0.0;7957.0;17268.0
-1;10635.0;7956.0;172.0;0.0;0.0;0.0;0.0;7957.0;80.0;7959.0;172.0;0.0;0.0;7956.5;16881.0
-1;10636.0;7957.0;78.0;7956.0;138.0;0.0;0.0;7959.0;216.0;0.0;0.0;0.0;0.0;7958.0;16830.0
-1;10637.0;7956.0;178.0;0.0;0.0;0.0;0.0;7959.0;178.0;0.0;0.0;0.0;0.0;7957.5;17180.0
-1;10638.0;7955.0;188.0;0.0;0.0;0.0;0.0;7958.0;188.0;0.0;0.0;0.0;0.0;7956.5;17534.0
-1;10639.0;7954.0;182.0;0.0;0.0;0.0;0.0;7957.0;182.0;0.0;0.0;0.0;0.0;7955.5;18094.5
-1;10640.0;7955.0;197.0;0.0;0.0;0.0;0.0;7958.0;197.0;0.0;0.0;0.0;0.0;7956.5;17492.0
-1;10641.0;7956.0;40.0;7955.0;148.0;0.0;0.0;7958.0;188.0;0.0;0.0;0.0;0.0;7957.0;17312.5
-1;10642.0;7956.0;149.0;0.0;0.0;0.0;0.0;7959.0;149.0;0.0;0.0;0.0;0.0;7957.5;17113.0
-1;10643.0;7957.0;181.0;0.0;0.0;0.0;0.0;7959.0;79.0;7960.0;102.0;0.0;0.0;7958.0;16686.5
-1;10644.0;7956.0;184.0;0.0;0.0;0.0;0.0;7959.0;184.0;0.0;0.0;0.0;0.0;7957.5;17074.5
-1;10645.0;7955.0;206.0;0.0;0.0;0.0;0.0;7958.0;206.0;0.0;0.0;0.0;0.0;7956.5;17724.0
-1;10646.0;7954.0;189.0;0.0;0.0;0.0;0.0;7957.0;189.0;0.0;0.0;0.0;0.0;7955.5;18094.0
-1;10647.0;7954.0;148.0;0.0;0.0;0.0;0.0;7957.0;148.0;0.0;0.0;0.0;0.0;7955.5;18062.5
-1;10648.0;7954.0;164.0;0.0;0.0;0.0;0.0;7956.0;64.0;7957.0;100.0;0.0;0.0;7955.0;18389.0
-1;10649.0;7954.0;190.0;0.0;0.0;0.0;0.0;7957.0;190.0;0.0;0.0;0.0;0.0;7955.5;18229.0
-1;10650.0;7954.0;46.0;7953.0;150.0;0.0;0.0;7956.0;196.0;0.0;0.0;0.0;0.0;7955.0;18511.0
-1;10651.0;7953.0;199.0;0.0;0.0;0.0;0.0;7956.0;199.0;0.0;0.0;0.0;0.0;7954.5;18641.5
-1;10652.0;7954.0;176.0;0.0;0.0;0.0;0.0;7957.0;176.0;0.0;0.0;0.0;0.0;7955.5;18164.0
-1;10653.0;7954.0;194.0;0.0;0.0;0.0;0.0;7957.0;194.0;0.0;0.0;0.0;0.0;7955.5;18291.0
-1;10654.0;7955.0;49.0;7954.0;186.0;0.0;0.0;7957.0;186.0;0.0;0.0;0.0;0.0;7956.0;18172.5
-1;10655.0;7955.0;40.0;7954.0;112.0;0.0;0.0;7957.0;152.0;0.0;0.0;0.0;0.0;7956.0;17905.5
-1;10656.0;7954.0;175.0;0.0;0.0;0.0;0.0;7956.0;64.0;7957.0;111.0;0.0;0.0;7955.0;18302.5
-1;10657.0;7953.0;156.0;0.0;0.0;0.0;0.0;7956.0;156.0;0.0;0.0;0.0;0.0;7954.5;18668.0
-1;10658.0;7953.0;155.0;0.0;0.0;0.0;0.0;7956.0;155.0;0.0;0.0;0.0;0.0;7954.5;18531.5
-1;10659.0;7955.0;153.0;0.0;0.0;0.0;0.0;7958.0;153.0;0.0;0.0;0.0;0.0;7956.5;17438.0
-1;10660.0;7954.0;182.0;0.0;0.0;0.0;0.0;7957.0;182.0;0.0;0.0;0.0;0.0;7955.5;18280.0
-1;10661.0;7954.0;220.0;0.0;0.0;0.0;0.0;7956.0;70.0;7957.0;150.0;0.0;0.0;7955.0;18401.0
-1;10662.0;7954.0;154.0;0.0;0.0;0.0;0.0;7957.0;154.0;0.0;0.0;0.0;0.0;7955.5;18223.0
-1;10663.0;7955.0;72.0;7954.0;145.0;0.0;0.0;7957.0;217.0;0.0;0.0;0.0;0.0;7956.0;17912.5
-1;10664.0;7955.0;210.0;0.0;0.0;0.0;0.0;7958.0;210.0;0.0;0.0;0.0;0.0;7956.5;17474.5
-1;10665.0;7955.0;211.0;0.0;0.0;0.0;0.0;7958.0;211.0;0.0;0.0;0.0;0.0;7956.5;17450.5
-1;10666.0;7957.0;189.0;0.0;0.0;0.0;0.0;7958.0;49.0;7959.0;47.0;7960.0;142.0;7957.5;16661.5
-1;10667.0;7956.0;188.0;0.0;0.0;0.0;0.0;7959.0;188.0;0.0;0.0;0.0;0.0;7957.5;17030.5
-1;10668.0;7956.0;202.0;0.0;0.0;0.0;0.0;7959.0;202.0;0.0;0.0;0.0;0.0;7957.5;17182.0
-1;10669.0;7955.0;202.0;0.0;0.0;0.0;0.0;7958.0;202.0;0.0;0.0;0.0;0.0;7956.5;17733.5
-1;10670.0;7954.0;173.0;0.0;0.0;0.0;0.0;7957.0;173.0;0.0;0.0;0.0;0.0;7955.5;18144.0
-1;10671.0;7955.0;183.0;0.0;0.0;0.0;0.0;7957.0;55.0;7958.0;128.0;0.0;0.0;7956.0;17810.0
-1;10672.0;7956.0;153.0;0.0;0.0;0.0;0.0;7959.0;153.0;0.0;0.0;0.0;0.0;7957.5;16936.5
-1;10673.0;7956.0;144.0;0.0;0.0;0.0;0.0;7958.0;42.0;7959.0;102.0;0.0;0.0;7957.0;17265.5
-1;10674.0;7956.0;183.0;0.0;0.0;0.0;0.0;7959.0;183.0;0.0;0.0;0.0;0.0;7957.5;16976.5
-1;10675.0;7957.0;62.0;7956.0;131.0;0.0;0.0;7959.0;193.0;0.0;0.0;0.0;0.0;7958.0;16811.0
-1;10676.0;7956.0;110.0;0.0;0.0;0.0;0.0;7957.0;21.0;7959.0;166.0;0.0;0.0;7956.5;16811.5
-1;10677.0;7956.0;166.0;0.0;0.0;0.0;0.0;7959.0;166.0;0.0;0.0;0.0;0.0;7957.5;16879.5
-1;10678.0;7958.0;41.0;7957.0;143.0;0.0;0.0;7960.0;184.0;0.0;0.0;0.0;0.0;7959.0;16093.5
-1;10679.0;7958.0;190.0;0.0;0.0;0.0;0.0;7961.0;190.0;0.0;0.0;0.0;0.0;7959.5;15726.5
-1;10680.0;7959.0;173.0;0.0;0.0;0.0;0.0;7962.0;173.0;0.0;0.0;0.0;0.0;7960.5;15227.5
-1;10681.0;7960.0;207.0;0.0;0.0;0.0;0.0;7962.0;207.0;0.0;0.0;0.0;0.0;7961.0;14782.5
-1;10682.0;7960.0;180.0;0.0;0.0;0.0;0.0;7963.0;180.0;0.0;0.0;0.0;0.0;7961.5;14531.5
-1;10683.0;7960.0;62.0;7959.0;140.0;0.0;0.0;7962.0;202.0;0.0;0.0;0.0;0.0;7961.0;14805.0
-1;10684.0;7960.0;172.0;0.0;0.0;0.0;0.0;7962.0;59.0;7963.0;113.0;0.0;0.0;7961.0;14707.0
-1;10685.0;7960.0;211.0;0.0;0.0;0.0;0.0;7963.0;211.0;0.0;0.0;0.0;0.0;7961.5;14360.0
-1;10686.0;7963.0;64.0;7962.0;102.0;0.0;0.0;7965.0;166.0;0.0;0.0;0.0;0.0;7964.0;12917.5
-1;10687.0;7963.0;200.0;0.0;0.0;0.0;0.0;7966.0;200.0;0.0;0.0;0.0;0.0;7964.5;12657.5
-1;10688.0;7962.0;206.0;0.0;0.0;0.0;0.0;7963.0;69.0;7965.0;206.0;0.0;0.0;7962.5;13051.5
-1;10689.0;7963.0;159.0;0.0;0.0;0.0;0.0;7966.0;159.0;0.0;0.0;0.0;0.0;7964.5;12726.0
-1;10690.0;7964.0;165.0;0.0;0.0;0.0;0.0;7967.0;165.0;0.0;0.0;0.0;0.0;7965.5;12046.5
-1;10691.0;7964.0;66.0;7963.0;127.0;0.0;0.0;7966.0;193.0;0.0;0.0;0.0;0.0;7965.0;12266.5
-1;10692.0;7963.0;197.0;0.0;0.0;0.0;0.0;7965.0;197.0;0.0;0.0;0.0;0.0;7964.0;12890.0
-1;10693.0;7964.0;70.0;7963.0;111.0;0.0;0.0;7966.0;181.0;0.0;0.0;0.0;0.0;7965.0;12275.0
-1;10694.0;7962.0;191.0;0.0;0.0;0.0;0.0;7965.0;191.0;0.0;0.0;0.0;0.0;7963.5;13063.5
-1;10695.0;7962.0;44.0;7961.0;125.0;0.0;0.0;7964.0;169.0;0.0;0.0;0.0;0.0;7963.0;13558.0
-1;10696.0;7962.0;179.0;0.0;0.0;0.0;0.0;7964.0;47.0;7965.0;132.0;0.0;0.0;7963.0;13514.5
-1;10697.0;7963.0;157.0;0.0;0.0;0.0;0.0;7966.0;157.0;0.0;0.0;0.0;0.0;7964.5;12609.0
-1;10698.0;7963.0;218.0;0.0;0.0;0.0;0.0;7965.0;75.0;7966.0;143.0;0.0;0.0;7964.0;12774.0
-1;10699.0;7963.0;74.0;7962.0;124.0;0.0;0.0;7965.0;198.0;0.0;0.0;0.0;0.0;7964.0;12969.0
-1;10700.0;7962.0;188.0;0.0;0.0;0.0;0.0;7965.0;188.0;0.0;0.0;0.0;0.0;7963.5;13213.5
-1;10701.0;7962.0;177.0;0.0;0.0;0.0;0.0;7965.0;177.0;0.0;0.0;0.0;0.0;7963.5;13293.0
-1;10702.0;7963.0;78.0;7962.0;181.0;0.0;0.0;7965.0;181.0;0.0;0.0;0.0;0.0;7964.0;13228.0
-1;10703.0;7961.0;196.0;0.0;0.0;0.0;0.0;7964.0;196.0;0.0;0.0;0.0;0.0;7962.5;13993.0
-1;10704.0;7960.0;168.0;0.0;0.0;0.0;0.0;7963.0;168.0;0.0;0.0;0.0;0.0;7961.5;14489.5
-1;10705.0;7961.0;187.0;0.0;0.0;0.0;0.0;7963.0;64.0;7964.0;123.0;0.0;0.0;7962.0;14101.0
-1;10706.0;7961.0;205.0;0.0;0.0;0.0;0.0;7963.0;69.0;7964.0;136.0;0.0;0.0;7962.0;14047.5
-1;10707.0;7962.0;188.0;0.0;0.0;0.0;0.0;7965.0;188.0;0.0;0.0;0.0;0.0;7963.5;13390.5
-1;10708.0;7962.0;173.0;0.0;0.0;0.0;0.0;7965.0;173.0;0.0;0.0;0.0;0.0;7963.5;13041.0
-1;10709.0;7963.0;54.0;7962.0;108.0;0.0;0.0;7965.0;162.0;0.0;0.0;0.0;0.0;7964.0;13002.0
-1;10710.0;7962.0;215.0;0.0;0.0;0.0;0.0;7965.0;215.0;0.0;0.0;0.0;0.0;7963.5;13097.5
-1;10711.0;7962.0;150.0;0.0;0.0;0.0;0.0;7965.0;150.0;0.0;0.0;0.0;0.0;7963.5;13181.0
-1;10712.0;7963.0;191.0;0.0;0.0;0.0;0.0;7964.0;58.0;7965.0;59.0;7966.0;132.0;7963.5;12867.5
-1;10713.0;7963.0;201.0;0.0;0.0;0.0;0.0;7966.0;214.0;0.0;0.0;0.0;0.0;7964.5;12697.5
-1;10714.0;7963.0;76.0;7962.0;116.0;0.0;0.0;7965.0;192.0;0.0;0.0;0.0;0.0;7964.0;12890.5
-1;10715.0;7964.0;52.0;7963.0;135.0;0.0;0.0;7966.0;187.0;0.0;0.0;0.0;0.0;7965.0;12258.0
-1;10716.0;7963.0;171.0;0.0;0.0;0.0;0.0;7966.0;171.0;0.0;0.0;0.0;0.0;7964.5;12378.0
-1;10717.0;7964.0;191.0;0.0;0.0;0.0;0.0;7967.0;191.0;0.0;0.0;0.0;0.0;7965.5;12033.5
-1;10718.0;7964.0;191.0;0.0;0.0;0.0;0.0;7965.0;43.0;7966.0;191.0;0.0;0.0;7964.5;12215.0
-1;10719.0;7965.0;57.0;7964.0;119.0;0.0;0.0;7967.0;176.0;0.0;0.0;0.0;0.0;7966.0;11622.0
-1;10720.0;7964.0;226.0;0.0;0.0;0.0;0.0;7967.0;226.0;0.0;0.0;0.0;0.0;7965.5;11766.0
-1;10721.0;7965.0;49.0;7964.0;147.0;0.0;0.0;7967.0;196.0;0.0;0.0;0.0;0.0;7966.0;11692.0
-1;10722.0;7964.0;169.0;0.0;0.0;0.0;0.0;7967.0;169.0;0.0;0.0;0.0;0.0;7965.5;11913.0
-1;10723.0;7962.0;148.0;0.0;0.0;0.0;0.0;7965.0;148.0;0.0;0.0;0.0;0.0;7963.5;13075.5
-1;10724.0;7964.0;11.0;7963.0;210.0;0.0;0.0;7965.0;62.0;7966.0;148.0;0.0;0.0;7964.5;12739.5
-1;10725.0;7962.0;187.0;0.0;0.0;0.0;0.0;7965.0;187.0;0.0;0.0;0.0;0.0;7963.5;13374.0
-1;10726.0;7963.0;156.0;0.0;0.0;0.0;0.0;7965.0;40.0;7966.0;116.0;0.0;0.0;7964.0;12757.0
-1;10727.0;7963.0;216.0;0.0;0.0;0.0;0.0;7966.0;216.0;0.0;0.0;0.0;0.0;7964.5;12676.5
-1;10728.0;7964.0;178.0;0.0;0.0;0.0;0.0;7966.0;63.0;7967.0;115.0;0.0;0.0;7965.0;12195.0
-1;10729.0;7964.0;191.0;0.0;0.0;0.0;0.0;7967.0;191.0;0.0;0.0;0.0;0.0;7965.5;11699.5
-1;10730.0;7965.0;45.0;7964.0;143.0;0.0;0.0;7967.0;188.0;0.0;0.0;0.0;0.0;7966.0;11665.0
-1;10731.0;7964.0;172.0;0.0;0.0;0.0;0.0;7967.0;172.0;0.0;0.0;0.0;0.0;7965.5;11965.5
-1;10732.0;7964.0;178.0;0.0;0.0;0.0;0.0;7966.0;72.0;7967.0;106.0;0.0;0.0;7965.0;12108.0
-1;10733.0;7964.0;60.0;7963.0;100.0;0.0;0.0;7966.0;160.0;0.0;0.0;0.0;0.0;7965.0;12274.5
-1;10734.0;7964.0;201.0;0.0;0.0;0.0;0.0;7966.0;71.0;7967.0;130.0;0.0;0.0;7965.0;12092.5
-1;10735.0;7964.0;68.0;7963.0;149.0;0.0;0.0;7966.0;217.0;0.0;0.0;0.0;0.0;7965.0;12293.5
-1;10736.0;7965.0;79.0;7964.0;129.0;0.0;0.0;7967.0;208.0;0.0;0.0;0.0;0.0;7966.0;11593.0
-1;10737.0;7965.0;204.0;0.0;0.0;0.0;0.0;7967.0;66.0;7968.0;138.0;0.0;0.0;7966.0;11448.0
-1;10738.0;7965.0;189.0;0.0;0.0;0.0;0.0;7967.0;51.0;7968.0;138.0;0.0;0.0;7966.0;11462.5
-1;10739.0;7966.0;191.0;0.0;0.0;0.0;0.0;7967.0;48.0;7969.0;191.0;0.0;0.0;7966.5;10759.0
-1;10740.0;7967.0;49.0;7966.0;128.0;0.0;0.0;7969.0;177.0;0.0;0.0;0.0;0.0;7968.0;10266.5
-1;10741.0;7967.0;44.0;7966.0;136.0;0.0;0.0;7969.0;180.0;0.0;0.0;0.0;0.0;7968.0;10240.5
-1;10742.0;7966.0;163.0;0.0;0.0;0.0;0.0;7969.0;163.0;0.0;0.0;0.0;0.0;7967.5;10404.0
-1;10743.0;7966.0;219.0;0.0;0.0;0.0;0.0;7969.0;219.0;0.0;0.0;0.0;0.0;7967.5;10370.0
-1;10744.0;7967.0;205.0;0.0;0.0;0.0;0.0;7970.0;205.0;0.0;0.0;0.0;0.0;7968.5;9960.0
-1;10745.0;7968.0;56.0;7967.0;149.0;0.0;0.0;7970.0;205.0;0.0;0.0;0.0;0.0;7969.0;9578.0
-1;10746.0;7968.0;212.0;0.0;0.0;0.0;0.0;7971.0;212.0;0.0;0.0;0.0;0.0;7969.5;9136.5
-1;10747.0;7970.0;55.0;7969.0;132.0;0.0;0.0;7972.0;187.0;0.0;0.0;0.0;0.0;7971.0;8285.0
-1;10748.0;7971.0;77.0;7970.0;149.0;0.0;0.0;7973.0;226.0;0.0;0.0;0.0;0.0;7972.0;7653.5
-1;10749.0;7970.0;73.0;7969.0;156.0;0.0;0.0;7971.0;49.0;7972.0;107.0;0.0;0.0;7970.5;8830.0
-1;10750.0;7970.0;178.0;0.0;0.0;0.0;0.0;7972.0;49.0;7973.0;129.0;0.0;0.0;7971.0;8157.0
-1;10751.0;7970.0;200.0;0.0;0.0;0.0;0.0;7972.0;60.0;7973.0;140.0;0.0;0.0;7971.0;8143.0
-1;10752.0;7970.0;213.0;0.0;0.0;0.0;0.0;7973.0;213.0;0.0;0.0;0.0;0.0;7971.5;7841.0
-1;10753.0;7970.0;49.0;7969.0;133.0;0.0;0.0;7972.0;182.0;0.0;0.0;0.0;0.0;7971.0;8364.0
-1;10754.0;7971.0;192.0;0.0;0.0;0.0;0.0;7973.0;67.0;7974.0;125.0;0.0;0.0;7972.0;7546.0
-1;10755.0;7969.0;49.0;7968.0;106.0;0.0;0.0;7971.0;155.0;0.0;0.0;0.0;0.0;7970.0;9008.0
-1;10756.0;7968.0;193.0;0.0;0.0;0.0;0.0;7971.0;193.0;0.0;0.0;0.0;0.0;7969.5;9371.0
-1;10757.0;7968.0;207.0;0.0;0.0;0.0;0.0;7970.0;69.0;7971.0;138.0;0.0;0.0;7969.0;9562.5
-1;10758.0;7968.0;178.0;0.0;0.0;0.0;0.0;7970.0;55.0;7971.0;123.0;0.0;0.0;7969.0;9530.0
-1;10759.0;7966.0;180.0;0.0;0.0;0.0;0.0;7969.0;180.0;0.0;0.0;0.0;0.0;7967.5;10565.0
-1;10760.0;7966.0;179.0;0.0;0.0;0.0;0.0;7969.0;179.0;0.0;0.0;0.0;0.0;7967.5;10411.5
-1;10761.0;7967.0;220.0;0.0;0.0;0.0;0.0;7970.0;220.0;0.0;0.0;0.0;0.0;7968.5;10120.0
-1;10762.0;7967.0;186.0;0.0;0.0;0.0;0.0;7970.0;186.0;0.0;0.0;0.0;0.0;7968.5;9917.5
-1;10763.0;7965.0;202.0;0.0;0.0;0.0;0.0;7968.0;202.0;0.0;0.0;0.0;0.0;7966.5;11454.5
-1;10764.0;7965.0;49.0;7964.0;120.0;0.0;0.0;7967.0;169.0;0.0;0.0;0.0;0.0;7966.0;11732.0
-1;10765.0;7965.0;47.0;7964.0;113.0;0.0;0.0;7967.0;160.0;0.0;0.0;0.0;0.0;7966.0;11642.0
-1;10766.0;7966.0;48.0;7965.0;218.0;0.0;0.0;7968.0;218.0;0.0;0.0;0.0;0.0;7967.0;11195.5
-1;10767.0;7965.0;221.0;0.0;0.0;0.0;0.0;7968.0;221.0;0.0;0.0;0.0;0.0;7966.5;11077.0
-1;10768.0;7967.0;166.0;0.0;0.0;0.0;0.0;7969.0;49.0;7970.0;117.0;0.0;0.0;7968.0;10260.5
-1;10769.0;7967.0;62.0;7966.0;150.0;0.0;0.0;7969.0;212.0;0.0;0.0;0.0;0.0;7968.0;10331.5
-1;10770.0;7966.0;170.0;0.0;0.0;0.0;0.0;7968.0;40.0;7969.0;130.0;0.0;0.0;7967.0;10922.5
-1;10771.0;7966.0;154.0;0.0;0.0;0.0;0.0;7969.0;154.0;0.0;0.0;0.0;0.0;7967.5;10793.0
-1;10772.0;7966.0;72.0;7965.0;136.0;0.0;0.0;7968.0;208.0;0.0;0.0;0.0;0.0;7967.0;11031.5
-1;10773.0;7966.0;158.0;0.0;0.0;0.0;0.0;7967.0;56.0;7969.0;158.0;0.0;0.0;7966.5;10657.5
-1;10774.0;7965.0;191.0;0.0;0.0;0.0;0.0;7968.0;191.0;0.0;0.0;0.0;0.0;7966.5;11223.5
-1;10775.0;7965.0;158.0;0.0;0.0;0.0;0.0;7967.0;56.0;7968.0;102.0;0.0;0.0;7966.0;11602.0
-1;10776.0;7964.0;208.0;0.0;0.0;0.0;0.0;7967.0;208.0;0.0;0.0;0.0;0.0;7965.5;12123.5
-1;10777.0;7964.0;169.0;0.0;0.0;0.0;0.0;7966.0;63.0;7967.0;106.0;0.0;0.0;7965.0;12276.5
-1;10778.0;7963.0;44.0;7962.0;114.0;0.0;0.0;7965.0;158.0;0.0;0.0;0.0;0.0;7964.0;12991.5
-1;10779.0;7964.0;1.0;7963.0;109.0;0.0;0.0;7966.0;168.0;0.0;0.0;0.0;0.0;7965.0;12273.0
-1;10780.0;7964.0;80.0;7963.0;108.0;0.0;0.0;7966.0;188.0;0.0;0.0;0.0;0.0;7965.0;12275.0
-1;10781.0;7964.0;54.0;7963.0;194.0;0.0;0.0;7966.0;194.0;0.0;0.0;0.0;0.0;7965.0;12778.0
-1;10782.0;7963.0;54.0;7962.0;107.0;0.0;0.0;7965.0;161.0;0.0;0.0;0.0;0.0;7964.0;12980.5
-1;10783.0;7963.0;55.0;7962.0;139.0;0.0;0.0;7965.0;194.0;0.0;0.0;0.0;0.0;7964.0;13025.5
-1;10784.0;7964.0;202.0;0.0;0.0;0.0;0.0;7967.0;202.0;0.0;0.0;0.0;0.0;7965.5;11839.5
-1;10785.0;7965.0;69.0;7964.0;146.0;0.0;0.0;7967.0;215.0;0.0;0.0;0.0;0.0;7966.0;11564.0
-1;10786.0;7964.0;209.0;0.0;0.0;0.0;0.0;7967.0;209.0;0.0;0.0;0.0;0.0;7965.5;11667.0
-1;10787.0;7963.0;160.0;0.0;0.0;0.0;0.0;7966.0;160.0;0.0;0.0;0.0;0.0;7964.5;12701.5
-1;10788.0;7963.0;198.0;0.0;0.0;0.0;0.0;7966.0;198.0;0.0;0.0;0.0;0.0;7964.5;12772.0
-1;10789.0;7963.0;181.0;0.0;0.0;0.0;0.0;7966.0;181.0;0.0;0.0;0.0;0.0;7964.5;12744.0
-1;10790.0;7964.0;212.0;0.0;0.0;0.0;0.0;7966.0;80.0;7967.0;132.0;0.0;0.0;7965.0;12211.5
-1;10791.0;7963.0;165.0;0.0;0.0;0.0;0.0;7965.0;40.0;7966.0;125.0;0.0;0.0;7964.0;12812.5
-1;10792.0;7963.0;197.0;0.0;0.0;0.0;0.0;7965.0;55.0;7966.0;142.0;0.0;0.0;7964.0;12899.0
-1;10793.0;7962.0;185.0;0.0;0.0;0.0;0.0;7965.0;185.0;0.0;0.0;0.0;0.0;7963.5;13214.0
-1;10794.0;7962.0;143.0;0.0;0.0;0.0;0.0;7965.0;143.0;0.0;0.0;0.0;0.0;7963.5;13293.0
-1;10795.0;7962.0;189.0;0.0;0.0;0.0;0.0;7965.0;189.0;0.0;0.0;0.0;0.0;7963.5;13103.0
-1;10796.0;7962.0;178.0;0.0;0.0;0.0;0.0;7964.0;58.0;7965.0;120.0;0.0;0.0;7963.0;13532.5
-1;10797.0;7962.0;167.0;0.0;0.0;0.0;0.0;7964.0;58.0;7965.0;109.0;0.0;0.0;7963.0;13644.5
-1;10798.0;7961.0;222.0;0.0;0.0;0.0;0.0;7964.0;222.0;0.0;0.0;0.0;0.0;7962.5;14220.0
-1;10799.0;7960.0;180.0;0.0;0.0;0.0;0.0;7963.0;180.0;0.0;0.0;0.0;0.0;7961.5;14852.0
-1;10800.0;7961.0;181.0;0.0;0.0;0.0;0.0;7964.0;200.0;0.0;0.0;0.0;0.0;7962.5;14230.0
-1;10801.0;7963.0;182.0;0.0;0.0;0.0;0.0;7966.0;182.0;0.0;0.0;0.0;0.0;7964.5;12711.5
-1;10802.0;7964.0;174.0;0.0;0.0;0.0;0.0;7967.0;174.0;0.0;0.0;0.0;0.0;7965.5;11988.5
-1;10803.0;7963.0;186.0;0.0;0.0;0.0;0.0;7964.0;68.0;7965.0;57.0;7966.0;129.0;7963.5;12749.0
-1;10804.0;7964.0;201.0;0.0;0.0;0.0;0.0;7966.0;76.0;7967.0;125.0;0.0;0.0;7965.0;12066.0
-1;10805.0;7964.0;195.0;0.0;0.0;0.0;0.0;7966.0;74.0;7967.0;121.0;0.0;0.0;7965.0;12029.0
-1;10806.0;7964.0;203.0;0.0;0.0;0.0;0.0;7966.0;73.0;7967.0;130.0;0.0;0.0;7965.0;12067.0
-1;10807.0;7964.0;220.0;0.0;0.0;0.0;0.0;7967.0;220.0;0.0;0.0;0.0;0.0;7965.5;11610.0
-1;10808.0;7965.0;201.0;0.0;0.0;0.0;0.0;7968.0;201.0;0.0;0.0;0.0;0.0;7966.5;11211.0
-1;10809.0;7965.0;197.0;0.0;0.0;0.0;0.0;7967.0;54.0;7968.0;143.0;0.0;0.0;7966.0;11334.5
-1;10810.0;7966.0;44.0;7965.0;125.0;0.0;0.0;7968.0;169.0;0.0;0.0;0.0;0.0;7967.0;10698.5
-1;10811.0;7966.0;76.0;7965.0;116.0;0.0;0.0;7968.0;192.0;0.0;0.0;0.0;0.0;7967.0;10784.0
-1;10812.0;7966.0;163.0;0.0;0.0;0.0;0.0;7969.0;163.0;0.0;0.0;0.0;0.0;7967.5;10184.5
-1;10813.0;7967.0;199.0;0.0;0.0;0.0;0.0;7970.0;199.0;0.0;0.0;0.0;0.0;7968.5;9445.0
-1;10814.0;7965.0;185.0;0.0;0.0;0.0;0.0;7968.0;185.0;0.0;0.0;0.0;0.0;7966.5;11174.0
-1;10815.0;7966.0;49.0;7965.0;143.0;0.0;0.0;7968.0;192.0;0.0;0.0;0.0;0.0;7967.0;10774.5
-1;10816.0;7966.0;183.0;0.0;0.0;0.0;0.0;7969.0;183.0;0.0;0.0;0.0;0.0;7967.5;10070.0
-1;10817.0;7966.0;156.0;0.0;0.0;0.0;0.0;7969.0;156.0;0.0;0.0;0.0;0.0;7967.5;10092.0
-1;10818.0;7966.0;172.0;0.0;0.0;0.0;0.0;7969.0;172.0;0.0;0.0;0.0;0.0;7967.5;10175.0
-1;10819.0;7966.0;186.0;0.0;0.0;0.0;0.0;7969.0;186.0;0.0;0.0;0.0;0.0;7967.5;10317.5
-1;10820.0;7966.0;222.0;0.0;0.0;0.0;0.0;7969.0;222.0;0.0;0.0;0.0;0.0;7967.5;10297.5
-1;10821.0;7967.0;209.0;0.0;0.0;0.0;0.0;7969.0;67.0;7970.0;142.0;0.0;0.0;7968.0;9873.5
-1;10822.0;7966.0;170.0;0.0;0.0;0.0;0.0;7968.0;53.0;7969.0;117.0;0.0;0.0;7967.0;10603.5
-1;10823.0;7967.0;53.0;7966.0;123.0;0.0;0.0;7969.0;176.0;0.0;0.0;0.0;0.0;7968.0;10036.5
-1;10824.0;7966.0;198.0;0.0;0.0;0.0;0.0;7969.0;198.0;0.0;0.0;0.0;0.0;7967.5;10077.5
-1;10825.0;7968.0;57.0;7967.0;169.0;0.0;0.0;7970.0;169.0;0.0;0.0;0.0;0.0;7969.0;9368.0
-1;10826.0;7967.0;175.0;0.0;0.0;0.0;0.0;7970.0;175.0;0.0;0.0;0.0;0.0;7968.5;9494.5
-1;10827.0;7969.0;77.0;7968.0;132.0;0.0;0.0;7971.0;209.0;0.0;0.0;0.0;0.0;7970.0;8426.5
-1;10828.0;7969.0;190.0;0.0;0.0;0.0;0.0;7972.0;190.0;0.0;0.0;0.0;0.0;7970.5;8113.5
-1;10829.0;7969.0;191.0;0.0;0.0;0.0;0.0;7972.0;191.0;0.0;0.0;0.0;0.0;7970.5;8189.0
-1;10830.0;7969.0;107.0;7968.0;138.0;0.0;0.0;7971.0;204.0;0.0;0.0;0.0;0.0;7970.0;8478.5
-1;10831.0;7968.0;112.0;7967.0;103.0;0.0;0.0;7970.0;158.0;0.0;0.0;0.0;0.0;7969.0;9186.5
-1;10832.0;7966.0;177.0;0.0;0.0;0.0;0.0;7969.0;177.0;0.0;0.0;0.0;0.0;7967.5;10268.5
-1;10833.0;7965.0;167.0;0.0;0.0;0.0;0.0;7967.0;43.0;7968.0;124.0;0.0;0.0;7966.0;11325.5
-1;10834.0;7966.0;168.0;0.0;0.0;0.0;0.0;7969.0;168.0;0.0;0.0;0.0;0.0;7967.5;10145.0
-1;10835.0;7968.0;210.0;0.0;0.0;0.0;0.0;7971.0;210.0;0.0;0.0;0.0;0.0;7969.5;8856.5
-1;10836.0;7970.0;166.0;0.0;0.0;0.0;0.0;7972.0;48.0;7973.0;118.0;0.0;0.0;7971.0;7634.0
-1;10837.0;7969.0;202.0;0.0;0.0;0.0;0.0;7971.0;77.0;7972.0;125.0;0.0;0.0;7970.0;8271.5
-1;10838.0;7969.0;201.0;0.0;0.0;0.0;0.0;7972.0;201.0;0.0;0.0;0.0;0.0;7970.5;7925.5
-1;10839.0;7968.0;185.0;0.0;0.0;0.0;0.0;7971.0;185.0;0.0;0.0;0.0;0.0;7969.5;8724.0
-1;10840.0;7967.0;174.0;0.0;0.0;0.0;0.0;7969.0;74.0;7970.0;100.0;0.0;0.0;7968.0;9780.5
-1;10841.0;7966.0;213.0;0.0;0.0;0.0;0.0;7968.0;69.0;7969.0;144.0;0.0;0.0;7967.0;10620.5
-1;10842.0;7964.0;181.0;0.0;0.0;0.0;0.0;7965.0;50.0;7966.0;74.0;7967.0;107.0;7964.5;12049.5
-1;10843.0;7965.0;160.0;0.0;0.0;0.0;0.0;7967.0;46.0;7968.0;114.0;0.0;0.0;7966.0;11356.0
-1;10844.0;7964.0;206.0;0.0;0.0;0.0;0.0;7967.0;206.0;0.0;0.0;0.0;0.0;7965.5;11725.0
-1;10845.0;7964.0;170.0;0.0;0.0;0.0;0.0;7967.0;170.0;0.0;0.0;0.0;0.0;7965.5;11600.0
-1;10846.0;7964.0;178.0;0.0;0.0;0.0;0.0;7967.0;178.0;0.0;0.0;0.0;0.0;7965.5;11781.5
-1;10847.0;7964.0;161.0;0.0;0.0;0.0;0.0;7967.0;161.0;0.0;0.0;0.0;0.0;7965.5;11632.0
-1;10848.0;7965.0;42.0;7964.0;168.0;0.0;0.0;7967.0;168.0;0.0;0.0;0.0;0.0;7966.0;11869.0
-1;10849.0;7964.0;214.0;0.0;0.0;0.0;0.0;7967.0;214.0;0.0;0.0;0.0;0.0;7965.5;11994.0
-1;10850.0;7964.0;196.0;0.0;0.0;0.0;0.0;7965.0;72.0;7967.0;196.0;0.0;0.0;7964.5;11919.0
-1;10851.0;7964.0;221.0;0.0;0.0;0.0;0.0;7966.0;74.0;7967.0;147.0;0.0;0.0;7965.0;12002.5
-1;10852.0;7964.0;182.0;0.0;0.0;0.0;0.0;7967.0;182.0;0.0;0.0;0.0;0.0;7965.5;11954.0
-1;10853.0;7964.0;71.0;7963.0;108.0;0.0;0.0;7966.0;179.0;0.0;0.0;0.0;0.0;7965.0;12293.5
-1;10854.0;7963.0;167.0;0.0;0.0;0.0;0.0;7965.0;62.0;7966.0;105.0;0.0;0.0;7964.0;12855.0
-1;10855.0;7963.0;195.0;0.0;0.0;0.0;0.0;7965.0;70.0;7966.0;125.0;0.0;0.0;7964.0;12831.5
-1;10856.0;7961.0;213.0;0.0;0.0;0.0;0.0;7964.0;213.0;0.0;0.0;0.0;0.0;7962.5;13795.5
-1;10857.0;7962.0;228.0;0.0;0.0;0.0;0.0;7965.0;228.0;0.0;0.0;0.0;0.0;7963.5;13126.0
-1;10858.0;7962.0;55.0;7961.0;111.0;0.0;0.0;7964.0;166.0;0.0;0.0;0.0;0.0;7963.0;13722.0
-1;10859.0;7963.0;171.0;0.0;0.0;0.0;0.0;7965.0;63.0;7966.0;108.0;0.0;0.0;7964.0;12790.5
-1;10860.0;7962.0;215.0;0.0;0.0;0.0;0.0;7965.0;215.0;0.0;0.0;0.0;0.0;7963.5;13470.5
-1;10861.0;7962.0;174.0;0.0;0.0;0.0;0.0;7963.0;40.0;7965.0;174.0;0.0;0.0;7962.5;13085.0
-1;10862.0;7962.0;199.0;0.0;0.0;0.0;0.0;7965.0;199.0;0.0;0.0;0.0;0.0;7963.5;13401.5
-1;10863.0;7962.0;196.0;0.0;0.0;0.0;0.0;7965.0;196.0;0.0;0.0;0.0;0.0;7963.5;13063.0
-1;10864.0;7960.0;180.0;0.0;0.0;0.0;0.0;7963.0;180.0;0.0;0.0;0.0;0.0;7961.5;14625.5
-1;10865.0;7960.0;55.0;7959.0;105.0;0.0;0.0;7962.0;160.0;0.0;0.0;0.0;0.0;7961.0;15177.5
-1;10866.0;7960.0;199.0;0.0;0.0;0.0;0.0;7962.0;70.0;7963.0;129.0;0.0;0.0;7961.0;15055.5
-1;10867.0;7959.0;48.0;7958.0;107.0;0.0;0.0;7961.0;155.0;0.0;0.0;0.0;0.0;7960.0;15982.0
-1;10868.0;7959.0;181.0;0.0;0.0;0.0;0.0;7962.0;181.0;0.0;0.0;0.0;0.0;7960.5;15303.0
-1;10869.0;7958.0;177.0;0.0;0.0;0.0;0.0;7961.0;177.0;0.0;0.0;0.0;0.0;7959.5;16287.5
-1;10870.0;7959.0;57.0;7958.0;114.0;0.0;0.0;7961.0;171.0;0.0;0.0;0.0;0.0;7960.0;15941.5
-1;10871.0;7957.0;187.0;0.0;0.0;0.0;0.0;7960.0;187.0;0.0;0.0;0.0;0.0;7958.5;16878.0
-1;10872.0;7958.0;72.0;7957.0;142.0;0.0;0.0;7960.0;214.0;0.0;0.0;0.0;0.0;7959.0;16651.0
-1;10873.0;7960.0;161.0;0.0;0.0;0.0;0.0;7962.0;52.0;7963.0;109.0;0.0;0.0;7961.0;15124.5
-1;10874.0;7960.0;55.0;7959.0;141.0;0.0;0.0;7962.0;196.0;0.0;0.0;0.0;0.0;7961.0;15149.5
-1;10875.0;7960.0;170.0;0.0;0.0;0.0;0.0;7963.0;170.0;0.0;0.0;0.0;0.0;7961.5;14914.5
-1;10876.0;7961.0;197.0;0.0;0.0;0.0;0.0;7964.0;197.0;0.0;0.0;0.0;0.0;7962.5;14039.5
-1;10877.0;7961.0;169.0;0.0;0.0;0.0;0.0;7963.0;43.0;7964.0;126.0;0.0;0.0;7962.0;14286.5
-1;10878.0;7961.0;163.0;0.0;0.0;0.0;0.0;7964.0;163.0;0.0;0.0;0.0;0.0;7962.5;14050.0
-1;10879.0;7961.0;79.0;7960.0;136.0;0.0;0.0;7963.0;215.0;0.0;0.0;0.0;0.0;7962.0;14502.5
-1;10880.0;7960.0;172.0;0.0;0.0;0.0;0.0;7963.0;172.0;0.0;0.0;0.0;0.0;7961.5;14615.0
-1;10881.0;7960.0;165.0;0.0;0.0;0.0;0.0;7963.0;165.0;0.0;0.0;0.0;0.0;7961.5;14748.5
-1;10882.0;7959.0;192.0;0.0;0.0;0.0;0.0;7962.0;192.0;0.0;0.0;0.0;0.0;7960.5;15391.5
-1;10883.0;7959.0;157.0;0.0;0.0;0.0;0.0;7961.0;42.0;7962.0;115.0;0.0;0.0;7960.0;15816.0
-1;10884.0;7959.0;184.0;0.0;0.0;0.0;0.0;7962.0;184.0;0.0;0.0;0.0;0.0;7960.5;15540.5
-1;10885.0;7959.0;211.0;0.0;0.0;0.0;0.0;7962.0;211.0;0.0;0.0;0.0;0.0;7960.5;15390.5
-1;10886.0;7959.0;46.0;7958.0;104.0;0.0;0.0;7961.0;150.0;0.0;0.0;0.0;0.0;7960.0;15895.5
-1;10887.0;7959.0;180.0;0.0;0.0;0.0;0.0;7962.0;180.0;0.0;0.0;0.0;0.0;7960.5;15302.5
-1;10888.0;7959.0;188.0;0.0;0.0;0.0;0.0;7962.0;188.0;0.0;0.0;0.0;0.0;7960.5;15486.5
-1;10889.0;7959.0;194.0;0.0;0.0;0.0;0.0;7962.0;194.0;0.0;0.0;0.0;0.0;7960.5;15555.5
-1;10890.0;7958.0;163.0;0.0;0.0;0.0;0.0;7960.0;51.0;7961.0;112.0;0.0;0.0;7959.0;16516.5
-1;10891.0;7956.0;173.0;0.0;0.0;0.0;0.0;7959.0;173.0;0.0;0.0;0.0;0.0;7957.5;17723.0
-1;10892.0;7955.0;46.0;7954.0;106.0;0.0;0.0;7957.0;152.0;0.0;0.0;0.0;0.0;7956.0;18972.5
-1;10893.0;7954.0;214.0;0.0;0.0;0.0;0.0;7957.0;214.0;0.0;0.0;0.0;0.0;7955.5;19107.0
-1;10894.0;7953.0;187.0;0.0;0.0;0.0;0.0;7955.0;73.0;7956.0;114.0;0.0;0.0;7954.0;20285.5
-1;10895.0;7953.0;204.0;0.0;0.0;0.0;0.0;7956.0;204.0;0.0;0.0;0.0;0.0;7954.5;20058.5
-1;10896.0;7953.0;225.0;0.0;0.0;0.0;0.0;7956.0;225.0;0.0;0.0;0.0;0.0;7954.5;19825.0
-1;10897.0;7954.0;157.0;0.0;0.0;0.0;0.0;7956.0;49.0;7957.0;108.0;0.0;0.0;7955.0;19572.0
-1;10898.0;7955.0;64.0;7954.0;129.0;0.0;0.0;7957.0;193.0;0.0;0.0;0.0;0.0;7956.0;18937.5
-1;10899.0;7955.0;58.0;7954.0;145.0;0.0;0.0;7957.0;203.0;0.0;0.0;0.0;0.0;7956.0;19010.5
-1;10900.0;7955.0;48.0;7954.0;134.0;0.0;0.0;7957.0;182.0;0.0;0.0;0.0;0.0;7956.0;18971.0
-1;10901.0;7955.0;161.0;0.0;0.0;0.0;0.0;7958.0;161.0;0.0;0.0;0.0;0.0;7956.5;18685.0
-1;10902.0;7956.0;144.0;0.0;0.0;0.0;0.0;7958.0;42.0;7959.0;102.0;0.0;0.0;7957.0;18070.0
-1;10903.0;7955.0;53.0;7954.0;147.0;0.0;0.0;7957.0;200.0;0.0;0.0;0.0;0.0;7956.0;18870.0
-1;10904.0;7954.0;168.0;0.0;0.0;0.0;0.0;7957.0;168.0;0.0;0.0;0.0;0.0;7955.5;19119.5
-1;10905.0;7956.0;68.0;7955.0;114.0;0.0;0.0;7958.0;182.0;0.0;0.0;0.0;0.0;7957.0;18201.0
-1;10906.0;7954.0;194.0;0.0;0.0;0.0;0.0;7957.0;194.0;0.0;0.0;0.0;0.0;7955.5;19058.0
-1;10907.0;7956.0;185.0;0.0;0.0;0.0;0.0;7958.0;42.0;7959.0;143.0;0.0;0.0;7957.0;18078.5
-1;10908.0;7956.0;76.0;7955.0;144.0;0.0;0.0;7958.0;220.0;0.0;0.0;0.0;0.0;7957.0;18226.0
-1;10909.0;7956.0;183.0;0.0;0.0;0.0;0.0;7959.0;183.0;0.0;0.0;0.0;0.0;7957.5;17569.0
-1;10910.0;7957.0;200.0;0.0;0.0;0.0;0.0;7959.0;80.0;7960.0;120.0;0.0;0.0;7958.0;17276.0
-1;10911.0;7958.0;57.0;7957.0;170.0;0.0;0.0;7960.0;170.0;0.0;0.0;0.0;0.0;7959.0;16805.5
-1;10912.0;7957.0;208.0;0.0;0.0;0.0;0.0;7960.0;208.0;0.0;0.0;0.0;0.0;7958.5;16892.5
-1;10913.0;7957.0;163.0;0.0;0.0;0.0;0.0;7960.0;163.0;0.0;0.0;0.0;0.0;7958.5;16927.0
-1;10914.0;7957.0;183.0;0.0;0.0;0.0;0.0;7960.0;183.0;0.0;0.0;0.0;0.0;7958.5;16881.0
-1;10915.0;7956.0;204.0;0.0;0.0;0.0;0.0;7958.0;76.0;7959.0;128.0;0.0;0.0;7957.0;18008.0
-1;10916.0;7956.0;168.0;0.0;0.0;0.0;0.0;7959.0;168.0;0.0;0.0;0.0;0.0;7957.5;17577.0
-1;10917.0;7956.0;204.0;0.0;0.0;0.0;0.0;7959.0;204.0;0.0;0.0;0.0;0.0;7957.5;17550.5
-1;10918.0;7957.0;59.0;7956.0;187.0;0.0;0.0;7959.0;187.0;0.0;0.0;0.0;0.0;7958.0;17569.5
-1;10919.0;7958.0;166.0;0.0;0.0;0.0;0.0;7960.0;54.0;7961.0;112.0;0.0;0.0;7959.0;16527.5
-1;10920.0;7958.0;191.0;0.0;0.0;0.0;0.0;7961.0;191.0;0.0;0.0;0.0;0.0;7959.5;16267.5
-1;10921.0;7956.0;205.0;0.0;0.0;0.0;0.0;7959.0;205.0;0.0;0.0;0.0;0.0;7957.5;17600.5
-1;10922.0;7956.0;204.0;0.0;0.0;0.0;0.0;7959.0;204.0;0.0;0.0;0.0;0.0;7957.5;17652.5
-1;10923.0;7955.0;164.0;0.0;0.0;0.0;0.0;7958.0;164.0;0.0;0.0;0.0;0.0;7956.5;18365.0
-1;10924.0;7955.0;172.0;0.0;0.0;0.0;0.0;7958.0;190.0;0.0;0.0;0.0;0.0;7956.5;18418.0
-1;10925.0;7955.0;176.0;0.0;0.0;0.0;0.0;7958.0;176.0;0.0;0.0;0.0;0.0;7956.5;18582.0
-1;10926.0;7955.0;198.0;0.0;0.0;0.0;0.0;7958.0;198.0;0.0;0.0;0.0;0.0;7956.5;18343.5
-1;10927.0;7956.0;62.0;7955.0;113.0;0.0;0.0;7958.0;175.0;0.0;0.0;0.0;0.0;7957.0;18080.0
-1;10928.0;7956.0;174.0;0.0;0.0;0.0;0.0;7957.0;74.0;7959.0;174.0;0.0;0.0;7956.5;17644.0
-1;10929.0;7957.0;167.0;0.0;0.0;0.0;0.0;7959.0;56.0;7960.0;111.0;0.0;0.0;7958.0;17161.5
-1;10930.0;7956.0;159.0;0.0;0.0;0.0;0.0;7959.0;159.0;0.0;0.0;0.0;0.0;7957.5;17730.5
-1;10931.0;7956.0;194.0;0.0;0.0;0.0;0.0;7959.0;194.0;0.0;0.0;0.0;0.0;7957.5;17551.0
-1;10932.0;7958.0;57.0;7957.0;140.0;0.0;0.0;7960.0;197.0;0.0;0.0;0.0;0.0;7959.0;16646.5
-1;10933.0;7959.0;49.0;7958.0;179.0;0.0;0.0;7960.0;69.0;7961.0;110.0;0.0;0.0;7959.5;16519.0
-1;10934.0;7959.0;46.0;7958.0;181.0;0.0;0.0;7961.0;181.0;0.0;0.0;0.0;0.0;7960.0;16009.0
-1;10935.0;7957.0;176.0;0.0;0.0;0.0;0.0;7959.0;65.0;7960.0;111.0;0.0;0.0;7958.0;17230.0
-1;10936.0;7957.0;67.0;7956.0;100.0;0.0;0.0;7959.0;167.0;0.0;0.0;0.0;0.0;7958.0;17303.5
-1;10937.0;7956.0;196.0;0.0;0.0;0.0;0.0;7959.0;196.0;0.0;0.0;0.0;0.0;7957.5;17752.5
-1;10938.0;7957.0;70.0;7956.0;137.0;0.0;0.0;7959.0;207.0;0.0;0.0;0.0;0.0;7958.0;17361.0
-1;10939.0;7958.0;197.0;0.0;0.0;0.0;0.0;7960.0;74.0;7961.0;123.0;0.0;0.0;7959.0;16494.5
-1;10940.0;7958.0;169.0;0.0;0.0;0.0;0.0;7961.0;169.0;0.0;0.0;0.0;0.0;7959.5;16131.0
-1;10941.0;7957.0;201.0;0.0;0.0;0.0;0.0;7960.0;201.0;0.0;0.0;0.0;0.0;7958.5;16968.0
-1;10942.0;7957.0;70.0;7956.0;133.0;0.0;0.0;7959.0;203.0;0.0;0.0;0.0;0.0;7958.0;17385.5
-1;10943.0;7957.0;46.0;7956.0;124.0;0.0;0.0;7959.0;170.0;0.0;0.0;0.0;0.0;7958.0;17376.0
-1;10944.0;7957.0;42.0;7956.0;148.0;0.0;0.0;7959.0;190.0;0.0;0.0;0.0;0.0;7958.0;17371.5
-1;10945.0;7958.0;79.0;7957.0;146.0;0.0;0.0;7960.0;225.0;0.0;0.0;0.0;0.0;7959.0;16585.5
-1;10946.0;7958.0;171.0;0.0;0.0;0.0;0.0;7960.0;52.0;7961.0;119.0;0.0;0.0;7959.0;16400.5
-1;10947.0;7958.0;221.0;0.0;0.0;0.0;0.0;7961.0;221.0;0.0;0.0;0.0;0.0;7959.5;16015.0
-1;10948.0;7959.0;190.0;0.0;0.0;0.0;0.0;7961.0;58.0;7962.0;132.0;0.0;0.0;7960.0;15596.0
-1;10949.0;7960.0;158.0;0.0;0.0;0.0;0.0;7963.0;158.0;0.0;0.0;0.0;0.0;7961.5;14413.5
-1;10950.0;7959.0;200.0;0.0;0.0;0.0;0.0;7962.0;200.0;0.0;0.0;0.0;0.0;7960.5;15191.0
-1;10951.0;7961.0;80.0;7960.0;158.0;0.0;0.0;7963.0;158.0;0.0;0.0;0.0;0.0;7962.0;14813.5
-1;10952.0;7961.0;54.0;7960.0;140.0;0.0;0.0;7963.0;194.0;0.0;0.0;0.0;0.0;7962.0;14284.5
-1;10953.0;7960.0;203.0;0.0;0.0;0.0;0.0;7962.0;63.0;7963.0;140.0;0.0;0.0;7961.0;14927.5
-1;10954.0;7961.0;206.0;0.0;0.0;0.0;0.0;7963.0;75.0;7964.0;131.0;0.0;0.0;7962.0;14084.0
-1;10955.0;7960.0;171.0;0.0;0.0;0.0;0.0;7963.0;171.0;0.0;0.0;0.0;0.0;7961.5;14467.0
-1;10956.0;7958.0;200.0;0.0;0.0;0.0;0.0;7961.0;200.0;0.0;0.0;0.0;0.0;7959.5;16324.5
-1;10957.0;7957.0;51.0;7956.0;107.0;0.0;0.0;7959.0;158.0;0.0;0.0;0.0;0.0;7958.0;17402.5
-1;10958.0;7958.0;63.0;7957.0;185.0;0.0;0.0;7960.0;185.0;0.0;0.0;0.0;0.0;7959.0;16899.0
-1;10959.0;7958.0;191.0;0.0;0.0;0.0;0.0;7961.0;191.0;0.0;0.0;0.0;0.0;7959.5;16359.5
-1;10960.0;7958.0;161.0;0.0;0.0;0.0;0.0;7961.0;161.0;0.0;0.0;0.0;0.0;7959.5;16125.5
-1;10961.0;7959.0;193.0;0.0;0.0;0.0;0.0;7962.0;193.0;0.0;0.0;0.0;0.0;7960.5;15138.5
-1;10962.0;7961.0;64.0;7960.0;141.0;0.0;0.0;7963.0;205.0;0.0;0.0;0.0;0.0;7962.0;14293.5
-1;10963.0;7961.0;192.0;0.0;0.0;0.0;0.0;7964.0;192.0;0.0;0.0;0.0;0.0;7962.5;14006.0
-1;10964.0;7960.0;204.0;0.0;0.0;0.0;0.0;7963.0;204.0;0.0;0.0;0.0;0.0;7961.5;14427.5
-1;10965.0;7960.0;189.0;0.0;0.0;0.0;0.0;7963.0;189.0;0.0;0.0;0.0;0.0;7961.5;14721.0
-1;10966.0;7961.0;76.0;7960.0;149.0;0.0;0.0;7963.0;225.0;0.0;0.0;0.0;0.0;7962.0;14251.5
-1;10967.0;7961.0;55.0;7960.0;172.0;0.0;0.0;7962.0;68.0;7963.0;104.0;0.0;0.0;7961.5;14841.0
-1;10968.0;7961.0;222.0;0.0;0.0;0.0;0.0;7963.0;80.0;7964.0;142.0;0.0;0.0;7962.0;14073.5
-1;10969.0;7960.0;117.0;0.0;0.0;0.0;0.0;7961.0;13.0;7963.0;157.0;0.0;0.0;7960.5;14233.5
-1;10970.0;7961.0;210.0;0.0;0.0;0.0;0.0;7964.0;210.0;0.0;0.0;0.0;0.0;7962.5;13579.5
-1;10971.0;7961.0;213.0;0.0;0.0;0.0;0.0;7964.0;213.0;0.0;0.0;0.0;0.0;7962.5;13955.5
-1;10972.0;7961.0;76.0;7960.0;116.0;0.0;0.0;7963.0;192.0;0.0;0.0;0.0;0.0;7962.0;14195.0
-1;10973.0;7960.0;190.0;0.0;0.0;0.0;0.0;7962.0;58.0;7963.0;132.0;0.0;0.0;7961.0;14810.0
-1;10974.0;7960.0;180.0;0.0;0.0;0.0;0.0;7962.0;63.0;7963.0;117.0;0.0;0.0;7961.0;14917.5
-1;10975.0;7961.0;72.0;7960.0;107.0;0.0;0.0;7963.0;179.0;0.0;0.0;0.0;0.0;7962.0;14213.0
-1;10976.0;7961.0;196.0;0.0;0.0;0.0;0.0;7963.0;68.0;7964.0;128.0;0.0;0.0;7962.0;14095.0
-1;10977.0;7961.0;195.0;0.0;0.0;0.0;0.0;7964.0;195.0;0.0;0.0;0.0;0.0;7962.5;13892.5
-1;10978.0;7961.0;165.0;0.0;0.0;0.0;0.0;7963.0;44.0;7964.0;121.0;0.0;0.0;7962.0;14094.5
-1;10979.0;7961.0;173.0;0.0;0.0;0.0;0.0;7964.0;173.0;0.0;0.0;0.0;0.0;7962.5;13862.0
-1;10980.0;7961.0;182.0;0.0;0.0;0.0;0.0;7963.0;59.0;7964.0;123.0;0.0;0.0;7962.0;13990.0
-1;10981.0;7961.0;177.0;0.0;0.0;0.0;0.0;7963.0;177.0;0.0;0.0;0.0;0.0;7962.0;14160.0
-1;10982.0;7961.0;206.0;0.0;0.0;0.0;0.0;7963.0;68.0;7964.0;138.0;0.0;0.0;7962.0;14015.0
-1;10983.0;7960.0;76.0;7959.0;128.0;0.0;0.0;7962.0;204.0;0.0;0.0;0.0;0.0;7961.0;15065.0
-1;10984.0;7960.0;165.0;0.0;0.0;0.0;0.0;7963.0;165.0;0.0;0.0;0.0;0.0;7961.5;14717.5
-1;10985.0;7960.0;187.0;0.0;0.0;0.0;0.0;7963.0;187.0;0.0;0.0;0.0;0.0;7961.5;14779.0
-1;10986.0;7961.0;77.0;7960.0;107.0;0.0;0.0;7963.0;184.0;0.0;0.0;0.0;0.0;7962.0;14224.5
-1;10987.0;7962.0;189.0;0.0;0.0;0.0;0.0;7965.0;189.0;0.0;0.0;0.0;0.0;7963.5;13086.0
-1;10988.0;7962.0;187.0;0.0;0.0;0.0;0.0;7965.0;187.0;0.0;0.0;0.0;0.0;7963.5;12955.0
-1;10989.0;7961.0;187.0;0.0;0.0;0.0;0.0;7962.0;56.0;7964.0;187.0;0.0;0.0;7961.5;13850.5
-1;10990.0;7963.0;74.0;7962.0;158.0;0.0;0.0;7965.0;158.0;0.0;0.0;0.0;0.0;7964.0;13041.0
-1;10991.0;7963.0;217.0;0.0;0.0;0.0;0.0;7964.0;69.0;7966.0;217.0;0.0;0.0;7963.5;11954.5
-1;10992.0;7963.0;170.0;0.0;0.0;0.0;0.0;7964.0;42.0;7966.0;170.0;0.0;0.0;7963.5;11972.5
-1;10993.0;7963.0;197.0;0.0;0.0;0.0;0.0;7966.0;197.0;0.0;0.0;0.0;0.0;7964.5;11825.5
-1;10994.0;7963.0;72.0;7962.0;109.0;0.0;0.0;7965.0;181.0;0.0;0.0;0.0;0.0;7964.0;12478.0
-1;10995.0;7963.0;144.0;0.0;0.0;0.0;0.0;7966.0;144.0;0.0;0.0;0.0;0.0;7964.5;12201.0
-1;10996.0;7965.0;180.0;0.0;0.0;0.0;0.0;7967.0;58.0;7968.0;122.0;0.0;0.0;7966.0;10633.5
-1;10997.0;7966.0;184.0;0.0;0.0;0.0;0.0;7968.0;50.0;7969.0;134.0;0.0;0.0;7967.0;9924.5
-1;10998.0;7965.0;73.0;7964.0;115.0;0.0;0.0;7967.0;188.0;0.0;0.0;0.0;0.0;7966.0;10805.0
-1;10999.0;7966.0;193.0;0.0;0.0;0.0;0.0;7969.0;193.0;0.0;0.0;0.0;0.0;7967.5;9719.0
-1;11000.0;7966.0;160.0;0.0;0.0;0.0;0.0;7968.0;57.0;7969.0;103.0;0.0;0.0;7967.0;9872.5
-1;11001.0;7966.0;180.0;0.0;0.0;0.0;0.0;7968.0;54.0;7969.0;126.0;0.0;0.0;7967.0;9858.5
-1;11002.0;7965.0;186.0;0.0;0.0;0.0;0.0;7968.0;186.0;0.0;0.0;0.0;0.0;7966.5;10596.0
-1;11003.0;7965.0;43.0;7964.0;106.0;0.0;0.0;7967.0;149.0;0.0;0.0;0.0;0.0;7966.0;10951.5
-1;11004.0;7966.0;51.0;7965.0;165.0;0.0;0.0;7968.0;165.0;0.0;0.0;0.0;0.0;7967.0;10139.0
-1;11005.0;7967.0;165.0;0.0;0.0;0.0;0.0;7969.0;53.0;7970.0;112.0;0.0;0.0;7968.0;8925.0
-1;11006.0;7968.0;196.0;0.0;0.0;0.0;0.0;7971.0;196.0;0.0;0.0;0.0;0.0;7969.5;8057.0
-1;11007.0;7968.0;150.0;0.0;0.0;0.0;0.0;7969.0;43.0;7971.0;172.0;0.0;0.0;7968.5;7717.0
-1;11008.0;7966.0;199.0;0.0;0.0;0.0;0.0;7969.0;199.0;0.0;0.0;0.0;0.0;7967.5;9689.5
-1;11009.0;7967.0;179.0;0.0;0.0;0.0;0.0;7969.0;59.0;7970.0;120.0;0.0;0.0;7968.0;9080.0
-1;11010.0;7966.0;180.0;0.0;0.0;0.0;0.0;7968.0;57.0;7969.0;135.0;0.0;0.0;7967.0;9810.5
-1;11011.0;7966.0;217.0;0.0;0.0;0.0;0.0;7967.0;60.0;7969.0;217.0;0.0;0.0;7966.5;9288.5
-1;11012.0;7967.0;79.0;7966.0;173.0;0.0;0.0;7969.0;173.0;0.0;0.0;0.0;0.0;7968.0;9641.5
-1;11013.0;7966.0;195.0;0.0;0.0;0.0;0.0;7969.0;195.0;0.0;0.0;0.0;0.0;7967.5;9739.5
-1;11014.0;7965.0;177.0;0.0;0.0;0.0;0.0;7967.0;69.0;7968.0;108.0;0.0;0.0;7966.0;10686.0
-1;11015.0;7966.0;194.0;0.0;0.0;0.0;0.0;7967.0;49.0;7968.0;66.0;7969.0;128.0;7966.5;9806.0
-1;11016.0;7966.0;184.0;0.0;0.0;0.0;0.0;7969.0;184.0;0.0;0.0;0.0;0.0;7967.5;9292.0
-1;11017.0;7967.0;72.0;7966.0;116.0;0.0;0.0;7969.0;188.0;0.0;0.0;0.0;0.0;7968.0;9213.0
-1;11018.0;7966.0;174.0;0.0;0.0;0.0;0.0;7968.0;54.0;7969.0;120.0;0.0;0.0;7967.0;9807.0
-1;11019.0;7965.0;190.0;0.0;0.0;0.0;0.0;7968.0;190.0;0.0;0.0;0.0;0.0;7966.5;10479.0
-1;11020.0;7966.0;75.0;7965.0;169.0;0.0;0.0;7968.0;169.0;0.0;0.0;0.0;0.0;7967.0;10201.5
-1;11021.0;7966.0;173.0;0.0;0.0;0.0;0.0;7969.0;173.0;0.0;0.0;0.0;0.0;7967.5;9753.0
-1;11022.0;7966.0;199.0;0.0;0.0;0.0;0.0;7969.0;199.0;0.0;0.0;0.0;0.0;7967.5;9326.0
-1;11023.0;7965.0;50.0;7964.0;142.0;0.0;0.0;7967.0;192.0;0.0;0.0;0.0;0.0;7966.0;10886.0
-1;11024.0;7964.0;192.0;0.0;0.0;0.0;0.0;7967.0;192.0;0.0;0.0;0.0;0.0;7965.5;11338.0
-1;11025.0;7965.0;213.0;0.0;0.0;0.0;0.0;7968.0;213.0;0.0;0.0;0.0;0.0;7966.5;10623.0
-1;11026.0;7965.0;187.0;0.0;0.0;0.0;0.0;7966.0;46.0;7968.0;187.0;0.0;0.0;7965.5;10204.0
-1;11027.0;7965.0;80.0;7964.0;121.0;0.0;0.0;7967.0;201.0;0.0;0.0;0.0;0.0;7966.0;10910.5
-1;11028.0;7965.0;176.0;0.0;0.0;0.0;0.0;7968.0;176.0;0.0;0.0;0.0;0.0;7966.5;10535.5
-1;11029.0;7964.0;191.0;0.0;0.0;0.0;0.0;7965.0;77.0;7966.0;75.0;7967.0;116.0;7964.5;11632.0
-1;11030.0;7964.0;216.0;0.0;0.0;0.0;0.0;7967.0;216.0;0.0;0.0;0.0;0.0;7965.5;11136.5
-1;11031.0;7965.0;176.0;0.0;0.0;0.0;0.0;7967.0;42.0;7968.0;134.0;0.0;0.0;7966.0;10810.0
-1;11032.0;7966.0;61.0;7965.0;132.0;0.0;0.0;7968.0;193.0;0.0;0.0;0.0;0.0;7967.0;10055.5
-1;11033.0;7965.0;169.0;0.0;0.0;0.0;0.0;7968.0;169.0;0.0;0.0;0.0;0.0;7966.5;10143.5
-1;11034.0;7965.0;186.0;0.0;0.0;0.0;0.0;7968.0;186.0;0.0;0.0;0.0;0.0;7966.5;10462.0
-1;11035.0;7965.0;6.0;7964.0;130.0;0.0;0.0;7967.0;202.0;0.0;0.0;0.0;0.0;7966.0;10900.5
-1;11036.0;7964.0;211.0;0.0;0.0;0.0;0.0;7967.0;211.0;0.0;0.0;0.0;0.0;7965.5;10976.0
-1;11037.0;7963.0;195.0;0.0;0.0;0.0;0.0;7965.0;46.0;7966.0;149.0;0.0;0.0;7964.0;12585.0
-1;11038.0;7962.0;57.0;7961.0;138.0;0.0;0.0;7964.0;195.0;0.0;0.0;0.0;0.0;7963.0;13684.5
-1;11039.0;7962.0;78.0;7961.0;124.0;0.0;0.0;7964.0;202.0;0.0;0.0;0.0;0.0;7963.0;13674.0
-1;11040.0;7962.0;64.0;7961.0;139.0;0.0;0.0;7964.0;203.0;0.0;0.0;0.0;0.0;7963.0;13692.5
-1;11041.0;7962.0;179.0;0.0;0.0;0.0;0.0;7965.0;179.0;0.0;0.0;0.0;0.0;7963.5;12864.5
-1;11042.0;7962.0;174.0;0.0;0.0;0.0;0.0;7965.0;174.0;0.0;0.0;0.0;0.0;7963.5;13091.5
-1;11043.0;7964.0;184.0;0.0;0.0;0.0;0.0;7966.0;71.0;7967.0;113.0;0.0;0.0;7965.0;11561.0
-1;11044.0;7963.0;40.0;7962.0;126.0;0.0;0.0;7965.0;166.0;0.0;0.0;0.0;0.0;7964.0;12820.5
-1;11045.0;7962.0;203.0;0.0;0.0;0.0;0.0;7965.0;203.0;0.0;0.0;0.0;0.0;7963.5;13120.0
-1;11046.0;7961.0;194.0;0.0;0.0;0.0;0.0;7964.0;194.0;0.0;0.0;0.0;0.0;7962.5;13829.5
-1;11047.0;7961.0;169.0;0.0;0.0;0.0;0.0;7964.0;169.0;0.0;0.0;0.0;0.0;7962.5;13823.5
-1;11048.0;7961.0;167.0;0.0;0.0;0.0;0.0;7964.0;167.0;0.0;0.0;0.0;0.0;7962.5;14175.5
-1;11049.0;7962.0;13.0;7961.0;77.0;7960.0;139.0;7963.0;216.0;0.0;0.0;0.0;0.0;7962.5;14720.5
-1;11050.0;7961.0;162.0;0.0;0.0;0.0;0.0;7962.0;47.0;7964.0;162.0;0.0;0.0;7961.5;14312.0
-1;11051.0;7961.0;177.0;0.0;0.0;0.0;0.0;7964.0;177.0;0.0;0.0;0.0;0.0;7962.5;13992.0
-1;11052.0;7962.0;198.0;0.0;0.0;0.0;0.0;7965.0;198.0;0.0;0.0;0.0;0.0;7963.5;13260.5
-1;11053.0;7962.0;147.0;0.0;0.0;0.0;0.0;7965.0;147.0;0.0;0.0;0.0;0.0;7963.5;13010.0
-1;11054.0;7963.0;152.0;0.0;0.0;0.0;0.0;7966.0;152.0;0.0;0.0;0.0;0.0;7964.5;12231.5
-1;11055.0;7963.0;64.0;7962.0;133.0;0.0;0.0;7965.0;197.0;0.0;0.0;0.0;0.0;7964.0;12804.5
-1;11056.0;7963.0;208.0;0.0;0.0;0.0;0.0;7966.0;208.0;0.0;0.0;0.0;0.0;7964.5;12257.5
-1;11057.0;7962.0;192.0;0.0;0.0;0.0;0.0;7965.0;192.0;0.0;0.0;0.0;0.0;7963.5;13311.5
-1;11058.0;7962.0;157.0;0.0;0.0;0.0;0.0;7965.0;157.0;0.0;0.0;0.0;0.0;7963.5;13012.5
-1;11059.0;7963.0;73.0;7962.0;147.0;0.0;0.0;7965.0;220.0;0.0;0.0;0.0;0.0;7964.0;12800.0
-1;11060.0;7963.0;189.0;0.0;0.0;0.0;0.0;7966.0;189.0;0.0;0.0;0.0;0.0;7964.5;12162.0
-1;11061.0;7962.0;179.0;0.0;0.0;0.0;0.0;7965.0;179.0;0.0;0.0;0.0;0.0;7963.5;13331.0
-1;11062.0;7962.0;186.0;0.0;0.0;0.0;0.0;7965.0;186.0;0.0;0.0;0.0;0.0;7963.5;13358.5
-1;11063.0;7962.0;61.0;7961.0;130.0;0.0;0.0;7964.0;191.0;0.0;0.0;0.0;0.0;7963.0;13618.5
-1;11064.0;7962.0;75.0;7961.0;147.0;0.0;0.0;7964.0;222.0;0.0;0.0;0.0;0.0;7963.0;13679.0
-1;11065.0;7960.0;218.0;0.0;0.0;0.0;0.0;7963.0;218.0;0.0;0.0;0.0;0.0;7961.5;15138.5
-1;11066.0;7960.0;220.0;0.0;0.0;0.0;0.0;7961.0;45.0;7963.0;220.0;0.0;0.0;7960.5;14767.0
-1;11067.0;7961.0;160.0;0.0;0.0;0.0;0.0;7962.0;60.0;7963.0;60.0;7964.0;100.0;7961.5;14515.5
-1;11068.0;7961.0;176.0;0.0;0.0;0.0;0.0;7963.0;41.0;7964.0;135.0;0.0;0.0;7962.0;14475.0
-1;11069.0;7960.0;175.0;0.0;0.0;0.0;0.0;7962.0;51.0;7963.0;124.0;0.0;0.0;7961.0;15354.5
-1;11070.0;7960.0;80.0;7959.0;113.0;0.0;0.0;7962.0;193.0;0.0;0.0;0.0;0.0;7961.0;15547.5
-1;11071.0;7960.0;182.0;0.0;0.0;0.0;0.0;7963.0;182.0;0.0;0.0;0.0;0.0;7961.5;14888.0
-1;11072.0;7961.0;179.0;0.0;0.0;0.0;0.0;7964.0;179.0;0.0;0.0;0.0;0.0;7962.5;13857.5
-1;11073.0;7961.0;161.0;0.0;0.0;0.0;0.0;7963.0;54.0;7964.0;107.0;0.0;0.0;7962.0;14477.5
-1;11074.0;7961.0;187.0;0.0;0.0;0.0;0.0;7963.0;43.0;7964.0;144.0;0.0;0.0;7962.0;14365.0
-1;11075.0;7961.0;78.0;7960.0;132.0;0.0;0.0;7963.0;210.0;0.0;0.0;0.0;0.0;7962.0;14679.5
-1;11076.0;7960.0;177.0;0.0;0.0;0.0;0.0;7961.0;41.0;7963.0;177.0;0.0;0.0;7960.5;14857.0
-1;11077.0;7960.0;66.0;7959.0;103.0;0.0;0.0;7962.0;169.0;0.0;0.0;0.0;0.0;7961.0;15590.0
-1;11078.0;7960.0;191.0;0.0;0.0;0.0;0.0;7963.0;191.0;0.0;0.0;0.0;0.0;7961.5;14787.5
-1;11079.0;7960.0;159.0;0.0;0.0;0.0;0.0;7963.0;159.0;0.0;0.0;0.0;0.0;7961.5;14977.0
-1;11080.0;7959.0;157.0;0.0;0.0;0.0;0.0;7961.0;157.0;0.0;0.0;0.0;0.0;7960.0;16426.0
-1;11081.0;7959.0;177.0;0.0;0.0;0.0;0.0;7962.0;177.0;0.0;0.0;0.0;0.0;7960.5;15842.5
-1;11082.0;7960.0;158.0;0.0;0.0;0.0;0.0;7963.0;158.0;0.0;0.0;0.0;0.0;7961.5;15119.0
-1;11083.0;7959.0;170.0;0.0;0.0;0.0;0.0;7961.0;42.0;7962.0;128.0;0.0;0.0;7960.0;16311.5
-1;11084.0;7958.0;184.0;0.0;0.0;0.0;0.0;7961.0;184.0;0.0;0.0;0.0;0.0;7959.5;16682.5
-1;11085.0;7959.0;48.0;7958.0;100.0;0.0;0.0;7961.0;148.0;0.0;0.0;0.0;0.0;7960.0;16461.5
-1;11086.0;7959.0;46.0;7958.0;134.0;0.0;0.0;7961.0;180.0;0.0;0.0;0.0;0.0;7960.0;16442.0
-1;11087.0;7960.0;197.0;0.0;0.0;0.0;0.0;7963.0;197.0;0.0;0.0;0.0;0.0;7961.5;15076.0
-1;11088.0;7960.0;167.0;0.0;0.0;0.0;0.0;7963.0;167.0;0.0;0.0;0.0;0.0;7961.5;14990.0
-1;11089.0;7961.0;66.0;7960.0;129.0;0.0;0.0;7963.0;195.0;0.0;0.0;0.0;0.0;7962.0;14557.5
-1;11090.0;7962.0;198.0;0.0;0.0;0.0;0.0;7965.0;198.0;0.0;0.0;0.0;0.0;7963.5;13067.0
-1;11091.0;7962.0;49.0;7961.0;145.0;0.0;0.0;7964.0;194.0;0.0;0.0;0.0;0.0;7963.0;13720.0
-1;11092.0;7963.0;190.0;0.0;0.0;0.0;0.0;7966.0;190.0;0.0;0.0;0.0;0.0;7964.5;12155.5
-1;11093.0;7963.0;74.0;7962.0;100.0;0.0;0.0;7965.0;174.0;0.0;0.0;0.0;0.0;7964.0;12801.5
-1;11094.0;7962.0;202.0;0.0;0.0;0.0;0.0;7965.0;202.0;0.0;0.0;0.0;0.0;7963.5;13117.5
-1;11095.0;7961.0;176.0;0.0;0.0;0.0;0.0;7964.0;176.0;0.0;0.0;0.0;0.0;7962.5;14104.0
-1;11096.0;7959.0;153.0;0.0;0.0;0.0;0.0;7962.0;153.0;0.0;0.0;0.0;0.0;7960.5;15883.0
-1;11097.0;7960.0;200.0;0.0;0.0;0.0;0.0;7962.0;80.0;7963.0;120.0;0.0;0.0;7961.0;15477.5
-1;11098.0;7960.0;213.0;0.0;0.0;0.0;0.0;7961.0;72.0;7962.0;75.0;7963.0;138.0;7960.5;15369.5
-1;11099.0;7962.0;42.0;7961.0;138.0;0.0;0.0;7964.0;180.0;0.0;0.0;0.0;0.0;7963.0;13745.5
-1;11100.0;7962.0;167.0;0.0;0.0;0.0;0.0;7965.0;167.0;0.0;0.0;0.0;0.0;7963.5;13337.0
-1;11101.0;7963.0;208.0;0.0;0.0;0.0;0.0;7966.0;208.0;0.0;0.0;0.0;0.0;7964.5;12092.0
-1;11102.0;7963.0;194.0;0.0;0.0;0.0;0.0;7966.0;194.0;0.0;0.0;0.0;0.0;7964.5;11918.5
-1;11103.0;7964.0;140.0;0.0;0.0;0.0;0.0;7967.0;140.0;0.0;0.0;0.0;0.0;7965.5;11124.0
-1;11104.0;7963.0;192.0;0.0;0.0;0.0;0.0;7966.0;192.0;0.0;0.0;0.0;0.0;7964.5;11976.5
-1;11105.0;7963.0;190.0;0.0;0.0;0.0;0.0;7966.0;190.0;0.0;0.0;0.0;0.0;7964.5;12200.5
-1;11106.0;7963.0;169.0;0.0;0.0;0.0;0.0;7966.0;169.0;0.0;0.0;0.0;0.0;7964.5;12094.5
-1;11107.0;7964.0;167.0;0.0;0.0;0.0;0.0;7967.0;167.0;0.0;0.0;0.0;0.0;7965.5;10983.5
-1;11108.0;7965.0;193.0;0.0;0.0;0.0;0.0;7966.0;47.0;7967.0;67.0;7968.0;126.0;7965.5;10628.5
-1;11109.0;7967.0;200.0;0.0;0.0;0.0;0.0;7969.0;59.0;7970.0;141.0;0.0;0.0;7968.0;8700.5
-1;11110.0;7966.0;184.0;0.0;0.0;0.0;0.0;7969.0;184.0;0.0;0.0;0.0;0.0;7967.5;9300.0
-1;11111.0;7965.0;193.0;0.0;0.0;0.0;0.0;7968.0;193.0;0.0;0.0;0.0;0.0;7966.5;10328.5
-1;11112.0;7967.0;55.0;7966.0;118.0;0.0;0.0;7969.0;173.0;0.0;0.0;0.0;0.0;7968.0;9048.0
-1;11113.0;7970.0;58.0;7969.0;110.0;0.0;0.0;7972.0;168.0;0.0;0.0;0.0;0.0;7971.0;6078.0
-1;11114.0;7971.0;167.0;0.0;0.0;0.0;0.0;7974.0;167.0;0.0;0.0;0.0;0.0;7972.5;4873.5
-1;11115.0;7970.0;206.0;0.0;0.0;0.0;0.0;7973.0;206.0;0.0;0.0;0.0;0.0;7971.5;5424.0
-1;11116.0;7969.0;168.0;0.0;0.0;0.0;0.0;7970.0;67.0;7972.0;168.0;0.0;0.0;7969.5;6408.5
-1;11117.0;7970.0;179.0;0.0;0.0;0.0;0.0;7972.0;45.0;7973.0;134.0;0.0;0.0;7971.0;5853.0
-1;11118.0;7969.0;201.0;0.0;0.0;0.0;0.0;7972.0;201.0;0.0;0.0;0.0;0.0;7970.5;6227.5
-1;11119.0;7970.0;211.0;0.0;0.0;0.0;0.0;7973.0;211.0;0.0;0.0;0.0;0.0;7971.5;5835.0
-1;11120.0;7971.0;189.0;0.0;0.0;0.0;0.0;7973.0;50.0;7974.0;139.0;0.0;0.0;7972.0;4985.0
-1;11121.0;7971.0;183.0;0.0;0.0;0.0;0.0;7974.0;183.0;0.0;0.0;0.0;0.0;7972.5;4650.0
-1;11122.0;7973.0;73.0;7972.0;124.0;0.0;0.0;7975.0;197.0;0.0;0.0;0.0;0.0;7974.0;3388.0
-1;11123.0;7971.0;181.0;0.0;0.0;0.0;0.0;7974.0;181.0;0.0;0.0;0.0;0.0;7972.5;4364.5
-1;11124.0;7972.0;181.0;0.0;0.0;0.0;0.0;7975.0;181.0;0.0;0.0;0.0;0.0;7973.5;3446.5
-1;11125.0;7972.0;207.0;0.0;0.0;0.0;0.0;7975.0;207.0;0.0;0.0;0.0;0.0;7973.5;3564.5
-1;11126.0;7972.0;147.0;0.0;0.0;0.0;0.0;7975.0;147.0;0.0;0.0;0.0;0.0;7973.5;3771.0
-1;11127.0;7972.0;187.0;0.0;0.0;0.0;0.0;7975.0;187.0;0.0;0.0;0.0;0.0;7973.5;3613.0
-1;11128.0;7972.0;157.0;0.0;0.0;0.0;0.0;7975.0;157.0;0.0;0.0;0.0;0.0;7973.5;3883.0
-1;11129.0;7973.0;211.0;0.0;0.0;0.0;0.0;7975.0;62.0;7976.0;149.0;0.0;0.0;7974.0;3101.0
-1;11130.0;7972.0;230.0;0.0;0.0;0.0;0.0;7974.0;80.0;7975.0;150.0;0.0;0.0;7973.0;4038.5
-1;11131.0;7971.0;133.0;0.0;0.0;0.0;0.0;7972.0;34.0;7974.0;179.0;0.0;0.0;7971.5;4256.0
-1;11132.0;7973.0;194.0;0.0;0.0;0.0;0.0;7976.0;194.0;0.0;0.0;0.0;0.0;7974.5;2866.5
-1;11133.0;7974.0;179.0;0.0;0.0;0.0;0.0;7976.0;69.0;7977.0;110.0;0.0;0.0;7975.0;1962.0
-1;11134.0;7973.0;59.0;7972.0;124.0;0.0;0.0;7975.0;183.0;0.0;0.0;0.0;0.0;7974.0;3154.5
-1;11135.0;7972.0;155.0;0.0;0.0;0.0;0.0;7975.0;155.0;0.0;0.0;0.0;0.0;7973.5;3667.5
-1;11136.0;7971.0;167.0;0.0;0.0;0.0;0.0;7972.0;56.0;7974.0;167.0;0.0;0.0;7971.5;4422.5
-1;11137.0;7970.0;182.0;0.0;0.0;0.0;0.0;7973.0;182.0;0.0;0.0;0.0;0.0;7971.5;5352.5
-1;11138.0;7968.0;51.0;7967.0;179.0;0.0;0.0;7970.0;179.0;0.0;0.0;0.0;0.0;7969.0;8809.0
-1;11139.0;7966.0;184.0;0.0;0.0;0.0;0.0;7969.0;184.0;0.0;0.0;0.0;0.0;7967.5;9729.5
-1;11140.0;7965.0;62.0;7964.0;131.0;0.0;0.0;7967.0;193.0;0.0;0.0;0.0;0.0;7966.0;11129.5
-1;11141.0;7966.0;46.0;7965.0;184.0;0.0;0.0;7968.0;184.0;0.0;0.0;0.0;0.0;7967.0;10723.0
-1;11142.0;7966.0;79.0;7965.0;114.0;0.0;0.0;7968.0;193.0;0.0;0.0;0.0;0.0;7967.0;10158.0
-1;11143.0;7966.0;176.0;0.0;0.0;0.0;0.0;7969.0;176.0;0.0;0.0;0.0;0.0;7967.5;9486.5
-1;11144.0;7966.0;43.0;7965.0;131.0;0.0;0.0;7968.0;174.0;0.0;0.0;0.0;0.0;7967.0;10058.0
-1;11145.0;7965.0;128.0;0.0;0.0;0.0;0.0;7966.0;9.0;7968.0;181.0;0.0;0.0;7965.5;10141.5
-1;11146.0;7967.0;46.0;7966.0;109.0;0.0;0.0;7969.0;155.0;0.0;0.0;0.0;0.0;7968.0;8975.0
-1;11147.0;7967.0;64.0;7966.0;229.0;0.0;0.0;7969.0;229.0;0.0;0.0;0.0;0.0;7968.0;9591.0
-1;11148.0;7966.0;212.0;0.0;0.0;0.0;0.0;7969.0;212.0;0.0;0.0;0.0;0.0;7967.5;9483.0
-1;11149.0;7965.0;185.0;0.0;0.0;0.0;0.0;7967.0;66.0;7968.0;119.0;0.0;0.0;7966.0;10827.0
-1;11150.0;7964.0;188.0;0.0;0.0;0.0;0.0;7967.0;188.0;0.0;0.0;0.0;0.0;7965.5;11271.5
-1;11151.0;7965.0;48.0;7964.0;131.0;0.0;0.0;7967.0;179.0;0.0;0.0;0.0;0.0;7966.0;11066.5
-1;11152.0;7965.0;198.0;0.0;0.0;0.0;0.0;7967.0;54.0;7968.0;144.0;0.0;0.0;7966.0;10930.5
-1;11153.0;7963.0;148.0;0.0;0.0;0.0;0.0;7966.0;148.0;0.0;0.0;0.0;0.0;7964.5;12665.0
-1;11154.0;7963.0;179.0;0.0;0.0;0.0;0.0;7966.0;179.0;0.0;0.0;0.0;0.0;7964.5;12431.0
-1;11155.0;7964.0;210.0;0.0;0.0;0.0;0.0;7966.0;76.0;7967.0;134.0;0.0;0.0;7965.0;11935.5
-1;11156.0;7964.0;212.0;0.0;0.0;0.0;0.0;7967.0;212.0;0.0;0.0;0.0;0.0;7965.5;11544.5
-1;11157.0;7964.0;219.0;0.0;0.0;0.0;0.0;7966.0;80.0;7967.0;139.0;0.0;0.0;7965.0;11935.5
-1;11158.0;7964.0;166.0;0.0;0.0;0.0;0.0;7966.0;58.0;7967.0;108.0;0.0;0.0;7965.0;12008.5
-1;11159.0;7964.0;171.0;0.0;0.0;0.0;0.0;7966.0;63.0;7967.0;108.0;0.0;0.0;7965.0;11969.5
-1;11160.0;7963.0;185.0;0.0;0.0;0.0;0.0;7966.0;185.0;0.0;0.0;0.0;0.0;7964.5;12393.5
-1;11161.0;7964.0;42.0;7963.0;150.0;0.0;0.0;7966.0;192.0;0.0;0.0;0.0;0.0;7965.0;12122.5
