day;timestamp;bid_price_1;bid_volume_1;bid_price_2;bid_volume_2;bid_price_3;bid_volume_3;ask_price_1;ask_volume_1;ask_price_2;ask_volume_2;ask_price_3;ask_volume_3;mid_price;profit_and_loss
-1;10001.0;7999;162;0.0;0.0;0.0;0.0;8001;55;8002.0;107.0;0.0;0.0;8000.0;0.0
-1;10002.0;7998;187;0.0;0.0;0.0;0.0;8001;187;0.0;0.0;0.0;0.0;7999.5;0.0
-1;10003.0;7997;191;0.0;0.0;0.0;0.0;8000;191;0.0;0.0;0.0;0.0;7998.5;0.0
-1;10004.0;7998;187;0.0;0.0;0.0;0.0;8001;187;0.0;0.0;0.0;0.0;7999.5;0.0
-1;10005.0;7997;186;0.0;0.0;0.0;0.0;8000;186;0.0;0.0;0.0;0.0;7998.5;0.0
-1;10006.0;7996;189;0.0;0.0;0.0;0.0;7998;62;7999.0;127.0;0.0;0.0;7997.0;0.0
-1;10007.0;7996;184;0.0;0.0;0.0;0.0;7999;184;0.0;0.0;0.0;0.0;7997.5;0.0
-1;10008.0;7997;165;0.0;0.0;0.0;0.0;8000;165;0.0;0.0;0.0;0.0;7998.5;0.0
-1;10009.0;7996;191;0.0;0.0;0.0;0.0;7999;191;0.0;0.0;0.0;0.0;7997.5;0.0
-1;10010.0;7996;187;0.0;0.0;0.0;0.0;7998;42;7999.0;145.0;0.0;0.0;7997.0;0.0
-1;10011.0;7998;199;0.0;0.0;0.0;0.0;8001;199;0.0;0.0;0.0;0.0;7999.5;0.0
-1;10012.0;7997;220;0.0;0.0;0.0;0.0;8000;220;0.0;0.0;0.0;0.0;7998.5;0.0
-1;10013.0;7997;164;0.0;0.0;0.0;0.0;7999;50;8000.0;114.0;0.0;0.0;7998.0;0.0
-1;10014.0;7998;148;0.0;0.0;0.0;0.0;8000;47;8001.0;101.0;0.0;0.0;7999.0;0.0
-1;10015.0;7998;191;0.0;0.0;0.0;0.0;8001;191;0.0;0.0;0.0;0.0;7999.5;0.0
-1;10016.0;8000;182;0.0;0.0;0.0;0.0;8001;60;8002.0;64.0;8003.0;118.0;8000.5;0.0
-1;10017.0;8000;161;0.0;0.0;0.0;0.0;8003;191;0.0;0.0;0.0;0.0;8001.5;-50.640625
-1;10018.0;8000;188;0.0;0.0;0.0;0.0;8003;188;0.0;0.0;0.0;0.0;8001.5;-40.71875
-1;10019.0;8001;72;8000.0;188.0;0.0;0.0;8003;188;0.0;0.0;0.0;0.0;8002.0;-43.546875
-1;10020.0;8000;169;0.0;0.0;0.0;0.0;8002;68;8003.0;101.0;0.0;0.0;8001.0;-30.1875
-1;10021.0;8000;166;0.0;0.0;0.0;0.0;8003;166;0.0;0.0;0.0;0.0;8001.5;-49.640625
-1;10022.0;8001;204;0.0;0.0;0.0;0.0;8003;72;8004.0;132.0;0.0;0.0;8002.0;-61.90625
-1;10023.0;8000;174;0.0;0.0;0.0;0.0;8002;48;8003.0;126.0;0.0;0.0;8001.0;-32.078125
-1;10024.0;8000;153;0.0;0.0;0.0;0.0;8003;153;0.0;0.0;0.0;0.0;8001.5;-43.75
-1;10025.0;7999;185;0.0;0.0;0.0;0.0;8002;185;0.0;0.0;0.0;0.0;8000.5;-23.890625
-1;10026.0;8000;42;7999.0;116.0;0.0;0.0;8002;158;0.0;0.0;0.0;0.0;8001.0;-25.59375
-1;10027.0;7999;155;0.0;0.0;0.0;0.0;8002;155;0.0;0.0;0.0;0.0;8000.5;-16.328125
-1;10028.0;7999;210;0.0;0.0;0.0;0.0;8002;210;0.0;0.0;0.0;0.0;8000.5;-23.125
-1;10029.0;7997;181;0.0;0.0;0.0;0.0;8000;181;0.0;0.0;0.0;0.0;7998.5;39.703125
-1;10030.0;7998;169;0.0;0.0;0.0;0.0;8000;42;8001.0;127.0;0.0;0.0;7999.0;8.65625
-1;10031.0;7997;63;7996.0;134.0;0.0;0.0;7999;197;0.0;0.0;0.0;0.0;7998.0;54.625
-1;10032.0;7998;77;7997.0;105.0;0.0;0.0;8000;182;0.0;0.0;0.0;0.0;7999.0;16.875
-1;10033.0;7997;62;7996.0;116.0;0.0;0.0;7999;178;0.0;0.0;0.0;0.0;7998.0;55.0625
-1;10034.0;7996;180;0.0;0.0;0.0;0.0;7999;180;0.0;0.0;0.0;0.0;7997.5;71.8125
-1;10035.0;7996;20;7995.0;143.0;0.0;0.0;7998;203;0.0;0.0;0.0;0.0;7997.0;59.5
-1;10036.0;7996;201;0.0;0.0;0.0;0.0;7998;75;7999.0;126.0;0.0;0.0;7997.0;43.0625
-1;10037.0;7997;56;7996.0;129.0;0.0;0.0;7999;185;0.0;0.0;0.0;0.0;7998.0;-25.125
-1;10038.0;7997;197;0.0;0.0;0.0;0.0;7999;72;8000.0;125.0;0.0;0.0;7998.0;-38.75
-1;10039.0;7997;201;0.0;0.0;0.0;0.0;7999;62;8000.0;139.0;0.0;0.0;7998.0;-37.1875
-1;10040.0;7997;190;0.0;0.0;0.0;0.0;8000;190;0.0;0.0;0.0;0.0;7998.5;-47.6875
-1;10041.0;7997;162;0.0;0.0;0.0;0.0;7999;62;8000.0;100.0;0.0;0.0;7998.0;-40.8125
-1;10042.0;7997;189;0.0;0.0;0.0;0.0;7999;49;8000.0;140.0;0.0;0.0;7998.0;-44.25
-1;10043.0;7996;191;0.0;0.0;0.0;0.0;7999;191;0.0;0.0;0.0;0.0;7997.5;3.4375
-1;10044.0;7996;195;0.0;0.0;0.0;0.0;7999;195;0.0;0.0;0.0;0.0;7997.5;12.1875
-1;10045.0;7997;200;0.0;0.0;0.0;0.0;8000;200;0.0;0.0;0.0;0.0;7998.5;-82.625
-1;10046.0;7998;201;0.0;0.0;0.0;0.0;8001;201;0.0;0.0;0.0;0.0;7999.5;-154.5625
-1;10047.0;7997;169;0.0;0.0;0.0;0.0;7999;56;8000.0;113.0;0.0;0.0;7998.0;-44.5
-1;10048.0;7997;166;0.0;0.0;0.0;0.0;7999;60;8000.0;106.0;0.0;0.0;7998.0;-30.75
-1;10049.0;7997;184;0.0;0.0;0.0;0.0;7999;73;8000.0;111.0;0.0;0.0;7998.0;-43.875
-1;10050.0;7996;145;0.0;0.0;0.0;0.0;7999;145;0.0;0.0;0.0;0.0;7997.5;-10.125
-1;10051.0;7996;200;0.0;0.0;0.0;0.0;7999;200;0.0;0.0;0.0;0.0;7997.5;31.9375
-1;10052.0;7996;208;0.0;0.0;0.0;0.0;7998;70;7999.0;138.0;0.0;0.0;7997.0;34.625
-1;10053.0;7997;171;0.0;0.0;0.0;0.0;7999;53;8000.0;118.0;0.0;0.0;7998.0;-30.75
-1;10054.0;7998;58;7997.0;144.0;0.0;0.0;8000;202;0.0;0.0;0.0;0.0;7999.0;-117.4375
-1;10055.0;7998;79;7997.0;149.0;0.0;0.0;8000;228;0.0;0.0;0.0;0.0;7999.0;-121.8125
-1;10056.0;7998;204;0.0;0.0;0.0;0.0;8001;204;0.0;0.0;0.0;0.0;7999.5;-183.25
-1;10057.0;7998;187;0.0;0.0;0.0;0.0;8001;187;0.0;0.0;0.0;0.0;7999.5;-177.5
-1;10058.0;7999;62;7998.0;146.0;0.0;0.0;8001;208;0.0;0.0;0.0;0.0;8000.0;-207.0625
-1;10059.0;7998;222;0.0;0.0;0.0;0.0;8001;222;0.0;0.0;0.0;0.0;7999.5;-193.3125
-1;10060.0;7997;179;0.0;0.0;0.0;0.0;8000;179;0.0;0.0;0.0;0.0;7998.5;-84.6875
-1;10061.0;7997;62;7996.0;138.0;0.0;0.0;7999;200;0.0;0.0;0.0;0.0;7998.0;-36.9375
-1;10062.0;7997;207;0.0;0.0;0.0;0.0;8000;207;0.0;0.0;0.0;0.0;7998.5;-65.4375
-1;10063.0;7998;183;0.0;0.0;0.0;0.0;8001;183;0.0;0.0;0.0;0.0;7999.5;-150.8125
-1;10064.0;7998;201;0.0;0.0;0.0;0.0;8001;201;0.0;0.0;0.0;0.0;7999.5;-176.25
-1;10065.0;8000;199;0.0;0.0;0.0;0.0;8003;199;0.0;0.0;0.0;0.0;8001.5;-327.125
-1;10066.0;8001;203;0.0;0.0;0.0;0.0;8003;67;8004.0;136.0;0.0;0.0;8002.0;-395.375
-1;10067.0;8001;175;0.0;0.0;0.0;0.0;8003;66;8004.0;109.0;0.0;0.0;8002.0;-400.875
-1;10068.0;8000;189;0.0;0.0;0.0;0.0;8003;189;0.0;0.0;0.0;0.0;8001.5;-370.6875
-1;10069.0;8002;188;0.0;0.0;0.0;0.0;8005;188;0.0;0.0;0.0;0.0;8003.5;-535.9375
-1;10070.0;8004;18;8002.0;207.0;0.0;0.0;8005;207;0.0;0.0;0.0;0.0;8004.5;-521.625
-1;10071.0;8001;210;0.0;0.0;0.0;0.0;8002;77;8004.0;210.0;0.0;0.0;8001.5;-442.5
-1;10072.0;8002;59;8001.0;123.0;0.0;0.0;8004;182;0.0;0.0;0.0;0.0;8003.0;-472.8125
-1;10073.0;8001;212;0.0;0.0;0.0;0.0;8004;212;0.0;0.0;0.0;0.0;8002.5;-434.1875
-1;10074.0;8002;56;8001.0;147.0;0.0;0.0;8004;203;0.0;0.0;0.0;0.0;8003.0;-479.1875
-1;10075.0;8000;183;0.0;0.0;0.0;0.0;8003;183;0.0;0.0;0.0;0.0;8001.5;-369.0625
-1;10076.0;8001;178;0.0;0.0;0.0;0.0;8004;178;0.0;0.0;0.0;0.0;8002.5;-435.875
-1;10077.0;8002;177;0.0;0.0;0.0;0.0;8005;177;0.0;0.0;0.0;0.0;8003.5;-508.4375
-1;10078.0;8002;77;8001.0;139.0;0.0;0.0;8004;216;0.0;0.0;0.0;0.0;8003.0;-483.6875
-1;10079.0;8001;179;0.0;0.0;0.0;0.0;8004;179;0.0;0.0;0.0;0.0;8002.5;-414.875
-1;10080.0;8001;146;0.0;0.0;0.0;0.0;8004;146;0.0;0.0;0.0;0.0;8002.5;-425.6875
-1;10081.0;8002;213;0.0;0.0;0.0;0.0;8003;40;8005.0;213.0;0.0;0.0;8002.5;-510.875
-1;10082.0;8002;70;8001.0;146.0;0.0;0.0;8004;216;0.0;0.0;0.0;0.0;8003.0;-468.9375
-1;10083.0;8001;206;0.0;0.0;0.0;0.0;8004;206;0.0;0.0;0.0;0.0;8002.5;-456.5
-1;10084.0;8002;150;0.0;0.0;0.0;0.0;8005;150;0.0;0.0;0.0;0.0;8003.5;-541.6875
-1;10085.0;8003;192;0.0;0.0;0.0;0.0;8005;73;8006.0;119.0;0.0;0.0;8004.0;-586.0625
-1;10086.0;8003;176;0.0;0.0;0.0;0.0;8005;63;8006.0;113.0;0.0;0.0;8004.0;-578.125
-1;10087.0;8003;154;0.0;0.0;0.0;0.0;8006;154;0.0;0.0;0.0;0.0;8004.5;-603.875
-1;10088.0;8003;177;0.0;0.0;0.0;0.0;8006;177;0.0;0.0;0.0;0.0;8004.5;-617.875
-1;10089.0;8003;183;0.0;0.0;0.0;0.0;8005;71;8006.0;112.0;0.0;0.0;8004.0;-588.625
-1;10090.0;8003;173;0.0;0.0;0.0;0.0;8005;40;8006.0;133.0;0.0;0.0;8004.0;-578.8125
-1;10091.0;8001;60;8000.0;118.0;0.0;0.0;8003;178;0.0;0.0;0.0;0.0;8002.0;-387.5
-1;10092.0;8001;165;0.0;0.0;0.0;0.0;8003;43;8004.0;122.0;0.0;0.0;8002.0;-396.6875
-1;10093.0;8001;190;0.0;0.0;0.0;0.0;8002;62;8004.0;190.0;0.0;0.0;8001.5;-460.6875
-1;10094.0;8002;151;0.0;0.0;0.0;0.0;8005;151;0.0;0.0;0.0;0.0;8003.5;-509.625
-1;10095.0;8002;71;8001.0;136.0;0.0;0.0;8004;207;0.0;0.0;0.0;0.0;8003.0;-478.875
-1;10096.0;8003;222;0.0;0.0;0.0;0.0;8006;222;0.0;0.0;0.0;0.0;8004.5;-599.75
-1;10097.0;8004;185;0.0;0.0;0.0;0.0;8007;185;0.0;0.0;0.0;0.0;8005.5;-698.875
-1;10098.0;8003;206;0.0;0.0;0.0;0.0;8004;78;8006.0;206.0;0.0;0.0;8003.5;-639.625
-1;10099.0;8003;218;0.0;0.0;0.0;0.0;8006;218;0.0;0.0;0.0;0.0;8004.5;-638.125
-1;10100.0;8003;148;0.0;0.0;0.0;0.0;8006;148;0.0;0.0;0.0;0.0;8004.5;-606.75
-1;10101.0;8002;197;0.0;0.0;0.0;0.0;8005;197;0.0;0.0;0.0;0.0;8003.5;-547.5625
-1;10102.0;8003;206;0.0;0.0;0.0;0.0;8006;206;0.0;0.0;0.0;0.0;8004.5;-623.125
-1;10103.0;8004;189;0.0;0.0;0.0;0.0;8005;64;8007.0;189.0;0.0;0.0;8004.5;-696.9375
-1;10104.0;8004;62;8003.0;133.0;0.0;0.0;8006;195;0.0;0.0;0.0;0.0;8005.0;-648.5
-1;10105.0;8004;43;8003.0;197.0;0.0;0.0;8006;197;0.0;0.0;0.0;0.0;8005.0;-638.25
-1;10106.0;8004;178;0.0;0.0;0.0;0.0;8006;75;8007.0;103.0;0.0;0.0;8005.0;-668.375
-1;10107.0;8004;48;8003.0;121.0;0.0;0.0;8006;169;0.0;0.0;0.0;0.0;8005.0;-646.6875
-1;10108.0;8004;160;0.0;0.0;0.0;0.0;8007;160;0.0;0.0;0.0;0.0;8005.5;-717.25
-1;10109.0;8005;70;8004.0;104.0;0.0;0.0;8007;174;0.0;0.0;0.0;0.0;8006.0;-742.5
-1;10110.0;8005;192;0.0;0.0;0.0;0.0;8007;72;8008.0;120.0;0.0;0.0;8006.0;-768.5
-1;10111.0;8004;78;8003.0;143.0;0.0;0.0;8006;221;0.0;0.0;0.0;0.0;8005.0;-659.6875
-1;10112.0;8005;71;8004.0;131.0;0.0;0.0;8007;202;0.0;0.0;0.0;0.0;8006.0;-747.0625
-1;10113.0;8003;205;0.0;0.0;0.0;0.0;8005;77;8006.0;128.0;0.0;0.0;8004.0;-584.3125
-1;10114.0;8003;187;0.0;0.0;0.0;0.0;8004;44;8005.0;80.0;8006.0;107.0;8003.5;-579.25
-1;10115.0;8004;64;8003.0;132.0;0.0;0.0;8006;196;0.0;0.0;0.0;0.0;8005.0;-658.75
-1;10116.0;8004;189;0.0;0.0;0.0;0.0;8006;40;8007.0;149.0;0.0;0.0;8005.0;-676.3125
-1;10117.0;8003;195;0.0;0.0;0.0;0.0;8006;195;0.0;0.0;0.0;0.0;8004.5;-613.25
-1;10118.0;8003;184;0.0;0.0;0.0;0.0;8005;64;8006.0;120.0;0.0;0.0;8004.0;-577.5625
-1;10119.0;8002;170;0.0;0.0;0.0;0.0;8004;46;8005.0;124.0;0.0;0.0;8003.0;-476.6875
-1;10120.0;8003;189;0.0;0.0;0.0;0.0;8005;47;8006.0;142.0;0.0;0.0;8004.0;-575.6875
-1;10121.0;8003;198;0.0;0.0;0.0;0.0;8006;198;0.0;0.0;0.0;0.0;8004.5;-608.9375
-1;10122.0;8002;146;0.0;0.0;0.0;0.0;8005;146;0.0;0.0;0.0;0.0;8003.5;-534.9375
-1;10123.0;8004;187;0.0;0.0;0.0;0.0;8006;72;8007.0;115.0;0.0;0.0;8005.0;-678.6875
-1;10124.0;8003;156;0.0;0.0;0.0;0.0;8006;156;0.0;0.0;0.0;0.0;8004.5;-635.125
-1;10125.0;8004;79;8003.0;116.0;0.0;0.0;8006;195;0.0;0.0;0.0;0.0;8005.0;-666.0
-1;10126.0;8003;58;8002.0;185.0;0.0;0.0;8005;185;0.0;0.0;0.0;0.0;8004.0;-518.5625
-1;10127.0;8002;187;0.0;0.0;0.0;0.0;8005;187;0.0;0.0;0.0;0.0;8003.5;-513.0625
-1;10128.0;8003;70;8002.0;126.0;0.0;0.0;8005;196;0.0;0.0;0.0;0.0;8004.0;-563.875
-1;10129.0;8003;64;8002.0;133.0;0.0;0.0;8005;197;0.0;0.0;0.0;0.0;8004.0;-572.625
-1;10130.0;8003;55;8002.0;175.0;0.0;0.0;8005;175;0.0;0.0;0.0;0.0;8004.0;-508.0
-1;10131.0;8003;180;0.0;0.0;0.0;0.0;8005;63;8006.0;117.0;0.0;0.0;8004.0;-599.0
-1;10132.0;8002;199;0.0;0.0;0.0;0.0;8003;58;8005.0;199.0;0.0;0.0;8002.5;-507.25
-1;10133.0;8003;157;0.0;0.0;0.0;0.0;8006;157;0.0;0.0;0.0;0.0;8004.5;-622.5625
-1;10134.0;8003;149;0.0;0.0;0.0;0.0;8006;149;0.0;0.0;0.0;0.0;8004.5;-607.25
-1;10135.0;8004;43;8003.0;173.0;0.0;0.0;8006;173;0.0;0.0;0.0;0.0;8005.0;-600.8125
-1;10136.0;8003;153;0.0;0.0;0.0;0.0;8006;153;0.0;0.0;0.0;0.0;8004.5;-631.9375
-1;10137.0;8004;69;8003.0;100.0;0.0;0.0;8006;169;0.0;0.0;0.0;0.0;8005.0;-667.3125
-1;10138.0;8005;219;0.0;0.0;0.0;0.0;8008;219;0.0;0.0;0.0;0.0;8006.5;-836.625
-1;10139.0;8005;183;0.0;0.0;0.0;0.0;8006;79;8008.0;183.0;0.0;0.0;8005.5;-852.4375
-1;10140.0;8004;193;0.0;0.0;0.0;0.0;8007;193;0.0;0.0;0.0;0.0;8005.5;-720.125
-1;10141.0;8004;175;0.0;0.0;0.0;0.0;8007;175;0.0;0.0;0.0;0.0;8005.5;-750.1875
-1;10142.0;8004;53;8003.0;133.0;0.0;0.0;8006;186;0.0;0.0;0.0;0.0;8005.0;-667.75
-1;10143.0;8003;181;0.0;0.0;0.0;0.0;8006;181;0.0;0.0;0.0;0.0;8004.5;-628.125
-1;10144.0;8003;185;0.0;0.0;0.0;0.0;8005;48;8006.0;137.0;0.0;0.0;8004.0;-589.5
-1;10145.0;8003;177;0.0;0.0;0.0;0.0;8005;69;8006.0;108.0;0.0;0.0;8004.0;-597.5625
-1;10146.0;8004;206;0.0;0.0;0.0;0.0;8006;73;8007.0;133.0;0.0;0.0;8005.0;-701.0
-1;10147.0;8004;208;0.0;0.0;0.0;0.0;8007;208;0.0;0.0;0.0;0.0;8005.5;-707.625
-1;10148.0;8004;65;8003.0;114.0;0.0;0.0;8006;179;0.0;0.0;0.0;0.0;8005.0;-669.9375
-1;10149.0;8003;178;0.0;0.0;0.0;0.0;8005;43;8006.0;135.0;0.0;0.0;8004.0;-597.6875
-1;10150.0;8002;189;0.0;0.0;0.0;0.0;8005;189;0.0;0.0;0.0;0.0;8003.5;-528.9375
-1;10151.0;8002;193;0.0;0.0;0.0;0.0;8004;80;8005.0;113.0;0.0;0.0;8003.0;-488.3125
-1;10152.0;8002;176;0.0;0.0;0.0;0.0;8005;176;0.0;0.0;0.0;0.0;8003.5;-505.1875
-1;10153.0;8002;175;0.0;0.0;0.0;0.0;8003;45;8005.0;175.0;0.0;0.0;8002.5;-513.3125
-1;10154.0;8003;41;8002.0;150.0;0.0;0.0;8005;191;0.0;0.0;0.0;0.0;8004.0;-578.875
-1;10155.0;8001;213;0.0;0.0;0.0;0.0;8004;213;0.0;0.0;0.0;0.0;8002.5;-395.875
-1;10156.0;8002;57;8001.0;128.0;0.0;0.0;8004;185;0.0;0.0;0.0;0.0;8003.0;-458.125
-1;10157.0;8002;161;0.0;0.0;0.0;0.0;8005;174;0.0;0.0;0.0;0.0;8003.5;-531.625
-1;10158.0;8000;196;0.0;0.0;0.0;0.0;8003;196;0.0;0.0;0.0;0.0;8001.5;-308.5
-1;10159.0;8001;215;0.0;0.0;0.0;0.0;8004;215;0.0;0.0;0.0;0.0;8002.5;-415.0625
-1;10160.0;8002;75;8001.0;177.0;0.0;0.0;8004;177;0.0;0.0;0.0;0.0;8003.0;-414.0625
-1;10161.0;8000;187;0.0;0.0;0.0;0.0;8003;187;0.0;0.0;0.0;0.0;8001.5;-276.6875
-1;10162.0;8000;191;0.0;0.0;0.0;0.0;8003;191;0.0;0.0;0.0;0.0;8001.5;-305.1875
-1;10163.0;7999;185;0.0;0.0;0.0;0.0;8002;185;0.0;0.0;0.0;0.0;8000.5;-188.0
-1;10164.0;7999;213;0.0;0.0;0.0;0.0;8002;213;0.0;0.0;0.0;0.0;8000.5;-167.0625
-1;10165.0;7999;169;0.0;0.0;0.0;0.0;8002;169;0.0;0.0;0.0;0.0;8000.5;-219.625
-1;10166.0;8001;56;8000.0;166.0;0.0;0.0;8003;166;0.0;0.0;0.0;0.0;8002.0;-324.1875
-1;10167.0;8001;197;0.0;0.0;0.0;0.0;8004;197;0.0;0.0;0.0;0.0;8002.5;-419.625
-1;10168.0;8001;191;0.0;0.0;0.0;0.0;8004;191;0.0;0.0;0.0;0.0;8002.5;-399.875
-1;10169.0;7999;191;0.0;0.0;0.0;0.0;8002;191;0.0;0.0;0.0;0.0;8000.5;-189.5
-1;10170.0;7999;69;7998.0;103.0;0.0;0.0;8001;172;0.0;0.0;0.0;0.0;8000.0;-122.1875
-1;10171.0;7999;185;0.0;0.0;0.0;0.0;8001;57;8002.0;128.0;0.0;0.0;8000.0;-147.375
-1;10172.0;7999;191;0.0;0.0;0.0;0.0;8002;191;0.0;0.0;0.0;0.0;8000.5;-218.875
-1;10173.0;8000;68;7999.0;116.0;0.0;0.0;8002;184;0.0;0.0;0.0;0.0;8001.0;-230.0
-1;10174.0;7999;4;7998.0;136.0;0.0;0.0;8001;192;0.0;0.0;0.0;0.0;8000.0;-175.125
-1;10175.0;7999;49;7998.0;167.0;0.0;0.0;8001;167;0.0;0.0;0.0;0.0;8000.0;-119.25
-1;10176.0;7997;177;0.0;0.0;0.0;0.0;8000;177;0.0;0.0;0.0;0.0;7998.5;35.0
-1;10177.0;7997;188;0.0;0.0;0.0;0.0;8000;188;0.0;0.0;0.0;0.0;7998.5;45.0
-1;10178.0;7996;188;0.0;0.0;0.0;0.0;7998;51;7999.0;137.0;0.0;0.0;7997.0;297.75
-1;10179.0;7996;173;0.0;0.0;0.0;0.0;7998;65;7999.0;108.0;0.0;0.0;7997.0;313.25
-1;10180.0;7996;184;0.0;0.0;0.0;0.0;7999;184;0.0;0.0;0.0;0.0;7997.5;208.5
-1;10181.0;7995;180;0.0;0.0;0.0;0.0;7998;180;0.0;0.0;0.0;0.0;7996.5;364.125
-1;10182.0;7996;188;0.0;0.0;0.0;0.0;7999;210;0.0;0.0;0.0;0.0;7997.5;173.5
-1;10183.0;7994;184;0.0;0.0;0.0;0.0;7997;184;0.0;0.0;0.0;0.0;7995.5;562.625
-1;10184.0;7995;158;0.0;0.0;0.0;0.0;7997;45;7998.0;113.0;0.0;0.0;7996.0;467.125
-1;10185.0;7994;191;0.0;0.0;0.0;0.0;7996;77;7997.0;114.0;0.0;0.0;7995.0;660.625
-1;10186.0;7994;77;7993.0;145.0;0.0;0.0;7996;222;0.0;0.0;0.0;0.0;7995.0;715.75
-1;10187.0;7994;141;0.0;0.0;0.0;0.0;7996;41;7997.0;100.0;0.0;0.0;7995.0;673.125
-1;10188.0;7994;165;0.0;0.0;0.0;0.0;7997;165;0.0;0.0;0.0;0.0;7995.5;577.125
-1;10189.0;7993;173;0.0;0.0;0.0;0.0;7995;41;7996.0;132.0;0.0;0.0;7994.0;859.125
-1;10190.0;7994;65;7993.0;205.0;0.0;0.0;7996;205;0.0;0.0;0.0;0.0;7995.0;828.5
-1;10191.0;7992;80;7991.0;135.0;0.0;0.0;7994;215;0.0;0.0;0.0;0.0;7993.0;1108.0
-1;10192.0;7992;118;7991.0;141.0;0.0;0.0;7994;188;0.0;0.0;0.0;0.0;7993.0;1091.25
-1;10193.0;7992;80;7991.0;225.0;0.0;0.0;7994;225;0.0;0.0;0.0;0.0;7993.0;1140.125
-1;10194.0;7992;51;7991.0;111.0;0.0;0.0;7994;162;0.0;0.0;0.0;0.0;7993.0;1092.25
-1;10195.0;7991;185;0.0;0.0;0.0;0.0;7993;69;7994.0;116.0;0.0;0.0;7992.0;1258.5
-1;10196.0;7990;190;0.0;0.0;0.0;0.0;7993;190;0.0;0.0;0.0;0.0;7991.5;1314.375
-1;10197.0;7989;152;0.0;0.0;0.0;0.0;7992;152;0.0;0.0;0.0;0.0;7990.5;1502.75
-1;10198.0;7989;186;0.0;0.0;0.0;0.0;7992;186;0.0;0.0;0.0;0.0;7990.5;1504.75
-1;10199.0;7990;172;0.0;0.0;0.0;0.0;7993;172;0.0;0.0;0.0;0.0;7991.5;1393.25
-1;10200.0;7990;201;0.0;0.0;0.0;0.0;7993;201;0.0;0.0;0.0;0.0;7991.5;1310.375
-1;10201.0;7990;159;0.0;0.0;0.0;0.0;7993;159;0.0;0.0;0.0;0.0;7991.5;1346.625
-1;10202.0;7991;179;0.0;0.0;0.0;0.0;7994;179;0.0;0.0;0.0;0.0;7992.5;1176.75
-1;10203.0;7992;43;7991.0;150.0;0.0;0.0;7994;193;0.0;0.0;0.0;0.0;7993.0;1099.0
-1;10204.0;7993;57;7992.0;111.0;0.0;0.0;7995;168;0.0;0.0;0.0;0.0;7994.0;912.875
-1;10205.0;7993;158;0.0;0.0;0.0;0.0;7995;45;7996.0;113.0;0.0;0.0;7994.0;858.5
-1;10206.0;7993;41;7992.0;139.0;0.0;0.0;7995;180;0.0;0.0;0.0;0.0;7994.0;908.625
-1;10207.0;7993;173;0.0;0.0;0.0;0.0;7996;173;0.0;0.0;0.0;0.0;7994.5;836.5
-1;10208.0;7994;218;0.0;0.0;0.0;0.0;7996;71;7997.0;147.0;0.0;0.0;7995.0;659.875
-1;10209.0;7994;59;7993.0;112.0;0.0;0.0;7996;171;0.0;0.0;0.0;0.0;7995.0;695.0
-1;10210.0;7994;152;0.0;0.0;0.0;0.0;7997;152;0.0;0.0;0.0;0.0;7995.5;644.375
-1;10211.0;7993;162;0.0;0.0;0.0;0.0;7996;162;0.0;0.0;0.0;0.0;7994.5;769.375
-1;10212.0;7994;166;0.0;0.0;0.0;0.0;7997;166;0.0;0.0;0.0;0.0;7995.5;608.25
-1;10213.0;7994;40;7993.0;103.0;0.0;0.0;7996;143;0.0;0.0;0.0;0.0;7995.0;710.75
-1;10214.0;7992;192;0.0;0.0;0.0;0.0;7995;192;0.0;0.0;0.0;0.0;7993.5;1011.125
-1;10215.0;7993;70;7992.0;129.0;0.0;0.0;7995;199;0.0;0.0;0.0;0.0;7994.0;882.125
-1;10216.0;7992;67;7991.0;129.0;0.0;0.0;7994;196;0.0;0.0;0.0;0.0;7993.0;1096.375
-1;10217.0;7993;74;7992.0;117.0;0.0;0.0;7995;191;0.0;0.0;0.0;0.0;7994.0;889.25
-1;10218.0;7992;180;0.0;0.0;0.0;0.0;7995;180;0.0;0.0;0.0;0.0;7993.5;995.375
-1;10219.0;7991;224;0.0;0.0;0.0;0.0;7994;224;0.0;0.0;0.0;0.0;7992.5;1198.625
-1;10220.0;7990;182;0.0;0.0;0.0;0.0;7993;182;0.0;0.0;0.0;0.0;7991.5;1354.75
-1;10221.0;7991;185;0.0;0.0;0.0;0.0;7993;79;7994.0;106.0;0.0;0.0;7992.0;1259.0
-1;10222.0;7990;198;0.0;0.0;0.0;0.0;7993;198;0.0;0.0;0.0;0.0;7991.5;1343.875
-1;10223.0;7991;205;0.0;0.0;0.0;0.0;7993;69;7994.0;136.0;0.0;0.0;7992.0;1240.375
-1;10224.0;7990;153;0.0;0.0;0.0;0.0;7993;153;0.0;0.0;0.0;0.0;7991.5;1406.375
-1;10225.0;7991;44;7990.0;115.0;0.0;0.0;7993;159;0.0;0.0;0.0;0.0;7992.0;1274.0
-1;10226.0;7991;183;0.0;0.0;0.0;0.0;7993;71;7994.0;112.0;0.0;0.0;7992.0;1255.5
-1;10227.0;7991;169;0.0;0.0;0.0;0.0;7993;41;7994.0;128.0;0.0;0.0;7992.0;1240.5
-1;10228.0;7994;117;7993.0;114.0;0.0;0.0;7996;188;0.0;0.0;0.0;0.0;7995.0;721.125
-1;10229.0;7992;195;0.0;0.0;0.0;0.0;7995;195;0.0;0.0;0.0;0.0;7993.5;929.75
-1;10230.0;7993;179;0.0;0.0;0.0;0.0;7996;179;0.0;0.0;0.0;0.0;7994.5;804.0
-1;10231.0;7992;182;0.0;0.0;0.0;0.0;7994;65;7995.0;117.0;0.0;0.0;7993.0;1051.25
-1;10232.0;7991;164;0.0;0.0;0.0;0.0;7994;164;0.0;0.0;0.0;0.0;7992.5;1115.625
-1;10233.0;7991;49;7990.0;142.0;0.0;0.0;7993;191;0.0;0.0;0.0;0.0;7992.0;1286.75
-1;10234.0;7990;157;0.0;0.0;0.0;0.0;7993;157;0.0;0.0;0.0;0.0;7991.5;1381.0
-1;10235.0;7991;41;7990.0;191.0;0.0;0.0;7993;191;0.0;0.0;0.0;0.0;7992.0;1374.875
-1;10236.0;7989;168;0.0;0.0;0.0;0.0;7992;168;0.0;0.0;0.0;0.0;7990.5;1571.75
-1;10237.0;7990;56;7989.0;136.0;0.0;0.0;7992;192;0.0;0.0;0.0;0.0;7991.0;1485.25
-1;10238.0;7989;199;0.0;0.0;0.0;0.0;7991;80;7992.0;119.0;0.0;0.0;7990.0;1630.625
-1;10239.0;7989;180;0.0;0.0;0.0;0.0;7992;180;0.0;0.0;0.0;0.0;7990.5;1500.375
-1;10240.0;7989;199;0.0;0.0;0.0;0.0;7992;199;0.0;0.0;0.0;0.0;7990.5;1606.75
-1;10241.0;7989;210;0.0;0.0;0.0;0.0;7991;62;7992.0;148.0;0.0;0.0;7990.0;1639.375
-1;10242.0;7989;172;0.0;0.0;0.0;0.0;7991;72;7992.0;100.0;0.0;0.0;7990.0;1638.5
-1;10243.0;7989;54;7988.0;140.0;0.0;0.0;7991;194;0.0;0.0;0.0;0.0;7990.0;1670.25
-1;10244.0;7989;178;0.0;0.0;0.0;0.0;7992;178;0.0;0.0;0.0;0.0;7990.5;1516.75
-1;10245.0;7992;180;0.0;0.0;0.0;0.0;7994;57;7995.0;123.0;0.0;0.0;7993.0;1050.25
-1;10246.0;7992;188;0.0;0.0;0.0;0.0;7994;50;7995.0;138.0;0.0;0.0;7993.0;1051.25
-1;10247.0;7991;189;0.0;0.0;0.0;0.0;7994;189;0.0;0.0;0.0;0.0;7992.5;1145.25
-1;10248.0;7991;200;0.0;0.0;0.0;0.0;7994;200;0.0;0.0;0.0;0.0;7992.5;1140.25
-1;10249.0;7992;49;7991.0;115.0;0.0;0.0;7994;164;0.0;0.0;0.0;0.0;7993.0;1072.875
-1;10250.0;7991;165;0.0;0.0;0.0;0.0;7994;165;0.0;0.0;0.0;0.0;7992.5;1155.0
-1;10251.0;7993;214;0.0;0.0;0.0;0.0;7994;79;7996.0;214.0;0.0;0.0;7993.5;752.25
-1;10252.0;7992;181;0.0;0.0;0.0;0.0;7995;181;0.0;0.0;0.0;0.0;7993.5;925.5
-1;10253.0;7993;197;0.0;0.0;0.0;0.0;7994;63;7995.0;71.0;7996.0;126.0;7993.5;874.5
-1;10254.0;7992;184;0.0;0.0;0.0;0.0;7994;78;7995.0;106.0;0.0;0.0;7993.0;1067.875
-1;10255.0;7993;53;7992.0;189.0;0.0;0.0;7995;189;0.0;0.0;0.0;0.0;7994.0;932.75
-1;10256.0;7994;40;7993.0;137.0;0.0;0.0;7996;177;0.0;0.0;0.0;0.0;7995.0;688.0
-1;10257.0;7994;66;7993.0;159.0;0.0;0.0;7996;159;0.0;0.0;0.0;0.0;7995.0;764.875
-1;10258.0;7993;202;0.0;0.0;0.0;0.0;7996;202;0.0;0.0;0.0;0.0;7994.5;727.0
-1;10259.0;7993;164;0.0;0.0;0.0;0.0;7996;164;0.0;0.0;0.0;0.0;7994.5;829.0
-1;10260.0;7994;158;0.0;0.0;0.0;0.0;7997;158;0.0;0.0;0.0;0.0;7995.5;583.75
-1;10261.0;7995;181;0.0;0.0;0.0;0.0;7997;49;7998.0;132.0;0.0;0.0;7996.0;484.75
-1;10262.0;7995;200;0.0;0.0;0.0;0.0;7997;80;7998.0;120.0;0.0;0.0;7996.0;475.75
-1;10263.0;7995;61;7994.0;140.0;0.0;0.0;7997;201;0.0;0.0;0.0;0.0;7996.0;504.375
-1;10264.0;7995;205;0.0;0.0;0.0;0.0;7998;205;0.0;0.0;0.0;0.0;7996.5;374.25
-1;10265.0;7995;161;0.0;0.0;0.0;0.0;7997;53;7998.0;108.0;0.0;0.0;7996.0;456.625
-1;10266.0;7996;70;7995.0;176.0;0.0;0.0;7998;176;0.0;0.0;0.0;0.0;7997.0;435.25
-1;10267.0;7994;195;0.0;0.0;0.0;0.0;7996;50;7997.0;145.0;0.0;0.0;7995.0;679.375
-1;10268.0;7994;65;7993.0;109.0;0.0;0.0;7996;174;0.0;0.0;0.0;0.0;7995.0;689.625
-1;10269.0;7994;189;0.0;0.0;0.0;0.0;7997;189;0.0;0.0;0.0;0.0;7995.5;607.75
-1;10270.0;7993;170;0.0;0.0;0.0;0.0;7996;170;0.0;0.0;0.0;0.0;7994.5;777.25
-1;10271.0;7994;217;0.0;0.0;0.0;0.0;7996;80;7997.0;137.0;0.0;0.0;7995.0;650.5
-1;10272.0;7993;154;0.0;0.0;0.0;0.0;7996;154;0.0;0.0;0.0;0.0;7994.5;813.75
-1;10273.0;7992;230;0.0;0.0;0.0;0.0;7995;230;0.0;0.0;0.0;0.0;7993.5;958.0
-1;10274.0;7992;173;0.0;0.0;0.0;0.0;7994;64;7995.0;109.0;0.0;0.0;7993.0;1060.5
-1;10275.0;7992;151;0.0;0.0;0.0;0.0;7993;55;7995.0;151.0;0.0;0.0;7992.5;979.5
-1;10276.0;7992;176;0.0;0.0;0.0;0.0;7995;176;0.0;0.0;0.0;0.0;7993.5;987.75
-1;10277.0;7993;196;0.0;0.0;0.0;0.0;7996;196;0.0;0.0;0.0;0.0;7994.5;777.0
-1;10278.0;7991;149;0.0;0.0;0.0;0.0;7994;149;0.0;0.0;0.0;0.0;7992.5;1216.25
-1;10279.0;7990;124;0.0;0.0;0.0;0.0;7991;3;7993.0;182.0;0.0;0.0;7990.5;1223.625
-1;10280.0;7992;191;0.0;0.0;0.0;0.0;7994;65;7995.0;126.0;0.0;0.0;7993.0;937.125
-1;10281.0;7991;187;0.0;0.0;0.0;0.0;7994;187;0.0;0.0;0.0;0.0;7992.5;1082.25
-1;10282.0;7992;178;0.0;0.0;0.0;0.0;7995;178;0.0;0.0;0.0;0.0;7993.5;780.875
-1;10283.0;7992;219;0.0;0.0;0.0;0.0;7995;219;0.0;0.0;0.0;0.0;7993.5;831.75
-1;10284.0;7994;180;0.0;0.0;0.0;0.0;7997;180;0.0;0.0;0.0;0.0;7995.5;281.375
-1;10285.0;7993;59;7992.0;113.0;0.0;0.0;7995;172;0.0;0.0;0.0;0.0;7994.0;715.625
-1;10286.0;7994;210;0.0;0.0;0.0;0.0;7996;61;7997.0;149.0;0.0;0.0;7995.0;450.5
-1;10287.0;7995;179;0.0;0.0;0.0;0.0;7998;179;0.0;0.0;0.0;0.0;7996.5;131.375
-1;10288.0;7996;217;0.0;0.0;0.0;0.0;7999;217;0.0;0.0;0.0;0.0;7997.5;-128.125
-1;10289.0;7996;72;7995.0;184.0;0.0;0.0;7997;51;7998.0;133.0;0.0;0.0;7996.5;178.625
-1;10290.0;7996;156;0.0;0.0;0.0;0.0;7998;43;7999.0;113.0;0.0;0.0;7997.0;-49.375
-1;10291.0;7994;221;0.0;0.0;0.0;0.0;7996;80;7997.0;141.0;0.0;0.0;7995.0;405.125
-1;10292.0;7994;167;0.0;0.0;0.0;0.0;7997;167;0.0;0.0;0.0;0.0;7995.5;369.0
-1;10293.0;7995;196;0.0;0.0;0.0;0.0;7998;196;0.0;0.0;0.0;0.0;7996.5;98.25
-1;10294.0;7996;185;0.0;0.0;0.0;0.0;7999;185;0.0;0.0;0.0;0.0;7997.5;-102.25
-1;10295.0;7996;166;0.0;0.0;0.0;0.0;7999;166;0.0;0.0;0.0;0.0;7997.5;-220.75
-1;10296.0;7997;208;0.0;0.0;0.0;0.0;8000;208;0.0;0.0;0.0;0.0;7998.5;-355.125
-1;10297.0;7998;60;7997.0;129.0;0.0;0.0;8000;189;0.0;0.0;0.0;0.0;7999.0;-497.5
-1;10298.0;7996;187;0.0;0.0;0.0;0.0;7999;187;0.0;0.0;0.0;0.0;7997.5;-210.625
-1;10299.0;7995;167;0.0;0.0;0.0;0.0;7997;42;7998.0;125.0;0.0;0.0;7996.0;161.25
-1;10300.0;7995;189;0.0;0.0;0.0;0.0;7998;189;0.0;0.0;0.0;0.0;7996.5;144.375
-1;10301.0;7995;163;0.0;0.0;0.0;0.0;7997;70;7998.0;119.0;0.0;0.0;7996.0;125.25
-1;10302.0;7995;79;7994.0;103.0;0.0;0.0;7997;182;0.0;0.0;0.0;0.0;7996.0;229.0
-1;10303.0;7994;192;0.0;0.0;0.0;0.0;7997;192;0.0;0.0;0.0;0.0;7995.5;259.5
-1;10304.0;7995;184;0.0;0.0;0.0;0.0;7996;55;7997.0;77.0;7998.0;107.0;7995.5;152.0
-1;10305.0;7995;45;7994.0;137.0;0.0;0.0;7997;182;0.0;0.0;0.0;0.0;7996.0;197.25
-1;10306.0;7994;192;0.0;0.0;0.0;0.0;7996;63;7997.0;129.0;0.0;0.0;7995.0;412.25
-1;10307.0;7994;194;0.0;0.0;0.0;0.0;7997;194;0.0;0.0;0.0;0.0;7995.5;367.25
-1;10308.0;7994;190;0.0;0.0;0.0;0.0;7997;190;0.0;0.0;0.0;0.0;7995.5;379.25
-1;10309.0;7994;75;7993.0;105.0;0.0;0.0;7996;180;0.0;0.0;0.0;0.0;7995.0;467.25
-1;10310.0;7994;192;0.0;0.0;0.0;0.0;7996;53;7997.0;139.0;0.0;0.0;7995.0;402.25
-1;10311.0;7993;184;0.0;0.0;0.0;0.0;7996;184;0.0;0.0;0.0;0.0;7994.5;588.25
-1;10312.0;7993;181;0.0;0.0;0.0;0.0;7996;181;0.0;0.0;0.0;0.0;7994.5;553.5
-1;10313.0;7994;40;7993.0;143.0;0.0;0.0;7996;183;0.0;0.0;0.0;0.0;7995.0;479.75
-1;10314.0;7994;196;0.0;0.0;0.0;0.0;7996;66;7997.0;130.0;0.0;0.0;7995.0;423.75
-1;10315.0;7994;190;0.0;0.0;0.0;0.0;7995;80;7996.0;47.0;7997.0;143.0;7994.5;451.5
-1;10316.0;7994;186;0.0;0.0;0.0;0.0;7996;80;7997.0;106.0;0.0;0.0;7995.0;452.0
-1;10317.0;7994;204;0.0;0.0;0.0;0.0;7997;204;0.0;0.0;0.0;0.0;7995.5;342.5
-1;10318.0;7996;55;7995.0;133.0;0.0;0.0;7998;188;0.0;0.0;0.0;0.0;7997.0;-75.5
-1;10319.0;7997;51;7996.0;124.0;0.0;0.0;7999;175;0.0;0.0;0.0;0.0;7998.0;-354.5
-1;10320.0;7996;156;0.0;0.0;0.0;0.0;7999;156;0.0;0.0;0.0;0.0;7997.5;-205.0
-1;10321.0;7996;193;0.0;0.0;0.0;0.0;7999;193;0.0;0.0;0.0;0.0;7997.5;-214.75
-1;10322.0;7994;152;0.0;0.0;0.0;0.0;7997;152;0.0;0.0;0.0;0.0;7995.5;375.25
-1;10323.0;7994;59;7993.0;112.0;0.0;0.0;7996;171;0.0;0.0;0.0;0.0;7995.0;508.25
-1;10324.0;7993;200;0.0;0.0;0.0;0.0;7996;200;0.0;0.0;0.0;0.0;7994.5;574.25
-1;10325.0;7994;184;0.0;0.0;0.0;0.0;7996;70;7997.0;114.0;0.0;0.0;7995.0;449.5
-1;10326.0;7994;217;0.0;0.0;0.0;0.0;7997;217;0.0;0.0;0.0;0.0;7995.5;399.25
-1;10327.0;7995;160;0.0;0.0;0.0;0.0;7998;160;0.0;0.0;0.0;0.0;7996.5;110.0
-1;10328.0;7995;172;0.0;0.0;0.0;0.0;7998;172;0.0;0.0;0.0;0.0;7996.5;82.25
-1;10329.0;7995;106;0.0;0.0;0.0;0.0;7996;10;7998.0;149.0;0.0;0.0;7995.5;-72.5
-1;10330.0;7994;223;0.0;0.0;0.0;0.0;7997;223;0.0;0.0;0.0;0.0;7995.5;270.0
-1;10331.0;7994;177;0.0;0.0;0.0;0.0;7997;177;0.0;0.0;0.0;0.0;7995.5;336.0
-1;10332.0;7994;165;0.0;0.0;0.0;0.0;7996;56;7997.0;109.0;0.0;0.0;7995.0;518.25
-1;10333.0;7994;142;0.0;0.0;0.0;0.0;7997;142;0.0;0.0;0.0;0.0;7995.5;268.75
-1;10334.0;7993;197;0.0;0.0;0.0;0.0;7996;197;0.0;0.0;0.0;0.0;7994.5;600.0
-1;10335.0;7992;203;0.0;0.0;0.0;0.0;7995;203;0.0;0.0;0.0;0.0;7993.5;993.25
-1;10336.0;7991;184;0.0;0.0;0.0;0.0;7994;184;0.0;0.0;0.0;0.0;7992.5;1303.5
-1;10337.0;7991;202;0.0;0.0;0.0;0.0;7994;202;0.0;0.0;0.0;0.0;7992.5;1339.75
-1;10338.0;7991;181;0.0;0.0;0.0;0.0;7993;76;7994.0;105.0;0.0;0.0;7992.0;1482.0
-1;10339.0;7991;172;0.0;0.0;0.0;0.0;7994;172;0.0;0.0;0.0;0.0;7992.5;1330.5
-1;10340.0;7993;211;0.0;0.0;0.0;0.0;7994;49;7996.0;211.0;0.0;0.0;7993.5;736.5
-1;10341.0;7993;178;0.0;0.0;0.0;0.0;7995;57;7996.0;121.0;0.0;0.0;7994.0;806.0
-1;10342.0;7992;181;0.0;0.0;0.0;0.0;7994;61;7995.0;120.0;0.0;0.0;7993.0;1133.5
-1;10343.0;7992;216;0.0;0.0;0.0;0.0;7994;80;7995.0;136.0;0.0;0.0;7993.0;1123.75
-1;10344.0;7992;194;0.0;0.0;0.0;0.0;7995;194;0.0;0.0;0.0;0.0;7993.5;934.5
-1;10345.0;7994;196;0.0;0.0;0.0;0.0;7997;196;0.0;0.0;0.0;0.0;7995.5;457.25
-1;10346.0;7993;212;0.0;0.0;0.0;0.0;7996;212;0.0;0.0;0.0;0.0;7994.5;604.25
-1;10347.0;7995;180;0.0;0.0;0.0;0.0;7998;180;0.0;0.0;0.0;0.0;7996.5;43.75
-1;10348.0;7995;155;0.0;0.0;0.0;0.0;7998;155;0.0;0.0;0.0;0.0;7996.5;-25.75
-1;10349.0;7995;197;0.0;0.0;0.0;0.0;7998;197;0.0;0.0;0.0;0.0;7996.5;48.0
-1;10350.0;7995;199;0.0;0.0;0.0;0.0;7998;199;0.0;0.0;0.0;0.0;7996.5;-13.75
-1;10351.0;7997;25;7995.0;162.0;0.0;0.0;7998;162;0.0;0.0;0.0;0.0;7997.5;-27.5
-1;10352.0;7995;205;0.0;0.0;0.0;0.0;7998;205;0.0;0.0;0.0;0.0;7996.5;-39.5
-1;10353.0;7994;165;0.0;0.0;0.0;0.0;7997;165;0.0;0.0;0.0;0.0;7995.5;338.5
-1;10354.0;7994;192;0.0;0.0;0.0;0.0;7996;72;7997.0;120.0;0.0;0.0;7995.0;508.25
-1;10355.0;7993;40;7992.0;192.0;0.0;0.0;7995;192;0.0;0.0;0.0;0.0;7994.0;935.0
-1;10356.0;7993;70;7992.0;182.0;0.0;0.0;7995;182;0.0;0.0;0.0;0.0;7994.0;973.0
-1;10357.0;7992;170;0.0;0.0;0.0;0.0;7994;64;7995.0;106.0;0.0;0.0;7993.0;1143.5
-1;10358.0;7992;211;0.0;0.0;0.0;0.0;7995;211;0.0;0.0;0.0;0.0;7993.5;966.75
-1;10359.0;7993;50;7992.0;165.0;0.0;0.0;7995;165;0.0;0.0;0.0;0.0;7994.0;1001.25
-1;10360.0;7991;191;0.0;0.0;0.0;0.0;7994;191;0.0;0.0;0.0;0.0;7992.5;1287.25
-1;10361.0;7992;12;7991.0;143.0;0.0;0.0;7993;41;7994.0;102.0;0.0;0.0;7992.5;1458.25
-1;10362.0;7991;43;7990.0;118.0;0.0;0.0;7993;161;0.0;0.0;0.0;0.0;7992.0;1525.5
-1;10363.0;7991;45;7990.0;191.0;0.0;0.0;7993;191;0.0;0.0;0.0;0.0;7992.0;1674.75
-1;10364.0;7991;193;0.0;0.0;0.0;0.0;7992;52;7994.0;193.0;0.0;0.0;7991.5;1346.75
-1;10365.0;7990;203;0.0;0.0;0.0;0.0;7991;51;7993.0;203.0;0.0;0.0;7990.5;1606.75
-1;10366.0;7990;80;7989.0;147.0;0.0;0.0;7992;227;0.0;0.0;0.0;0.0;7991.0;1882.75
-1;10367.0;7990;59;7989.0;102.0;0.0;0.0;7992;161;0.0;0.0;0.0;0.0;7991.0;1902.5
-1;10368.0;7989;1;7988.0;104.0;0.0;0.0;7991;159;0.0;0.0;0.0;0.0;7990.0;2169.25
-1;10369.0;7989;42;7988.0;116.0;0.0;0.0;7991;158;0.0;0.0;0.0;0.0;7990.0;2125.5
-1;10370.0;7988;200;0.0;0.0;0.0;0.0;7991;200;0.0;0.0;0.0;0.0;7989.5;2254.0
-1;10371.0;7988;192;0.0;0.0;0.0;0.0;7991;192;0.0;0.0;0.0;0.0;7989.5;2256.75
-1;10372.0;7989;74;7988.0;214.0;0.0;0.0;7991;214;0.0;0.0;0.0;0.0;7990.0;2326.0
-1;10373.0;7988;184;0.0;0.0;0.0;0.0;7989;43;7991.0;184.0;0.0;0.0;7988.5;2223.5
-1;10374.0;7989;72;7988.0;172.0;0.0;0.0;7991;172;0.0;0.0;0.0;0.0;7990.0;2387.0
-1;10375.0;7988;189;0.0;0.0;0.0;0.0;7991;189;0.0;0.0;0.0;0.0;7989.5;2294.75
-1;10376.0;7988;71;7987.0;116.0;0.0;0.0;7990;187;0.0;0.0;0.0;0.0;7989.0;2517.75
-1;10377.0;7988;61;7987.0;157.0;0.0;0.0;7989;56;7990.0;101.0;0.0;0.0;7988.5;2827.5
-1;10378.0;7987;142;0.0;0.0;0.0;0.0;7990;142;0.0;0.0;0.0;0.0;7988.5;2768.75
-1;10379.0;7988;180;0.0;0.0;0.0;0.0;7990;74;7991.0;106.0;0.0;0.0;7989.0;2473.0
-1;10380.0;7987;141;0.0;0.0;0.0;0.0;7990;141;0.0;0.0;0.0;0.0;7988.5;2696.75
-1;10381.0;7987;77;7986.0;140.0;0.0;0.0;7989;217;0.0;0.0;0.0;0.0;7988.0;2915.5
-1;10382.0;7987;60;7986.0;197.0;0.0;0.0;7988;77;7989.0;120.0;0.0;0.0;7987.5;3191.5
-1;10383.0;7986;146;0.0;0.0;0.0;0.0;7988;40;7989.0;106.0;0.0;0.0;7987.0;3211.0
-1;10384.0;7985;202;0.0;0.0;0.0;0.0;7988;202;0.0;0.0;0.0;0.0;7986.5;3486.25
-1;10385.0;7985;155;0.0;0.0;0.0;0.0;7988;155;0.0;0.0;0.0;0.0;7986.5;3492.75
-1;10386.0;7985;177;0.0;0.0;0.0;0.0;7987;40;7988.0;137.0;0.0;0.0;7986.0;3614.25
-1;10387.0;7986;63;7985.0;136.0;0.0;0.0;7988;199;0.0;0.0;0.0;0.0;7987.0;3313.75
-1;10388.0;7986;215;0.0;0.0;0.0;0.0;7989;215;0.0;0.0;0.0;0.0;7987.5;3169.25
-1;10389.0;7986;66;7985.0;113.0;0.0;0.0;7988;179;0.0;0.0;0.0;0.0;7987.0;3296.25
-1;10390.0;7986;162;0.0;0.0;0.0;0.0;7988;49;7989.0;113.0;0.0;0.0;7987.0;3196.5
-1;10391.0;7987;74;7986.0;139.0;0.0;0.0;7989;213;0.0;0.0;0.0;0.0;7988.0;2917.25
-1;10392.0;7988;45;7987.0;121.0;0.0;0.0;7990;166;0.0;0.0;0.0;0.0;7989.0;2509.0
-1;10393.0;7989;217;0.0;0.0;0.0;0.0;7991;78;7992.0;139.0;0.0;0.0;7990.0;2046.75
-1;10394.0;7988;179;0.0;0.0;0.0;0.0;7991;179;0.0;0.0;0.0;0.0;7989.5;2278.75
-1;10395.0;7989;51;7988.0;118.0;0.0;0.0;7991;169;0.0;0.0;0.0;0.0;7990.0;2157.5
-1;10396.0;7989;57;7988.0;124.0;0.0;0.0;7991;181;0.0;0.0;0.0;0.0;7990.0;2155.25
-1;10397.0;7990;156;0.0;0.0;0.0;0.0;7993;156;0.0;0.0;0.0;0.0;7991.5;1569.5
-1;10398.0;7991;217;0.0;0.0;0.0;0.0;7994;217;0.0;0.0;0.0;0.0;7992.5;1143.0
-1;10399.0;7991;47;7990.0;150.0;0.0;0.0;7993;197;0.0;0.0;0.0;0.0;7992.0;1353.75
-1;10400.0;7990;199;0.0;0.0;0.0;0.0;7993;199;0.0;0.0;0.0;0.0;7991.5;1487.75
-1;10401.0;7990;162;0.0;0.0;0.0;0.0;7993;162;0.0;0.0;0.0;0.0;7991.5;1642.25
-1;10402.0;7989;171;0.0;0.0;0.0;0.0;7992;171;0.0;0.0;0.0;0.0;7990.5;1965.25
-1;10403.0;7989;197;0.0;0.0;0.0;0.0;7992;197;0.0;0.0;0.0;0.0;7990.5;1985.0
-1;10404.0;7988;203;0.0;0.0;0.0;0.0;7991;203;0.0;0.0;0.0;0.0;7989.5;2247.75
-1;10405.0;7987;181;0.0;0.0;0.0;0.0;7990;181;0.0;0.0;0.0;0.0;7988.5;2683.5
-1;10406.0;7987;190;0.0;0.0;0.0;0.0;7988;49;7989.0;72.0;7990.0;118.0;7987.5;2870.75
-1;10407.0;7986;164;0.0;0.0;0.0;0.0;7989;164;0.0;0.0;0.0;0.0;7987.5;3081.0
-1;10408.0;7984;169;0.0;0.0;0.0;0.0;7987;169;0.0;0.0;0.0;0.0;7985.5;3753.5
-1;10409.0;7983;191;0.0;0.0;0.0;0.0;7986;191;0.0;0.0;0.0;0.0;7984.5;4167.5
-1;10410.0;7983;169;0.0;0.0;0.0;0.0;7986;169;0.0;0.0;0.0;0.0;7984.5;4311.0
-1;10411.0;7982;183;0.0;0.0;0.0;0.0;7985;183;0.0;0.0;0.0;0.0;7983.5;4644.5
-1;10412.0;7983;193;0.0;0.0;0.0;0.0;7986;193;0.0;0.0;0.0;0.0;7984.5;4260.75
-1;10413.0;7984;166;0.0;0.0;0.0;0.0;7987;166;0.0;0.0;0.0;0.0;7985.5;3949.5
-1;10414.0;7983;202;0.0;0.0;0.0;0.0;7986;202;0.0;0.0;0.0;0.0;7984.5;4199.25
-1;10415.0;7984;230;0.0;0.0;0.0;0.0;7985;69;7986.0;80.0;7987.0;150.0;7984.5;4000.5
-1;10416.0;7985;72;7984.0;174.0;0.0;0.0;7986;62;7987.0;112.0;0.0;0.0;7985.5;3992.75
-1;10417.0;7982;176;0.0;0.0;0.0;0.0;7985;176;0.0;0.0;0.0;0.0;7983.5;4675.25
-1;10418.0;7982;79;7981.0;113.0;0.0;0.0;7984;192;0.0;0.0;0.0;0.0;7983.0;4865.0
-1;10419.0;7982;216;0.0;0.0;0.0;0.0;7985;216;0.0;0.0;0.0;0.0;7983.5;4586.0
-1;10420.0;7982;216;0.0;0.0;0.0;0.0;7985;216;0.0;0.0;0.0;0.0;7983.5;4627.5
-1;10421.0;7982;159;0.0;0.0;0.0;0.0;7985;159;0.0;0.0;0.0;0.0;7983.5;4728.75
-1;10422.0;7983;64;7982.0;135.0;0.0;0.0;7985;199;0.0;0.0;0.0;0.0;7984.0;4484.25
-1;10423.0;7983;190;0.0;0.0;0.0;0.0;7986;190;0.0;0.0;0.0;0.0;7984.5;4285.25
-1;10424.0;7984;43;7983.0;102.0;0.0;0.0;7986;145;0.0;0.0;0.0;0.0;7985.0;4094.75
-1;10425.0;7983;213;0.0;0.0;0.0;0.0;7985;68;7986.0;145.0;0.0;0.0;7984.0;4398.75
-1;10426.0;7983;67;7982.0;129.0;0.0;0.0;7985;196;0.0;0.0;0.0;0.0;7984.0;4470.0
-1;10427.0;7982;182;0.0;0.0;0.0;0.0;7985;182;0.0;0.0;0.0;0.0;7983.5;4594.0
-1;10428.0;7982;59;7981.0;142.0;0.0;0.0;7984;201;0.0;0.0;0.0;0.0;7983.0;4820.75
-1;10429.0;7980;202;0.0;0.0;0.0;0.0;7983;202;0.0;0.0;0.0;0.0;7981.5;5409.5
-1;10430.0;7980;40;7979.0;100.0;0.0;0.0;7982;140;0.0;0.0;0.0;0.0;7981.0;5667.75
-1;10431.0;7979;201;0.0;0.0;0.0;0.0;7982;201;0.0;0.0;0.0;0.0;7980.5;5700.25
-1;10432.0;7977;186;0.0;0.0;0.0;0.0;7980;186;0.0;0.0;0.0;0.0;7978.5;6572.25
-1;10433.0;7979;217;0.0;0.0;0.0;0.0;7980;50;7981.0;70.0;7982.0;147.0;7979.5;5950.25
-1;10434.0;7979;180;0.0;0.0;0.0;0.0;7982;180;0.0;0.0;0.0;0.0;7980.5;5746.5
-1;10435.0;7980;173;0.0;0.0;0.0;0.0;7983;173;0.0;0.0;0.0;0.0;7981.5;5441.5
-1;10436.0;7981;160;0.0;0.0;0.0;0.0;7984;160;0.0;0.0;0.0;0.0;7982.5;4971.5
-1;10437.0;7981;206;0.0;0.0;0.0;0.0;7984;206;0.0;0.0;0.0;0.0;7982.5;4911.0
-1;10438.0;7981;50;7980.0;127.0;0.0;0.0;7983;177;0.0;0.0;0.0;0.0;7982.0;5214.25
-1;10439.0;7982;172;0.0;0.0;0.0;0.0;7985;172;0.0;0.0;0.0;0.0;7983.5;4597.0
-1;10440.0;7982;176;0.0;0.0;0.0;0.0;7984;53;7985.0;123.0;0.0;0.0;7983.0;4795.0
-1;10441.0;7983;169;0.0;0.0;0.0;0.0;7986;169;0.0;0.0;0.0;0.0;7984.5;4201.0
-1;10442.0;7984;157;0.0;0.0;0.0;0.0;7987;157;0.0;0.0;0.0;0.0;7985.5;3792.0
-1;10443.0;7984;180;0.0;0.0;0.0;0.0;7986;49;7987.0;131.0;0.0;0.0;7985.0;4023.5
-1;10444.0;7985;45;7984.0;135.0;0.0;0.0;7987;180;0.0;0.0;0.0;0.0;7986.0;3724.0
-1;10445.0;7984;182;0.0;0.0;0.0;0.0;7987;201;0.0;0.0;0.0;0.0;7985.5;3933.25
-1;10446.0;7984;186;0.0;0.0;0.0;0.0;7987;186;0.0;0.0;0.0;0.0;7985.5;3773.0
-1;10447.0;7984;183;0.0;0.0;0.0;0.0;7987;183;0.0;0.0;0.0;0.0;7985.5;3942.0
-1;10448.0;7984;182;0.0;0.0;0.0;0.0;7987;182;0.0;0.0;0.0;0.0;7985.5;3781.75
-1;10449.0;7984;77;7983.0;142.0;0.0;0.0;7986;219;0.0;0.0;0.0;0.0;7985.0;4098.5
-1;10450.0;7983;189;0.0;0.0;0.0;0.0;7985;51;7986.0;138.0;0.0;0.0;7984.0;4406.75
-1;10451.0;7983;178;0.0;0.0;0.0;0.0;7986;178;0.0;0.0;0.0;0.0;7984.5;4156.5
-1;10452.0;7982;42;7981.0;140.0;0.0;0.0;7984;182;0.0;0.0;0.0;0.0;7983.0;4910.75
-1;10453.0;7982;78;7981.0;147.0;0.0;0.0;7984;225;0.0;0.0;0.0;0.0;7983.0;4889.25
-1;10454.0;7980;222;0.0;0.0;0.0;0.0;7981;74;7983.0;222.0;0.0;0.0;7980.5;5452.75
-1;10455.0;7980;134;7979.0;117.0;0.0;0.0;7982;171;0.0;0.0;0.0;0.0;7981.0;5719.5
-1;10456.0;7977;164;0.0;0.0;0.0;0.0;7978;69;7980.0;164.0;0.0;0.0;7977.5;6556.0
-1;10457.0;7977;165;0.0;0.0;0.0;0.0;7980;165;0.0;0.0;0.0;0.0;7978.5;6753.0
-1;10458.0;7977;184;0.0;0.0;0.0;0.0;7980;184;0.0;0.0;0.0;0.0;7978.5;6669.5
-1;10459.0;7976;175;0.0;0.0;0.0;0.0;7979;175;0.0;0.0;0.0;0.0;7977.5;7002.75
-1;10460.0;7976;212;0.0;0.0;0.0;0.0;7979;212;0.0;0.0;0.0;0.0;7977.5;6997.25
-1;10461.0;7977;174;0.0;0.0;0.0;0.0;7980;174;0.0;0.0;0.0;0.0;7978.5;6769.25
-1;10462.0;7976;181;0.0;0.0;0.0;0.0;7979;181;0.0;0.0;0.0;0.0;7977.5;7004.75
-1;10463.0;7976;197;0.0;0.0;0.0;0.0;7978;73;7979.0;124.0;0.0;0.0;7977.0;7244.75
-1;10464.0;7975;152;0.0;0.0;0.0;0.0;7978;152;0.0;0.0;0.0;0.0;7976.5;7422.0
-1;10465.0;7975;176;0.0;0.0;0.0;0.0;7977;43;7978.0;133.0;0.0;0.0;7976.0;7661.5
-1;10466.0;7975;57;7974.0;181.0;0.0;0.0;7977;181;0.0;0.0;0.0;0.0;7976.0;7842.25
-1;10467.0;7974;72;7973.0;146.0;0.0;0.0;7976;218;0.0;0.0;0.0;0.0;7975.0;8171.75
-1;10468.0;7974;163;0.0;0.0;0.0;0.0;7977;163;0.0;0.0;0.0;0.0;7975.5;7868.5
-1;10469.0;7974;199;0.0;0.0;0.0;0.0;7976;58;7977.0;141.0;0.0;0.0;7975.0;8043.25
-1;10470.0;7973;192;0.0;0.0;0.0;0.0;7976;192;0.0;0.0;0.0;0.0;7974.5;8215.25
-1;10471.0;7973;205;0.0;0.0;0.0;0.0;7976;205;0.0;0.0;0.0;0.0;7974.5;8359.25
-1;10472.0;7973;181;0.0;0.0;0.0;0.0;7976;181;0.0;0.0;0.0;0.0;7974.5;8297.25
-1;10473.0;7975;69;7974.0;145.0;0.0;0.0;7977;214;0.0;0.0;0.0;0.0;7976.0;7686.0
-1;10474.0;7974;185;0.0;0.0;0.0;0.0;7977;185;0.0;0.0;0.0;0.0;7975.5;7850.25
-1;10475.0;7974;181;0.0;0.0;0.0;0.0;7977;181;0.0;0.0;0.0;0.0;7975.5;7944.25
-1;10476.0;7973;149;0.0;0.0;0.0;0.0;7976;149;0.0;0.0;0.0;0.0;7974.5;8183.25
-1;10477.0;7973;205;0.0;0.0;0.0;0.0;7976;205;0.0;0.0;0.0;0.0;7974.5;8315.0
-1;10478.0;7974;56;7973.0;125.0;0.0;0.0;7976;181;0.0;0.0;0.0;0.0;7975.0;8155.25
-1;10479.0;7974;60;7973.0;137.0;0.0;0.0;7976;197;0.0;0.0;0.0;0.0;7975.0;8097.75
-1;10480.0;7973;178;0.0;0.0;0.0;0.0;7976;178;0.0;0.0;0.0;0.0;7974.5;8226.5
-1;10481.0;7973;172;0.0;0.0;0.0;0.0;7976;172;0.0;0.0;0.0;0.0;7974.5;8271.5
-1;10482.0;7973;187;0.0;0.0;0.0;0.0;7976;187;0.0;0.0;0.0;0.0;7974.5;8247.0
-1;10483.0;7973;170;0.0;0.0;0.0;0.0;7975;43;7976.0;127.0;0.0;0.0;7974.0;8448.25
-1;10484.0;7972;197;0.0;0.0;0.0;0.0;7975;197;0.0;0.0;0.0;0.0;7973.5;8830.5
-1;10485.0;7972;179;0.0;0.0;0.0;0.0;7974;40;7975.0;139.0;0.0;0.0;7973.0;8901.5
-1;10486.0;7972;169;0.0;0.0;0.0;0.0;7975;169;0.0;0.0;0.0;0.0;7973.5;8754.75
-1;10487.0;7971;185;0.0;0.0;0.0;0.0;7972;52;7974.0;185.0;0.0;0.0;7971.5;9233.75
-1;10488.0;7972;182;0.0;0.0;0.0;0.0;7974;78;7975.0;104.0;0.0;0.0;7973.0;8842.5
-1;10489.0;7972;147;0.0;0.0;0.0;0.0;7975;147;0.0;0.0;0.0;0.0;7973.5;8738.0
-1;10490.0;7972;193;0.0;0.0;0.0;0.0;7974;70;7975.0;123.0;0.0;0.0;7973.0;8840.75
-1;10491.0;7973;197;0.0;0.0;0.0;0.0;7975;77;7976.0;120.0;0.0;0.0;7974.0;8497.0
-1;10492.0;7973;171;0.0;0.0;0.0;0.0;7975;69;7976.0;102.0;0.0;0.0;7974.0;8448.75
-1;10493.0;7973;186;0.0;0.0;0.0;0.0;7975;76;7976.0;110.0;0.0;0.0;7974.0;8436.25
-1;10494.0;7973;164;0.0;0.0;0.0;0.0;7975;51;7976.0;113.0;0.0;0.0;7974.0;8500.5
-1;10495.0;7972;41;7971.0;140.0;0.0;0.0;7974;181;0.0;0.0;0.0;0.0;7973.0;8972.25
-1;10496.0;7971;197;0.0;0.0;0.0;0.0;7974;197;0.0;0.0;0.0;0.0;7972.5;9133.75
-1;10497.0;7970;162;0.0;0.0;0.0;0.0;7972;61;7973.0;101.0;0.0;0.0;7971.0;9680.75
-1;10498.0;7971;169;0.0;0.0;0.0;0.0;7973;65;7974.0;104.0;0.0;0.0;7972.0;9302.75
-1;10499.0;7972;56;7971.0;150.0;0.0;0.0;7974;150;0.0;0.0;0.0;0.0;7973.0;9045.25
-1;10500.0;7972;183;0.0;0.0;0.0;0.0;7975;183;0.0;0.0;0.0;0.0;7973.5;8697.5
-1;10501.0;7973;182;0.0;0.0;0.0;0.0;7976;182;0.0;0.0;0.0;0.0;7974.5;8234.25
-1;10502.0;7974;199;0.0;0.0;0.0;0.0;7976;76;7977.0;123.0;0.0;0.0;7975.0;8084.0
-1;10503.0;7973;196;0.0;0.0;0.0;0.0;7975;54;7976.0;142.0;0.0;0.0;7974.0;8478.75
-1;10504.0;7974;48;7973.0;129.0;0.0;0.0;7976;177;0.0;0.0;0.0;0.0;7975.0;8102.75
-1;10505.0;7974;181;0.0;0.0;0.0;0.0;7976;49;7977.0;132.0;0.0;0.0;7975.0;8010.5
-1;10506.0;7974;181;0.0;0.0;0.0;0.0;7977;181;0.0;0.0;0.0;0.0;7975.5;7889.5
-1;10507.0;7975;161;0.0;0.0;0.0;0.0;7978;161;0.0;0.0;0.0;0.0;7976.5;7390.0
-1;10508.0;7976;175;0.0;0.0;0.0;0.0;7979;175;0.0;0.0;0.0;0.0;7977.5;6995.75
-1;10509.0;7976;169;0.0;0.0;0.0;0.0;7979;169;0.0;0.0;0.0;0.0;7977.5;7009.0
-1;10510.0;7976;199;0.0;0.0;0.0;0.0;7978;73;7979.0;126.0;0.0;0.0;7977.0;7229.5
-1;10511.0;7976;48;7975.0;102.0;0.0;0.0;7978;150;0.0;0.0;0.0;0.0;7977.0;7318.75
-1;10512.0;7974;192;0.0;0.0;0.0;0.0;7975;76;7976.0;75.0;7977.0;117.0;7974.5;8110.5
-1;10513.0;7973;183;0.0;0.0;0.0;0.0;7976;183;0.0;0.0;0.0;0.0;7974.5;8407.5
-1;10514.0;7974;148;0.0;0.0;0.0;0.0;7976;40;7977.0;108.0;0.0;0.0;7975.0;8039.0
-1;10515.0;7973;173;0.0;0.0;0.0;0.0;7975;57;7976.0;116.0;0.0;0.0;7974.0;8499.5
-1;10516.0;7973;207;0.0;0.0;0.0;0.0;7975;69;7976.0;138.0;0.0;0.0;7974.0;8505.25
-1;10517.0;7973;213;0.0;0.0;0.0;0.0;7976;213;0.0;0.0;0.0;0.0;7974.5;8287.25
-1;10518.0;7974;74;7973.0;101.0;0.0;0.0;7976;175;0.0;0.0;0.0;0.0;7975.0;8137.0
-1;10519.0;7974;173;0.0;0.0;0.0;0.0;7977;173;0.0;0.0;0.0;0.0;7975.5;7946.25
-1;10520.0;7976;11;7974.0;215.0;0.0;0.0;7977;215;0.0;0.0;0.0;0.0;7976.5;7870.25
-1;10521.0;7975;196;0.0;0.0;0.0;0.0;7977;49;7978.0;147.0;0.0;0.0;7976.0;7619.25
-1;10522.0;7976;40;7975.0;118.0;0.0;0.0;7978;158;0.0;0.0;0.0;0.0;7977.0;7323.5
-1;10523.0;7975;230;0.0;0.0;0.0;0.0;7978;230;0.0;0.0;0.0;0.0;7976.5;7427.75
-1;10524.0;7976;208;0.0;0.0;0.0;0.0;7978;64;7979.0;144.0;0.0;0.0;7977.0;7230.0
-1;10525.0;7976;173;0.0;0.0;0.0;0.0;7979;173;0.0;0.0;0.0;0.0;7977.5;7160.25
-1;10526.0;7976;196;0.0;0.0;0.0;0.0;7979;196;0.0;0.0;0.0;0.0;7977.5;6953.0
-1;10527.0;7977;72;7976.0;110.0;0.0;0.0;7979;182;0.0;0.0;0.0;0.0;7978.0;6898.0
-1;10528.0;7977;182;0.0;0.0;0.0;0.0;7980;182;0.0;0.0;0.0;0.0;7978.5;6691.5
-1;10529.0;7977;207;0.0;0.0;0.0;0.0;7980;207;0.0;0.0;0.0;0.0;7978.5;6711.75
-1;10530.0;7977;41;7976.0;140.0;0.0;0.0;7979;181;0.0;0.0;0.0;0.0;7978.0;6941.5
-1;10531.0;7977;57;7976.0;125.0;0.0;0.0;7979;182;0.0;0.0;0.0;0.0;7978.0;6906.0
-1;10532.0;7976;222;0.0;0.0;0.0;0.0;7979;222;0.0;0.0;0.0;0.0;7977.5;7018.5
-1;10533.0;7977;191;0.0;0.0;0.0;0.0;7980;191;0.0;0.0;0.0;0.0;7978.5;6609.25
-1;10534.0;7977;151;0.0;0.0;0.0;0.0;7980;151;0.0;0.0;0.0;0.0;7978.5;6585.0
-1;10535.0;7979;179;0.0;0.0;0.0;0.0;7981;57;7982.0;122.0;0.0;0.0;7980.0;5943.0
-1;10536.0;7979;79;7978.0;103.0;0.0;0.0;7981;182;0.0;0.0;0.0;0.0;7980.0;6035.25
-1;10537.0;7980;187;0.0;0.0;0.0;0.0;7982;47;7983.0;140.0;0.0;0.0;7981.0;5581.25
-1;10538.0;7978;150;0.0;0.0;0.0;0.0;7981;150;0.0;0.0;0.0;0.0;7979.5;6237.5
-1;10539.0;7979;210;0.0;0.0;0.0;0.0;7981;72;7982.0;138.0;0.0;0.0;7980.0;5988.0
-1;10540.0;7979;201;0.0;0.0;0.0;0.0;7980;70;7982.0;201.0;0.0;0.0;7979.5;5893.0
-1;10541.0;7980;78;7979.0;178.0;0.0;0.0;7981;41;7982.0;137.0;0.0;0.0;7980.5;5966.0
-1;10542.0;7980;181;0.0;0.0;0.0;0.0;7982;67;7983.0;114.0;0.0;0.0;7981.0;5544.5
-1;10543.0;7979;175;0.0;0.0;0.0;0.0;7982;175;0.0;0.0;0.0;0.0;7980.5;5793.25
-1;10544.0;7981;62;7980.0;143.0;0.0;0.0;7983;205;0.0;0.0;0.0;0.0;7982.0;5215.5
-1;10545.0;7981;43;7980.0;124.0;0.0;0.0;7983;167;0.0;0.0;0.0;0.0;7982.0;5238.75
-1;10546.0;7981;53;7980.0;141.0;0.0;0.0;7983;194;0.0;0.0;0.0;0.0;7982.0;5230.5
-1;10547.0;7980;163;0.0;0.0;0.0;0.0;7982;50;7983.0;113.0;0.0;0.0;7981.0;5602.25
-1;10548.0;7980;186;0.0;0.0;0.0;0.0;7983;186;0.0;0.0;0.0;0.0;7981.5;5474.25
-1;10549.0;7980;73;7979.0;114.0;0.0;0.0;7982;187;0.0;0.0;0.0;0.0;7981.0;5631.5
-1;10550.0;7980;160;0.0;0.0;0.0;0.0;7982;50;7983.0;110.0;0.0;0.0;7981.0;5598.25
-1;10551.0;7980;41;7979.0;104.0;0.0;0.0;7982;145;0.0;0.0;0.0;0.0;7981.0;5620.5
-1;10552.0;7980;175;0.0;0.0;0.0;0.0;7982;58;7983.0;117.0;0.0;0.0;7981.0;5528.25
-1;10553.0;7979;158;0.0;0.0;0.0;0.0;7982;158;0.0;0.0;0.0;0.0;7980.5;5914.25
-1;10554.0;7979;70;7978.0;150.0;0.0;0.0;7981;220;0.0;0.0;0.0;0.0;7980.0;6106.75
-1;10555.0;7979;65;7978.0;115.0;0.0;0.0;7981;180;0.0;0.0;0.0;0.0;7980.0;6104.75
-1;10556.0;7979;53;7978.0;121.0;0.0;0.0;7981;174;0.0;0.0;0.0;0.0;7980.0;6048.75
-1;10557.0;7978;221;0.0;0.0;0.0;0.0;7981;221;0.0;0.0;0.0;0.0;7979.5;6239.75
-1;10558.0;7978;180;0.0;0.0;0.0;0.0;7980;63;7981.0;117.0;0.0;0.0;7979.0;6422.25
-1;10559.0;7978;59;7977.0;176.0;0.0;0.0;7980;176;0.0;0.0;0.0;0.0;7979.0;6621.25
-1;10560.0;7977;21;7976.0;106.0;0.0;0.0;7979;156;0.0;0.0;0.0;0.0;7978.0;6906.0
-1;10561.0;7977;198;0.0;0.0;0.0;0.0;7980;198;0.0;0.0;0.0;0.0;7978.5;6700.25
-1;10562.0;7978;206;0.0;0.0;0.0;0.0;7979;55;7981.0;206.0;0.0;0.0;7978.5;6233.5
-1;10563.0;7978;163;0.0;0.0;0.0;0.0;7980;49;7981.0;114.0;0.0;0.0;7979.0;6359.5
-1;10564.0;7978;80;7977.0;112.0;0.0;0.0;7980;192;0.0;0.0;0.0;0.0;7979.0;6412.75
-1;10565.0;7975;150;0.0;0.0;0.0;0.0;7978;150;0.0;0.0;0.0;0.0;7976.5;7397.25
-1;10566.0;7977;44;7976.0;111.0;0.0;0.0;7979;155;0.0;0.0;0.0;0.0;7978.0;6897.5
-1;10567.0;7977;213;0.0;0.0;0.0;0.0;7979;69;7980.0;144.0;0.0;0.0;7978.0;6747.0
-1;10568.0;7975;179;0.0;0.0;0.0;0.0;7978;179;0.0;0.0;0.0;0.0;7976.5;7593.75
-1;10569.0;7976;204;0.0;0.0;0.0;0.0;7979;204;0.0;0.0;0.0;0.0;7977.5;7047.75
-1;10570.0;7976;224;0.0;0.0;0.0;0.0;7979;224;0.0;0.0;0.0;0.0;7977.5;7002.0
-1;10571.0;7976;190;0.0;0.0;0.0;0.0;7979;190;0.0;0.0;0.0;0.0;7977.5;7049.0
-1;10572.0;7975;191;0.0;0.0;0.0;0.0;7977;53;7978.0;138.0;0.0;0.0;7976.0;7646.75
-1;10573.0;7975;56;7974.0;129.0;0.0;0.0;7977;185;0.0;0.0;0.0;0.0;7976.0;7743.0
-1;10574.0;7973;172;0.0;0.0;0.0;0.0;7975;67;7976.0;105.0;0.0;0.0;7974.0;8547.75
-1;10575.0;7973;192;0.0;0.0;0.0;0.0;7975;73;7976.0;119.0;0.0;0.0;7974.0;8620.0
-1;10576.0;7974;41;7973.0;128.0;0.0;0.0;7976;169;0.0;0.0;0.0;0.0;7975.0;8239.75
-1;10577.0;7974;69;7973.0;199.0;0.0;0.0;7976;199;0.0;0.0;0.0;0.0;7975.0;8411.0
-1;10578.0;7972;153;0.0;0.0;0.0;0.0;7974;77;7975.0;103.0;0.0;0.0;7973.0;9067.0
-1;10579.0;7972;205;0.0;0.0;0.0;0.0;7975;205;0.0;0.0;0.0;0.0;7973.5;8740.5
-1;10580.0;7971;185;0.0;0.0;0.0;0.0;7974;185;0.0;0.0;0.0;0.0;7972.5;9366.75
-1;10581.0;7971;210;0.0;0.0;0.0;0.0;7974;210;0.0;0.0;0.0;0.0;7972.5;9352.0
-1;10582.0;7971;181;0.0;0.0;0.0;0.0;7974;181;0.0;0.0;0.0;0.0;7972.5;9370.25
-1;10583.0;7972;194;0.0;0.0;0.0;0.0;7975;194;0.0;0.0;0.0;0.0;7973.5;8868.75
-1;10584.0;7972;194;0.0;0.0;0.0;0.0;7975;194;0.0;0.0;0.0;0.0;7973.5;8864.5
-1;10585.0;7972;157;0.0;0.0;0.0;0.0;7975;157;0.0;0.0;0.0;0.0;7973.5;8709.25
-1;10586.0;7971;203;0.0;0.0;0.0;0.0;7974;203;0.0;0.0;0.0;0.0;7972.5;9436.0
-1;10587.0;7971;170;0.0;0.0;0.0;0.0;7973;57;7974.0;113.0;0.0;0.0;7972.0;9486.25
-1;10588.0;7970;153;0.0;0.0;0.0;0.0;7973;153;0.0;0.0;0.0;0.0;7971.5;9676.5
-1;10589.0;7969;162;0.0;0.0;0.0;0.0;7972;162;0.0;0.0;0.0;0.0;7970.5;10409.0
-1;10590.0;7969;170;0.0;0.0;0.0;0.0;7972;170;0.0;0.0;0.0;0.0;7970.5;10302.5
-1;10591.0;7970;47;7969.0;140.0;0.0;0.0;7972;187;0.0;0.0;0.0;0.0;7971.0;10112.5
-1;10592.0;7968;187;0.0;0.0;0.0;0.0;7971;187;0.0;0.0;0.0;0.0;7969.5;10667.75
-1;10593.0;7967;181;0.0;0.0;0.0;0.0;7970;181;0.0;0.0;0.0;0.0;7968.5;11143.75
-1;10594.0;7967;195;0.0;0.0;0.0;0.0;7970;195;0.0;0.0;0.0;0.0;7968.5;11143.0
-1;10595.0;7967;195;0.0;0.0;0.0;0.0;7970;195;0.0;0.0;0.0;0.0;7968.5;11191.25
-1;10596.0;7968;198;0.0;0.0;0.0;0.0;7969;80;7970.0;63.0;7971.0;135.0;7968.5;10930.75
-1;10597.0;7966;174;0.0;0.0;0.0;0.0;7969;174;0.0;0.0;0.0;0.0;7967.5;11629.0
-1;10598.0;7966;47;7965.0;144.0;0.0;0.0;7968;191;0.0;0.0;0.0;0.0;7967.0;12074.75
-1;10599.0;7966;164;0.0;0.0;0.0;0.0;7968;64;7969.0;100.0;0.0;0.0;7967.0;11913.25
-1;10600.0;7964;193;0.0;0.0;0.0;0.0;7967;193;0.0;0.0;0.0;0.0;7965.5;12569.5
-1;10601.0;7963;216;0.0;0.0;0.0;0.0;7964;71;7966.0;216.0;0.0;0.0;7963.5;13304.0
-1;10602.0;7964;66;7963.0;195.0;0.0;0.0;7966;195;0.0;0.0;0.0;0.0;7965.0;13146.5
-1;10603.0;7963;172;0.0;0.0;0.0;0.0;7965;62;7966.0;110.0;0.0;0.0;7964.0;13385.5
-1;10604.0;7964;188;0.0;0.0;0.0;0.0;7967;188;0.0;0.0;0.0;0.0;7965.5;12801.0
-1;10605.0;7963;145;0.0;0.0;0.0;0.0;7966;145;0.0;0.0;0.0;0.0;7964.5;13093.0
-1;10606.0;7964;3;7963.0;119.0;0.0;0.0;7966;192;0.0;0.0;0.0;0.0;7965.0;12902.5
-1;10607.0;7964;47;7963.0;139.0;0.0;0.0;7966;186;0.0;0.0;0.0;0.0;7965.0;12899.5
-1;10608.0;7964;228;0.0;0.0;0.0;0.0;7966;78;7967.0;150.0;0.0;0.0;7965.0;12769.0
-1;10609.0;7964;153;0.0;0.0;0.0;0.0;7967;153;0.0;0.0;0.0;0.0;7965.5;12495.5
-1;10610.0;7965;166;0.0;0.0;0.0;0.0;7968;166;0.0;0.0;0.0;0.0;7966.5;12155.0
-1;10611.0;7964;177;0.0;0.0;0.0;0.0;7967;177;0.0;0.0;0.0;0.0;7965.5;12678.5
-1;10612.0;7964;184;0.0;0.0;0.0;0.0;7967;184;0.0;0.0;0.0;0.0;7965.5;12460.0
-1;10613.0;7963;184;0.0;0.0;0.0;0.0;7966;184;0.0;0.0;0.0;0.0;7964.5;13176.5
-1;10614.0;7962;188;0.0;0.0;0.0;0.0;7964;55;7965.0;133.0;0.0;0.0;7963.0;13910.0
-1;10615.0;7961;183;0.0;0.0;0.0;0.0;7964;183;0.0;0.0;0.0;0.0;7962.5;14210.0
-1;10616.0;7961;56;7960.0;108.0;0.0;0.0;7963;164;0.0;0.0;0.0;0.0;7962.0;14605.5
-1;10617.0;7962;61;7961.0;188.0;0.0;0.0;7964;188;0.0;0.0;0.0;0.0;7963.0;14112.5
-1;10618.0;7962;184;0.0;0.0;0.0;0.0;7965;184;0.0;0.0;0.0;0.0;7963.5;13685.0
-1;10619.0;7961;218;0.0;0.0;0.0;0.0;7964;218;0.0;0.0;0.0;0.0;7962.5;14115.5
-1;10620.0;7960;164;0.0;0.0;0.0;0.0;7963;164;0.0;0.0;0.0;0.0;7961.5;14727.5
-1;10621.0;7960;185;0.0;0.0;0.0;0.0;7962;43;7963.0;142.0;0.0;0.0;7961.0;15039.0
-1;10622.0;7961;73;7960.0;202.0;0.0;0.0;7962;63;7963.0;139.0;0.0;0.0;7961.5;15058.5
-1;10623.0;7960;72;7959.0;141.0;0.0;0.0;7962;213;0.0;0.0;0.0;0.0;7961.0;15144.0
-1;10624.0;7959;190;0.0;0.0;0.0;0.0;7962;190;0.0;0.0;0.0;0.0;7960.5;15294.5
-1;10625.0;7959;196;0.0;0.0;0.0;0.0;7962;196;0.0;0.0;0.0;0.0;7960.5;15485.5
-1;10626.0;7958;214;0.0;0.0;0.0;0.0;7959;62;7961.0;214.0;0.0;0.0;7958.5;15842.0
-1;10627.0;7958;80;7957.0;116.0;0.0;0.0;7960;196;0.0;0.0;0.0;0.0;7959.0;16259.0
-1;10628.0;7958;196;0.0;0.0;0.0;0.0;7961;196;0.0;0.0;0.0;0.0;7959.5;15875.0
-1;10629.0;7958;159;0.0;0.0;0.0;0.0;7961;159;0.0;0.0;0.0;0.0;7959.5;15879.5
-1;10630.0;7957;212;0.0;0.0;0.0;0.0;7960;212;0.0;0.0;0.0;0.0;7958.5;16454.5
-1;10631.0;7958;209;0.0;0.0;0.0;0.0;7961;209;0.0;0.0;0.0;0.0;7959.5;16076.0
-1;10632.0;7958;175;0.0;0.0;0.0;0.0;7960;67;7961.0;108.0;0.0;0.0;7959.0;16144.0
-1;10633.0;7956;185;0.0;0.0;0.0;0.0;7959;185;0.0;0.0;0.0;0.0;7957.5;17108.5
-1;10634.0;7956;171;0.0;0.0;0.0;0.0;7958;63;7959.0;108.0;0.0;0.0;7957.0;17268.0
-1;10635.0;7956;172;0.0;0.0;0.0;0.0;7957;80;7959.0;172.0;0.0;0.0;7956.5;16881.0
-1;10636.0;7957;78;7956.0;138.0;0.0;0.0;7959;216;0.0;0.0;0.0;0.0;7958.0;16830.0
-1;10637.0;7956;178;0.0;0.0;0.0;0.0;7959;178;0.0;0.0;0.0;0.0;7957.5;17180.0
-1;10638.0;7955;188;0.0;0.0;0.0;0.0;7958;188;0.0;0.0;0.0;0.0;7956.5;17534.0
-1;10639.0;7954;182;0.0;0.0;0.0;0.0;7957;182;0.0;0.0;0.0;0.0;7955.5;18094.5
-1;10640.0;7955;197;0.0;0.0;0.0;0.0;7958;197;0.0;0.0;0.0;0.0;7956.5;17492.0
-1;10641.0;7956;40;7955.0;148.0;0.0;0.0;7958;188;0.0;0.0;0.0;0.0;7957.0;17312.5
-1;10642.0;7956;149;0.0;0.0;0.0;0.0;7959;149;0.0;0.0;0.0;0.0;7957.5;17113.0
-1;10643.0;7957;181;0.0;0.0;0.0;0.0;7959;79;7960.0;102.0;0.0;0.0;7958.0;16686.5
-1;10644.0;7956;184;0.0;0.0;0.0;0.0;7959;184;0.0;0.0;0.0;0.0;7957.5;17074.5
-1;10645.0;7955;206;0.0;0.0;0.0;0.0;7958;206;0.0;0.0;0.0;0.0;7956.5;17724.0
-1;10646.0;7954;189;0.0;0.0;0.0;0.0;7957;189;0.0;0.0;0.0;0.0;7955.5;18094.0
-1;10647.0;7954;148;0.0;0.0;0.0;0.0;7957;148;0.0;0.0;0.0;0.0;7955.5;18062.5
-1;10648.0;7954;164;0.0;0.0;0.0;0.0;7956;64;7957.0;100.0;0.0;0.0;7955.0;18389.0
-1;10649.0;7954;190;0.0;0.0;0.0;0.0;7957;190;0.0;0.0;0.0;0.0;7955.5;18229.0
-1;10650.0;7954;46;7953.0;150.0;0.0;0.0;7956;196;0.0;0.0;0.0;0.0;7955.0;18511.0
-1;10651.0;7953;199;0.0;0.0;0.0;0.0;7956;199;0.0;0.0;0.0;0.0;7954.5;18641.5
-1;10652.0;7954;176;0.0;0.0;0.0;0.0;7957;176;0.0;0.0;0.0;0.0;7955.5;18164.0
-1;10653.0;7954;194;0.0;0.0;0.0;0.0;7957;194;0.0;0.0;0.0;0.0;7955.5;18291.0
-1;10654.0;7955;49;7954.0;186.0;0.0;0.0;7957;186;0.0;0.0;0.0;0.0;7956.0;18172.5
-1;10655.0;7955;40;7954.0;112.0;0.0;0.0;7957;152;0.0;0.0;0.0;0.0;7956.0;17905.5
-1;10656.0;7954;175;0.0;0.0;0.0;0.0;7956;64;7957.0;111.0;0.0;0.0;7955.0;18302.5
-1;10657.0;7953;156;0.0;0.0;0.0;0.0;7956;156;0.0;0.0;0.0;0.0;7954.5;18668.0
-1;10658.0;7953;155;0.0;0.0;0.0;0.0;7956;155;0.0;0.0;0.0;0.0;7954.5;18531.5
-1;10659.0;7955;153;0.0;0.0;0.0;0.0;7958;153;0.0;0.0;0.0;0.0;7956.5;17438.0
-1;10660.0;7954;182;0.0;0.0;0.0;0.0;7957;182;0.0;0.0;0.0;0.0;7955.5;18280.0
-1;10661.0;7954;220;0.0;0.0;0.0;0.0;7956;70;7957.0;150.0;0.0;0.0;7955.0;18401.0
-1;10662.0;7954;154;0.0;0.0;0.0;0.0;7957;154;0.0;0.0;0.0;0.0;7955.5;18223.0
-1;10663.0;7955;72;7954.0;145.0;0.0;0.0;7957;217;0.0;0.0;0.0;0.0;7956.0;17912.5
-1;10664.0;7955;210;0.0;0.0;0.0;0.0;7958;210;0.0;0.0;0.0;0.0;7956.5;17474.5
-1;10665.0;7955;211;0.0;0.0;0.0;0.0;7958;211;0.0;0.0;0.0;0.0;7956.5;17450.5
-1;10666.0;7957;189;0.0;0.0;0.0;0.0;7958;49;7959.0;47.0;7960.0;142.0;7957.5;16661.5
-1;10667.0;7956;188;0.0;0.0;0.0;0.0;7959;188;0.0;0.0;0.0;0.0;7957.5;17030.5
-1;10668.0;7956;202;0.0;0.0;0.0;0.0;7959;202;0.0;0.0;0.0;0.0;7957.5;17182.0
-1;10669.0;7955;202;0.0;0.0;0.0;0.0;7958;202;0.0;0.0;0.0;0.0;7956.5;17733.5
-1;10670.0;7954;173;0.0;0.0;0.0;0.0;7957;173;0.0;0.0;0.0;0.0;7955.5;18144.0
-1;10671.0;7955;183;0.0;0.0;0.0;0.0;7957;55;7958.0;128.0;0.0;0.0;7956.0;17810.0
-1;10672.0;7956;153;0.0;0.0;0.0;0.0;7959;153;0.0;0.0;0.0;0.0;7957.5;16936.5
-1;10673.0;7956;144;0.0;0.0;0.0;0.0;7958;42;7959.0;102.0;0.0;0.0;7957.0;17265.5
-1;10674.0;7956;183;0.0;0.0;0.0;0.0;7959;183;0.0;0.0;0.0;0.0;7957.5;16976.5
-1;10675.0;7957;62;7956.0;131.0;0.0;0.0;7959;193;0.0;0.0;0.0;0.0;7958.0;16811.0
-1;10676.0;7956;110;0.0;0.0;0.0;0.0;7957;21;7959.0;166.0;0.0;0.0;7956.5;16811.5
-1;10677.0;7956;166;0.0;0.0;0.0;0.0;7959;166;0.0;0.0;0.0;0.0;7957.5;16879.5
-1;10678.0;7958;41;7957.0;143.0;0.0;0.0;7960;184;0.0;0.0;0.0;0.0;7959.0;16093.5
-1;10679.0;7958;190;0.0;0.0;0.0;0.0;7961;190;0.0;0.0;0.0;0.0;7959.5;15726.5
-1;10680.0;7959;173;0.0;0.0;0.0;0.0;7962;173;0.0;0.0;0.0;0.0;7960.5;15227.5
-1;10681.0;7960;207;0.0;0.0;0.0;0.0;7962;207;0.0;0.0;0.0;0.0;7961.0;14782.5
-1;10682.0;7960;180;0.0;0.0;0.0;0.0;7963;180;0.0;0.0;0.0;0.0;7961.5;14531.5
-1;10683.0;7960;62;7959.0;140.0;0.0;0.0;7962;202;0.0;0.0;0.0;0.0;7961.0;14805.0
-1;10684.0;7960;172;0.0;0.0;0.0;0.0;7962;59;7963.0;113.0;0.0;0.0;7961.0;14707.0
-1;10685.0;7960;211;0.0;0.0;0.0;0.0;7963;211;0.0;0.0;0.0;0.0;7961.5;14360.0
-1;10686.0;7963;64;7962.0;102.0;0.0;0.0;7965;166;0.0;0.0;0.0;0.0;7964.0;12917.5
-1;10687.0;7963;200;0.0;0.0;0.0;0.0;7966;200;0.0;0.0;0.0;0.0;7964.5;12657.5
-1;10688.0;7962;206;0.0;0.0;0.0;0.0;7963;69;7965.0;206.0;0.0;0.0;7962.5;13051.5
-1;10689.0;7963;159;0.0;0.0;0.0;0.0;7966;159;0.0;0.0;0.0;0.0;7964.5;12726.0
-1;10690.0;7964;165;0.0;0.0;0.0;0.0;7967;165;0.0;0.0;0.0;0.0;7965.5;12046.5
-1;10691.0;7964;66;7963.0;127.0;0.0;0.0;7966;193;0.0;0.0;0.0;0.0;7965.0;12266.5
-1;10692.0;7963;197;0.0;0.0;0.0;0.0;7965;197;0.0;0.0;0.0;0.0;7964.0;12890.0
-1;10693.0;7964;70;7963.0;111.0;0.0;0.0;7966;181;0.0;0.0;0.0;0.0;7965.0;12275.0
-1;10694.0;7962;191;0.0;0.0;0.0;0.0;7965;191;0.0;0.0;0.0;0.0;7963.5;13063.5
-1;10695.0;7962;44;7961.0;125.0;0.0;0.0;7964;169;0.0;0.0;0.0;0.0;7963.0;13558.0
-1;10696.0;7962;179;0.0;0.0;0.0;0.0;7964;47;7965.0;132.0;0.0;0.0;7963.0;13514.5
-1;10697.0;7963;157;0.0;0.0;0.0;0.0;7966;157;0.0;0.0;0.0;0.0;7964.5;12609.0
-1;10698.0;7963;218;0.0;0.0;0.0;0.0;7965;75;7966.0;143.0;0.0;0.0;7964.0;12774.0
-1;10699.0;7963;74;7962.0;124.0;0.0;0.0;7965;198;0.0;0.0;0.0;0.0;7964.0;12969.0
-1;10700.0;7962;188;0.0;0.0;0.0;0.0;7965;188;0.0;0.0;0.0;0.0;7963.5;13213.5
-1;10701.0;7962;177;0.0;0.0;0.0;0.0;7965;177;0.0;0.0;0.0;0.0;7963.5;13293.0
-1;10702.0;7963;78;7962.0;181.0;0.0;0.0;7965;181;0.0;0.0;0.0;0.0;7964.0;13228.0
-1;10703.0;7961;196;0.0;0.0;0.0;0.0;7964;196;0.0;0.0;0.0;0.0;7962.5;13993.0
-1;10704.0;7960;168;0.0;0.0;0.0;0.0;7963;168;0.0;0.0;0.0;0.0;7961.5;14489.5
-1;10705.0;7961;187;0.0;0.0;0.0;0.0;7963;64;7964.0;123.0;0.0;0.0;7962.0;14101.0
-1;10706.0;7961;205;0.0;0.0;0.0;0.0;7963;69;7964.0;136.0;0.0;0.0;7962.0;14047.5
-1;10707.0;7962;188;0.0;0.0;0.0;0.0;7965;188;0.0;0.0;0.0;0.0;7963.5;13390.5
-1;10708.0;7962;173;0.0;0.0;0.0;0.0;7965;173;0.0;0.0;0.0;0.0;7963.5;13041.0
-1;10709.0;7963;54;7962.0;108.0;0.0;0.0;7965;162;0.0;0.0;0.0;0.0;7964.0;13002.0
-1;10710.0;7962;215;0.0;0.0;0.0;0.0;7965;215;0.0;0.0;0.0;0.0;7963.5;13097.5
-1;10711.0;7962;150;0.0;0.0;0.0;0.0;7965;150;0.0;0.0;0.0;0.0;7963.5;13181.0
-1;10712.0;7963;191;0.0;0.0;0.0;0.0;7964;58;7965.0;59.0;7966.0;132.0;7963.5;12867.5
-1;10713.0;7963;201;0.0;0.0;0.0;0.0;7966;214;0.0;0.0;0.0;0.0;7964.5;12697.5
-1;10714.0;7963;76;7962.0;116.0;0.0;0.0;7965;192;0.0;0.0;0.0;0.0;7964.0;12890.5
-1;10715.0;7964;52;7963.0;135.0;0.0;0.0;7966;187;0.0;0.0;0.0;0.0;7965.0;12258.0
-1;10716.0;7963;171;0.0;0.0;0.0;0.0;7966;171;0.0;0.0;0.0;0.0;7964.5;12378.0
-1;10717.0;7964;191;0.0;0.0;0.0;0.0;7967;191;0.0;0.0;0.0;0.0;7965.5;12033.5
-1;10718.0;7964;191;0.0;0.0;0.0;0.0;7965;43;7966.0;191.0;0.0;0.0;7964.5;12215.0
-1;10719.0;7965;57;7964.0;119.0;0.0;0.0;7967;176;0.0;0.0;0.0;0.0;7966.0;11622.0
-1;10720.0;7964;226;0.0;0.0;0.0;0.0;7967;226;0.0;0.0;0.0;0.0;7965.5;11766.0
-1;10721.0;7965;49;7964.0;147.0;0.0;0.0;7967;196;0.0;0.0;0.0;0.0;7966.0;11692.0
-1;10722.0;7964;169;0.0;0.0;0.0;0.0;7967;169;0.0;0.0;0.0;0.0;7965.5;11913.0
-1;10723.0;7962;148;0.0;0.0;0.0;0.0;7965;148;0.0;0.0;0.0;0.0;7963.5;13075.5
-1;10724.0;7964;11;7963.0;210.0;0.0;0.0;7965;62;7966.0;148.0;0.0;0.0;7964.5;12739.5
-1;10725.0;7962;187;0.0;0.0;0.0;0.0;7965;187;0.0;0.0;0.0;0.0;7963.5;13374.0
-1;10726.0;7963;156;0.0;0.0;0.0;0.0;7965;40;7966.0;116.0;0.0;0.0;7964.0;12757.0
-1;10727.0;7963;216;0.0;0.0;0.0;0.0;7966;216;0.0;0.0;0.0;0.0;7964.5;12676.5
-1;10728.0;7964;178;0.0;0.0;0.0;0.0;7966;63;7967.0;115.0;0.0;0.0;7965.0;12195.0
-1;10729.0;7964;191;0.0;0.0;0.0;0.0;7967;191;0.0;0.0;0.0;0.0;7965.5;11699.5
-1;10730.0;7965;45;7964.0;143.0;0.0;0.0;7967;188;0.0;0.0;0.0;0.0;7966.0;11665.0
-1;10731.0;7964;172;0.0;0.0;0.0;0.0;7967;172;0.0;0.0;0.0;0.0;7965.5;11965.5
-1;10732.0;7964;178;0.0;0.0;0.0;0.0;7966;72;7967.0;106.0;0.0;0.0;7965.0;12108.0
-1;10733.0;7964;60;7963.0;100.0;0.0;0.0;7966;160;0.0;0.0;0.0;0.0;7965.0;12274.5
-1;10734.0;7964;201;0.0;0.0;0.0;0.0;7966;71;7967.0;130.0;0.0;0.0;7965.0;12092.5
-1;10735.0;7964;68;7963.0;149.0;0.0;0.0;7966;217;0.0;0.0;0.0;0.0;7965.0;12293.5
-1;10736.0;7965;79;7964.0;129.0;0.0;0.0;7967;208;0.0;0.0;0.0;0.0;7966.0;11593.0
-1;10737.0;7965;204;0.0;0.0;0.0;0.0;7967;66;7968.0;138.0;0.0;0.0;7966.0;11448.0
-1;10738.0;7965;189;0.0;0.0;0.0;0.0;7967;51;7968.0;138.0;0.0;0.0;7966.0;11462.5
-1;10739.0;7966;191;0.0;0.0;0.0;0.0;7967;48;7969.0;191.0;0.0;0.0;7966.5;10759.0
-1;10740.0;7967;49;7966.0;128.0;0.0;0.0;7969;177;0.0;0.0;0.0;0.0;7968.0;10266.5
-1;10741.0;7967;44;7966.0;136.0;0.0;0.0;7969;180;0.0;0.0;0.0;0.0;7968.0;10240.5
-1;10742.0;7966;163;0.0;0.0;0.0;0.0;7969;163;0.0;0.0;0.0;0.0;7967.5;10404.0
-1;10743.0;7966;219;0.0;0.0;0.0;0.0;7969;219;0.0;0.0;0.0;0.0;7967.5;10370.0
-1;10744.0;7967;205;0.0;0.0;0.0;0.0;7970;205;0.0;0.0;0.0;0.0;7968.5;9960.0
-1;10745.0;7968;56;7967.0;149.0;0.0;0.0;7970;205;0.0;0.0;0.0;0.0;7969.0;9578.0
-1;10746.0;7968;212;0.0;0.0;0.0;0.0;7971;212;0.0;0.0;0.0;0.0;7969.5;9136.5
-1;10747.0;7970;55;7969.0;132.0;0.0;0.0;7972;187;0.0;0.0;0.0;0.0;7971.0;8285.0
-1;10748.0;7971;77;7970.0;149.0;0.0;0.0;7973;226;0.0;0.0;0.0;0.0;7972.0;7653.5
-1;10749.0;7970;73;7969.0;156.0;0.0;0.0;7971;49;7972.0;107.0;0.0;0.0;7970.5;8830.0
-1;10750.0;7970;178;0.0;0.0;0.0;0.0;7972;49;7973.0;129.0;0.0;0.0;7971.0;8157.0
-1;10751.0;7970;200;0.0;0.0;0.0;0.0;7972;60;7973.0;140.0;0.0;0.0;7971.0;8143.0
-1;10752.0;7970;213;0.0;0.0;0.0;0.0;7973;213;0.0;0.0;0.0;0.0;7971.5;7841.0
-1;10753.0;7970;49;7969.0;133.0;0.0;0.0;7972;182;0.0;0.0;0.0;0.0;7971.0;8364.0
-1;10754.0;7971;192;0.0;0.0;0.0;0.0;7973;67;7974.0;125.0;0.0;0.0;7972.0;7546.0
-1;10755.0;7969;49;7968.0;106.0;0.0;0.0;7971;155;0.0;0.0;0.0;0.0;7970.0;9008.0
-1;10756.0;7968;193;0.0;0.0;0.0;0.0;7971;193;0.0;0.0;0.0;0.0;7969.5;9371.0
-1;10757.0;7968;207;0.0;0.0;0.0;0.0;7970;69;7971.0;138.0;0.0;0.0;7969.0;9562.5
-1;10758.0;7968;178;0.0;0.0;0.0;0.0;7970;55;7971.0;123.0;0.0;0.0;7969.0;9530.0
-1;10759.0;7966;180;0.0;0.0;0.0;0.0;7969;180;0.0;0.0;0.0;0.0;7967.5;10565.0
-1;10760.0;7966;179;0.0;0.0;0.0;0.0;7969;179;0.0;0.0;0.0;0.0;7967.5;10411.5
-1;10761.0;7967;220;0.0;0.0;0.0;0.0;7970;220;0.0;0.0;0.0;0.0;7968.5;10120.0
-1;10762.0;7967;186;0.0;0.0;0.0;0.0;7970;186;0.0;0.0;0.0;0.0;7968.5;9917.5
-1;10763.0;7965;202;0.0;0.0;0.0;0.0;7968;202;0.0;0.0;0.0;0.0;7966.5;11454.5
-1;10764.0;7965;49;7964.0;120.0;0.0;0.0;7967;169;0.0;0.0;0.0;0.0;7966.0;11732.0
-1;10765.0;7965;47;7964.0;113.0;0.0;0.0;7967;160;0.0;0.0;0.0;0.0;7966.0;11642.0
-1;10766.0;7966;48;7965.0;218.0;0.0;0.0;7968;218;0.0;0.0;0.0;0.0;7967.0;11195.5
-1;10767.0;7965;221;0.0;0.0;0.0;0.0;7968;221;0.0;0.0;0.0;0.0;7966.5;11077.0
-1;10768.0;7967;166;0.0;0.0;0.0;0.0;7969;49;7970.0;117.0;0.0;0.0;7968.0;10260.5
-1;10769.0;7967;62;7966.0;150.0;0.0;0.0;7969;212;0.0;0.0;0.0;0.0;7968.0;10331.5
-1;10770.0;7966;170;0.0;0.0;0.0;0.0;7968;40;7969.0;130.0;0.0;0.0;7967.0;10922.5
-1;10771.0;7966;154;0.0;0.0;0.0;0.0;7969;154;0.0;0.0;0.0;0.0;7967.5;10793.0
-1;10772.0;7966;72;7965.0;136.0;0.0;0.0;7968;208;0.0;0.0;0.0;0.0;7967.0;11031.5
-1;10773.0;7966;158;0.0;0.0;0.0;0.0;7967;56;7969.0;158.0;0.0;0.0;7966.5;10657.5
-1;10774.0;7965;191;0.0;0.0;0.0;0.0;7968;191;0.0;0.0;0.0;0.0;7966.5;11223.5
-1;10775.0;7965;158;0.0;0.0;0.0;0.0;7967;56;7968.0;102.0;0.0;0.0;7966.0;11602.0
-1;10776.0;7964;208;0.0;0.0;0.0;0.0;7967;208;0.0;0.0;0.0;0.0;7965.5;12123.5
-1;10777.0;7964;169;0.0;0.0;0.0;0.0;7966;63;7967.0;106.0;0.0;0.0;7965.0;12276.5
-1;10778.0;7963;44;7962.0;114.0;0.0;0.0;7965;158;0.0;0.0;0.0;0.0;7964.0;12991.5
-1;10779.0;7964;1;7963.0;109.0;0.0;0.0;7966;168;0.0;0.0;0.0;0.0;7965.0;12273.0
-1;10780.0;7964;80;7963.0;108.0;0.0;0.0;7966;188;0.0;0.0;0.0;0.0;7965.0;12275.0
-1;10781.0;7964;54;7963.0;194.0;0.0;0.0;7966;194;0.0;0.0;0.0;0.0;7965.0;12778.0
-1;10782.0;7963;54;7962.0;107.0;0.0;0.0;7965;161;0.0;0.0;0.0;0.0;7964.0;12980.5
-1;10783.0;7963;55;7962.0;139.0;0.0;0.0;7965;194;0.0;0.0;0.0;0.0;7964.0;13025.5
-1;10784.0;7964;202;0.0;0.0;0.0;0.0;7967;202;0.0;0.0;0.0;0.0;7965.5;11839.5
-1;10785.0;7965;69;7964.0;146.0;0.0;0.0;7967;215;0.0;0.0;0.0;0.0;7966.0;11564.0
-1;10786.0;7964;209;0.0;0.0;0.0;0.0;7967;209;0.0;0.0;0.0;0.0;7965.5;11667.0
-1;10787.0;7963;160;0.0;0.0;0.0;0.0;7966;160;0.0;0.0;0.0;0.0;7964.5;12701.5
-1;10788.0;7963;198;0.0;0.0;0.0;0.0;7966;198;0.0;0.0;0.0;0.0;7964.5;12772.0
-1;10789.0;7963;181;0.0;0.0;0.0;0.0;7966;181;0.0;0.0;0.0;0.0;7964.5;12744.0
-1;10790.0;7964;212;0.0;0.0;0.0;0.0;7966;80;7967.0;132.0;0.0;0.0;7965.0;12211.5
-1;10791.0;7963;165;0.0;0.0;0.0;0.0;7965;40;7966.0;125.0;0.0;0.0;7964.0;12812.5
-1;10792.0;7963;197;0.0;0.0;0.0;0.0;7965;55;7966.0;142.0;0.0;0.0;7964.0;12899.0
-1;10793.0;7962;185;0.0;0.0;0.0;0.0;7965;185;0.0;0.0;0.0;0.0;7963.5;13214.0
-1;10794.0;7962;143;0.0;0.0;0.0;0.0;7965;143;0.0;0.0;0.0;0.0;7963.5;13293.0
-1;10795.0;7962;189;0.0;0.0;0.0;0.0;7965;189;0.0;0.0;0.0;0.0;7963.5;13103.0
-1;10796.0;7962;178;0.0;0.0;0.0;0.0;7964;58;7965.0;120.0;0.0;0.0;7963.0;13532.5
-1;10797.0;7962;167;0.0;0.0;0.0;0.0;7964;58;7965.0;109.0;0.0;0.0;7963.0;13644.5
-1;10798.0;7961;222;0.0;0.0;0.0;0.0;7964;222;0.0;0.0;0.0;0.0;7962.5;14220.0
-1;10799.0;7960;180;0.0;0.0;0.0;0.0;7963;180;0.0;0.0;0.0;0.0;7961.5;14852.0
-1;10800.0;7961;181;0.0;0.0;0.0;0.0;7964;200;0.0;0.0;0.0;0.0;7962.5;14230.0
-1;10801.0;7963;182;0.0;0.0;0.0;0.0;7966;182;0.0;0.0;0.0;0.0;7964.5;12711.5
-1;10802.0;7964;174;0.0;0.0;0.0;0.0;7967;174;0.0;0.0;0.0;0.0;7965.5;11988.5
-1;10803.0;7963;186;0.0;0.0;0.0;0.0;7964;68;7965.0;57.0;7966.0;129.0;7963.5;12749.0
-1;10804.0;7964;201;0.0;0.0;0.0;0.0;7966;76;7967.0;125.0;0.0;0.0;7965.0;12066.0
-1;10805.0;7964;195;0.0;0.0;0.0;0.0;7966;74;7967.0;121.0;0.0;0.0;7965.0;12029.0
-1;10806.0;7964;203;0.0;0.0;0.0;0.0;7966;73;7967.0;130.0;0.0;0.0;7965.0;12067.0
-1;10807.0;7964;220;0.0;0.0;0.0;0.0;7967;220;0.0;0.0;0.0;0.0;7965.5;11610.0
-1;10808.0;7965;201;0.0;0.0;0.0;0.0;7968;201;0.0;0.0;0.0;0.0;7966.5;11211.0
-1;10809.0;7965;197;0.0;0.0;0.0;0.0;7967;54;7968.0;143.0;0.0;0.0;7966.0;11334.5
-1;10810.0;7966;44;7965.0;125.0;0.0;0.0;7968;169;0.0;0.0;0.0;0.0;7967.0;10698.5
-1;10811.0;7966;76;7965.0;116.0;0.0;0.0;7968;192;0.0;0.0;0.0;0.0;7967.0;10784.0
-1;10812.0;7966;163;0.0;0.0;0.0;0.0;7969;163;0.0;0.0;0.0;0.0;7967.5;10184.5
-1;10813.0;7967;199;0.0;0.0;0.0;0.0;7970;199;0.0;0.0;0.0;0.0;7968.5;9445.0
-1;10814.0;7965;185;0.0;0.0;0.0;0.0;7968;185;0.0;0.0;0.0;0.0;7966.5;11174.0
-1;10815.0;7966;49;7965.0;143.0;0.0;0.0;7968;192;0.0;0.0;0.0;0.0;7967.0;10774.5
-1;10816.0;7966;183;0.0;0.0;0.0;0.0;7969;183;0.0;0.0;0.0;0.0;7967.5;10070.0
-1;10817.0;7966;156;0.0;0.0;0.0;0.0;7969;156;0.0;0.0;0.0;0.0;7967.5;10092.0
-1;10818.0;7966;172;0.0;0.0;0.0;0.0;7969;172;0.0;0.0;0.0;0.0;7967.5;10175.0
-1;10819.0;7966;186;0.0;0.0;0.0;0.0;7969;186;0.0;0.0;0.0;0.0;7967.5;10317.5
-1;10820.0;7966;222;0.0;0.0;0.0;0.0;7969;222;0.0;0.0;0.0;0.0;7967.5;10297.5
-1;10821.0;7967;209;0.0;0.0;0.0;0.0;7969;67;7970.0;142.0;0.0;0.0;7968.0;9873.5
-1;10822.0;7966;170;0.0;0.0;0.0;0.0;7968;53;7969.0;117.0;0.0;0.0;7967.0;10603.5
-1;10823.0;7967;53;7966.0;123.0;0.0;0.0;7969;176;0.0;0.0;0.0;0.0;7968.0;10036.5
-1;10824.0;7966;198;0.0;0.0;0.0;0.0;7969;198;0.0;0.0;0.0;0.0;7967.5;10077.5
-1;10825.0;7968;57;7967.0;169.0;0.0;0.0;7970;169;0.0;0.0;0.0;0.0;7969.0;9368.0
-1;10826.0;7967;175;0.0;0.0;0.0;0.0;7970;175;0.0;0.0;0.0;0.0;7968.5;9494.5
-1;10827.0;7969;77;7968.0;132.0;0.0;0.0;7971;209;0.0;0.0;0.0;0.0;7970.0;8426.5
-1;10828.0;7969;190;0.0;0.0;0.0;0.0;7972;190;0.0;0.0;0.0;0.0;7970.5;8113.5
-1;10829.0;7969;191;0.0;0.0;0.0;0.0;7972;191;0.0;0.0;0.0;0.0;7970.5;8189.0
-1;10830.0;7969;107;7968.0;138.0;0.0;0.0;7971;204;0.0;0.0;0.0;0.0;7970.0;8478.5
-1;10831.0;7968;112;7967.0;103.0;0.0;0.0;7970;158;0.0;0.0;0.0;0.0;7969.0;9186.5
-1;10832.0;7966;177;0.0;0.0;0.0;0.0;7969;177;0.0;0.0;0.0;0.0;7967.5;10268.5
-1;10833.0;7965;167;0.0;0.0;0.0;0.0;7967;43;7968.0;124.0;0.0;0.0;7966.0;11325.5
-1;10834.0;7966;168;0.0;0.0;0.0;0.0;7969;168;0.0;0.0;0.0;0.0;7967.5;10145.0
-1;10835.0;7968;210;0.0;0.0;0.0;0.0;7971;210;0.0;0.0;0.0;0.0;7969.5;8856.5
-1;10836.0;7970;166;0.0;0.0;0.0;0.0;7972;48;7973.0;118.0;0.0;0.0;7971.0;7634.0
-1;10837.0;7969;202;0.0;0.0;0.0;0.0;7971;77;7972.0;125.0;0.0;0.0;7970.0;8271.5
-1;10838.0;7969;201;0.0;0.0;0.0;0.0;7972;201;0.0;0.0;0.0;0.0;7970.5;7925.5
-1;10839.0;7968;185;0.0;0.0;0.0;0.0;7971;185;0.0;0.0;0.0;0.0;7969.5;8724.0
-1;10840.0;7967;174;0.0;0.0;0.0;0.0;7969;74;7970.0;100.0;0.0;0.0;7968.0;9780.5
-1;10841.0;7966;213;0.0;0.0;0.0;0.0;7968;69;7969.0;144.0;0.0;0.0;7967.0;10620.5
-1;10842.0;7964;181;0.0;0.0;0.0;0.0;7965;50;7966.0;74.0;7967.0;107.0;7964.5;12049.5
-1;10843.0;7965;160;0.0;0.0;0.0;0.0;7967;46;7968.0;114.0;0.0;0.0;7966.0;11356.0
-1;10844.0;7964;206;0.0;0.0;0.0;0.0;7967;206;0.0;0.0;0.0;0.0;7965.5;11725.0
-1;10845.0;7964;170;0.0;0.0;0.0;0.0;7967;170;0.0;0.0;0.0;0.0;7965.5;11600.0
-1;10846.0;7964;178;0.0;0.0;0.0;0.0;7967;178;0.0;0.0;0.0;0.0;7965.5;11781.5
-1;10847.0;7964;161;0.0;0.0;0.0;0.0;7967;161;0.0;0.0;0.0;0.0;7965.5;11632.0
-1;10848.0;7965;42;7964.0;168.0;0.0;0.0;7967;168;0.0;0.0;0.0;0.0;7966.0;11869.0
-1;10849.0;7964;214;0.0;0.0;0.0;0.0;7967;214;0.0;0.0;0.0;0.0;7965.5;11994.0
-1;10850.0;7964;196;0.0;0.0;0.0;0.0;7965;72;7967.0;196.0;0.0;0.0;7964.5;11919.0
-1;10851.0;7964;221;0.0;0.0;0.0;0.0;7966;74;7967.0;147.0;0.0;0.0;7965.0;12002.5
-1;10852.0;7964;182;0.0;0.0;0.0;0.0;7967;182;0.0;0.0;0.0;0.0;7965.5;11954.0
-1;10853.0;7964;71;7963.0;108.0;0.0;0.0;7966;179;0.0;0.0;0.0;0.0;7965.0;12293.5
-1;10854.0;7963;167;0.0;0.0;0.0;0.0;7965;62;7966.0;105.0;0.0;0.0;7964.0;12855.0
-1;10855.0;7963;195;0.0;0.0;0.0;0.0;7965;70;7966.0;125.0;0.0;0.0;7964.0;12831.5
-1;10856.0;7961;213;0.0;0.0;0.0;0.0;7964;213;0.0;0.0;0.0;0.0;7962.5;13795.5
-1;10857.0;7962;228;0.0;0.0;0.0;0.0;7965;228;0.0;0.0;0.0;0.0;7963.5;13126.0
-1;10858.0;7962;55;7961.0;111.0;0.0;0.0;7964;166;0.0;0.0;0.0;0.0;7963.0;13722.0
-1;10859.0;7963;171;0.0;0.0;0.0;0.0;7965;63;7966.0;108.0;0.0;0.0;7964.0;12790.5
-1;10860.0;7962;215;0.0;0.0;0.0;0.0;7965;215;0.0;0.0;0.0;0.0;7963.5;13470.5
-1;10861.0;7962;174;0.0;0.0;0.0;0.0;7963;40;7965.0;174.0;0.0;0.0;7962.5;13085.0
-1;10862.0;7962;199;0.0;0.0;0.0;0.0;7965;199;0.0;0.0;0.0;0.0;7963.5;13401.5
-1;10863.0;7962;196;0.0;0.0;0.0;0.0;7965;196;0.0;0.0;0.0;0.0;7963.5;13063.0
-1;10864.0;7960;180;0.0;0.0;0.0;0.0;7963;180;0.0;0.0;0.0;0.0;7961.5;14625.5
-1;10865.0;7960;55;7959.0;105.0;0.0;0.0;7962;160;0.0;0.0;0.0;0.0;7961.0;15177.5
-1;10866.0;7960;199;0.0;0.0;0.0;0.0;7962;70;7963.0;129.0;0.0;0.0;7961.0;15055.5
-1;10867.0;7959;48;7958.0;107.0;0.0;0.0;7961;155;0.0;0.0;0.0;0.0;7960.0;15982.0
-1;10868.0;7959;181;0.0;0.0;0.0;0.0;7962;181;0.0;0.0;0.0;0.0;7960.5;15303.0
-1;10869.0;7958;177;0.0;0.0;0.0;0.0;7961;177;0.0;0.0;0.0;0.0;7959.5;16287.5
-1;10870.0;7959;57;7958.0;114.0;0.0;0.0;7961;171;0.0;0.0;0.0;0.0;7960.0;15941.5
-1;10871.0;7957;187;0.0;0.0;0.0;0.0;7960;187;0.0;0.0;0.0;0.0;7958.5;16878.0
-1;10872.0;7958;72;7957.0;142.0;0.0;0.0;7960;214;0.0;0.0;0.0;0.0;7959.0;16651.0
-1;10873.0;7960;161;0.0;0.0;0.0;0.0;7962;52;7963.0;109.0;0.0;0.0;7961.0;15124.5
-1;10874.0;7960;55;7959.0;141.0;0.0;0.0;7962;196;0.0;0.0;0.0;0.0;7961.0;15149.5
-1;10875.0;7960;170;0.0;0.0;0.0;0.0;7963;170;0.0;0.0;0.0;0.0;7961.5;14914.5
-1;10876.0;7961;197;0.0;0.0;0.0;0.0;7964;197;0.0;0.0;0.0;0.0;7962.5;14039.5
-1;10877.0;7961;169;0.0;0.0;0.0;0.0;7963;43;7964.0;126.0;0.0;0.0;7962.0;14286.5
-1;10878.0;7961;163;0.0;0.0;0.0;0.0;7964;163;0.0;0.0;0.0;0.0;7962.5;14050.0
-1;10879.0;7961;79;7960.0;136.0;0.0;0.0;7963;215;0.0;0.0;0.0;0.0;7962.0;14502.5
-1;10880.0;7960;172;0.0;0.0;0.0;0.0;7963;172;0.0;0.0;0.0;0.0;7961.5;14615.0
-1;10881.0;7960;165;0.0;0.0;0.0;0.0;7963;165;0.0;0.0;0.0;0.0;7961.5;14748.5
-1;10882.0;7959;192;0.0;0.0;0.0;0.0;7962;192;0.0;0.0;0.0;0.0;7960.5;15391.5
-1;10883.0;7959;157;0.0;0.0;0.0;0.0;7961;42;7962.0;115.0;0.0;0.0;7960.0;15816.0
-1;10884.0;7959;184;0.0;0.0;0.0;0.0;7962;184;0.0;0.0;0.0;0.0;7960.5;15540.5
-1;10885.0;7959;211;0.0;0.0;0.0;0.0;7962;211;0.0;0.0;0.0;0.0;7960.5;15390.5
-1;10886.0;7959;46;7958.0;104.0;0.0;0.0;7961;150;0.0;0.0;0.0;0.0;7960.0;15895.5
-1;10887.0;7959;180;0.0;0.0;0.0;0.0;7962;180;0.0;0.0;0.0;0.0;7960.5;15302.5
-1;10888.0;7959;188;0.0;0.0;0.0;0.0;7962;188;0.0;0.0;0.0;0.0;7960.5;15486.5
-1;10889.0;7959;194;0.0;0.0;0.0;0.0;7962;194;0.0;0.0;0.0;0.0;7960.5;15555.5
-1;10890.0;7958;163;0.0;0.0;0.0;0.0;7960;51;7961.0;112.0;0.0;0.0;7959.0;16516.5
-1;10891.0;7956;173;0.0;0.0;0.0;0.0;7959;173;0.0;0.0;0.0;0.0;7957.5;17723.0
-1;10892.0;7955;46;7954.0;106.0;0.0;0.0;7957;152;0.0;0.0;0.0;0.0;7956.0;18972.5
-1;10893.0;7954;214;0.0;0.0;0.0;0.0;7957;214;0.0;0.0;0.0;0.0;7955.5;19107.0
-1;10894.0;7953;187;0.0;0.0;0.0;0.0;7955;73;7956.0;114.0;0.0;0.0;7954.0;20285.5
-1;10895.0;7953;204;0.0;0.0;0.0;0.0;7956;204;0.0;0.0;0.0;0.0;7954.5;20058.5
-1;10896.0;7953;225;0.0;0.0;0.0;0.0;7956;225;0.0;0.0;0.0;0.0;7954.5;19825.0
-1;10897.0;7954;157;0.0;0.0;0.0;0.0;7956;49;7957.0;108.0;0.0;0.0;7955.0;19572.0
-1;10898.0;7955;64;7954.0;129.0;0.0;0.0;7957;193;0.0;0.0;0.0;0.0;7956.0;18937.5
-1;10899.0;7955;58;7954.0;145.0;0.0;0.0;7957;203;0.0;0.0;0.0;0.0;7956.0;19010.5
-1;10900.0;7955;48;7954.0;134.0;0.0;0.0;7957;182;0.0;0.0;0.0;0.0;7956.0;18971.0
-1;10901.0;7955;161;0.0;0.0;0.0;0.0;7958;161;0.0;0.0;0.0;0.0;7956.5;18685.0
-1;10902.0;7956;144;0.0;0.0;0.0;0.0;7958;42;7959.0;102.0;0.0;0.0;7957.0;18070.0
-1;10903.0;7955;53;7954.0;147.0;0.0;0.0;7957;200;0.0;0.0;0.0;0.0;7956.0;18870.0
-1;10904.0;7954;168;0.0;0.0;0.0;0.0;7957;168;0.0;0.0;0.0;0.0;7955.5;19119.5
-1;10905.0;7956;68;7955.0;114.0;0.0;0.0;7958;182;0.0;0.0;0.0;0.0;7957.0;18201.0
-1;10906.0;7954;194;0.0;0.0;0.0;0.0;7957;194;0.0;0.0;0.0;0.0;7955.5;19058.0
-1;10907.0;7956;185;0.0;0.0;0.0;0.0;7958;42;7959.0;143.0;0.0;0.0;7957.0;18078.5
-1;10908.0;7956;76;7955.0;144.0;0.0;0.0;7958;220;0.0;0.0;0.0;0.0;7957.0;18226.0
-1;10909.0;7956;183;0.0;0.0;0.0;0.0;7959;183;0.0;0.0;0.0;0.0;7957.5;17569.0
-1;10910.0;7957;200;0.0;0.0;0.0;0.0;7959;80;7960.0;120.0;0.0;0.0;7958.0;17276.0
-1;10911.0;7958;57;7957.0;170.0;0.0;0.0;7960;170;0.0;0.0;0.0;0.0;7959.0;16805.5
-1;10912.0;7957;208;0.0;0.0;0.0;0.0;7960;208;0.0;0.0;0.0;0.0;7958.5;16892.5
-1;10913.0;7957;163;0.0;0.0;0.0;0.0;7960;163;0.0;0.0;0.0;0.0;7958.5;16927.0
-1;10914.0;7957;183;0.0;0.0;0.0;0.0;7960;183;0.0;0.0;0.0;0.0;7958.5;16881.0
-1;10915.0;7956;204;0.0;0.0;0.0;0.0;7958;76;7959.0;128.0;0.0;0.0;7957.0;18008.0
-1;10916.0;7956;168;0.0;0.0;0.0;0.0;7959;168;0.0;0.0;0.0;0.0;7957.5;17577.0
-1;10917.0;7956;204;0.0;0.0;0.0;0.0;7959;204;0.0;0.0;0.0;0.0;7957.5;17550.5
-1;10918.0;7957;59;7956.0;187.0;0.0;0.0;7959;187;0.0;0.0;0.0;0.0;7958.0;17569.5
-1;10919.0;7958;166;0.0;0.0;0.0;0.0;7960;54;7961.0;112.0;0.0;0.0;7959.0;16527.5
-1;10920.0;7958;191;0.0;0.0;0.0;0.0;7961;191;0.0;0.0;0.0;0.0;7959.5;16267.5
-1;10921.0;7956;205;0.0;0.0;0.0;0.0;7959;205;0.0;0.0;0.0;0.0;7957.5;17600.5
-1;10922.0;7956;204;0.0;0.0;0.0;0.0;7959;204;0.0;0.0;0.0;0.0;7957.5;17652.5
-1;10923.0;7955;164;0.0;0.0;0.0;0.0;7958;164;0.0;0.0;0.0;0.0;7956.5;18365.0
-1;10924.0;7955;172;0.0;0.0;0.0;0.0;7958;190;0.0;0.0;0.0;0.0;7956.5;18418.0
-1;10925.0;7955;176;0.0;0.0;0.0;0.0;7958;176;0.0;0.0;0.0;0.0;7956.5;18582.0
-1;10926.0;7955;198;0.0;0.0;0.0;0.0;7958;198;0.0;0.0;0.0;0.0;7956.5;18343.5
-1;10927.0;7956;62;7955.0;113.0;0.0;0.0;7958;175;0.0;0.0;0.0;0.0;7957.0;18080.0
-1;10928.0;7956;174;0.0;0.0;0.0;0.0;7957;74;7959.0;174.0;0.0;0.0;7956.5;17644.0
-1;10929.0;7957;167;0.0;0.0;0.0;0.0;7959;56;7960.0;111.0;0.0;0.0;7958.0;17161.5
-1;10930.0;7956;159;0.0;0.0;0.0;0.0;7959;159;0.0;0.0;0.0;0.0;7957.5;17730.5
-1;10931.0;7956;194;0.0;0.0;0.0;0.0;7959;194;0.0;0.0;0.0;0.0;7957.5;17551.0
-1;10932.0;7958;57;7957.0;140.0;0.0;0.0;7960;197;0.0;0.0;0.0;0.0;7959.0;16646.5
-1;10933.0;7959;49;7958.0;179.0;0.0;0.0;7960;69;7961.0;110.0;0.0;0.0;7959.5;16519.0
-1;10934.0;7959;46;7958.0;181.0;0.0;0.0;7961;181;0.0;0.0;0.0;0.0;7960.0;16009.0
-1;10935.0;7957;176;0.0;0.0;0.0;0.0;7959;65;7960.0;111.0;0.0;0.0;7958.0;17230.0
-1;10936.0;7957;67;7956.0;100.0;0.0;0.0;7959;167;0.0;0.0;0.0;0.0;7958.0;17303.5
-1;10937.0;7956;196;0.0;0.0;0.0;0.0;7959;196;0.0;0.0;0.0;0.0;7957.5;17752.5
-1;10938.0;7957;70;7956.0;137.0;0.0;0.0;7959;207;0.0;0.0;0.0;0.0;7958.0;17361.0
-1;10939.0;7958;197;0.0;0.0;0.0;0.0;7960;74;7961.0;123.0;0.0;0.0;7959.0;16494.5
-1;10940.0;7958;169;0.0;0.0;0.0;0.0;7961;169;0.0;0.0;0.0;0.0;7959.5;16131.0
-1;10941.0;7957;201;0.0;0.0;0.0;0.0;7960;201;0.0;0.0;0.0;0.0;7958.5;16968.0
-1;10942.0;7957;70;7956.0;133.0;0.0;0.0;7959;203;0.0;0.0;0.0;0.0;7958.0;17385.5
-1;10943.0;7957;46;7956.0;124.0;0.0;0.0;7959;170;0.0;0.0;0.0;0.0;7958.0;17376.0
-1;10944.0;7957;42;7956.0;148.0;0.0;0.0;7959;190;0.0;0.0;0.0;0.0;7958.0;17371.5
-1;10945.0;7958;79;7957.0;146.0;0.0;0.0;7960;225;0.0;0.0;0.0;0.0;7959.0;16585.5
-1;10946.0;7958;171;0.0;0.0;0.0;0.0;7960;52;7961.0;119.0;0.0;0.0;7959.0;16400.5
-1;10947.0;7958;221;0.0;0.0;0.0;0.0;7961;221;0.0;0.0;0.0;0.0;7959.5;16015.0
-1;10948.0;7959;190;0.0;0.0;0.0;0.0;7961;58;7962.0;132.0;0.0;0.0;7960.0;15596.0
-1;10949.0;7960;158;0.0;0.0;0.0;0.0;7963;158;0.0;0.0;0.0;0.0;7961.5;14413.5
-1;10950.0;7959;200;0.0;0.0;0.0;0.0;7962;200;0.0;0.0;0.0;0.0;7960.5;15191.0
-1;10951.0;7961;80;7960.0;158.0;0.0;0.0;7963;158;0.0;0.0;0.0;0.0;7962.0;14813.5
-1;10952.0;7961;54;7960.0;140.0;0.0;0.0;7963;194;0.0;0.0;0.0;0.0;7962.0;14284.5
-1;10953.0;7960;203;0.0;0.0;0.0;0.0;7962;63;7963.0;140.0;0.0;0.0;7961.0;14927.5
-1;10954.0;7961;206;0.0;0.0;0.0;0.0;7963;75;7964.0;131.0;0.0;0.0;7962.0;14084.0
-1;10955.0;7960;171;0.0;0.0;0.0;0.0;7963;171;0.0;0.0;0.0;0.0;7961.5;14467.0
-1;10956.0;7958;200;0.0;0.0;0.0;0.0;7961;200;0.0;0.0;0.0;0.0;7959.5;16324.5
-1;10957.0;7957;51;7956.0;107.0;0.0;0.0;7959;158;0.0;0.0;0.0;0.0;7958.0;17402.5
-1;10958.0;7958;63;7957.0;185.0;0.0;0.0;7960;185;0.0;0.0;0.0;0.0;7959.0;16899.0
-1;10959.0;7958;191;0.0;0.0;0.0;0.0;7961;191;0.0;0.0;0.0;0.0;7959.5;16359.5
-1;10960.0;7958;161;0.0;0.0;0.0;0.0;7961;161;0.0;0.0;0.0;0.0;7959.5;16125.5
-1;10961.0;7959;193;0.0;0.0;0.0;0.0;7962;193;0.0;0.0;0.0;0.0;7960.5;15138.5
-1;10962.0;7961;64;7960.0;141.0;0.0;0.0;7963;205;0.0;0.0;0.0;0.0;7962.0;14293.5
-1;10963.0;7961;192;0.0;0.0;0.0;0.0;7964;192;0.0;0.0;0.0;0.0;7962.5;14006.0
-1;10964.0;7960;204;0.0;0.0;0.0;0.0;7963;204;0.0;0.0;0.0;0.0;7961.5;14427.5
-1;10965.0;7960;189;0.0;0.0;0.0;0.0;7963;189;0.0;0.0;0.0;0.0;7961.5;14721.0
-1;10966.0;7961;76;7960.0;149.0;0.0;0.0;7963;225;0.0;0.0;0.0;0.0;7962.0;14251.5
-1;10967.0;7961;55;7960.0;172.0;0.0;0.0;7962;68;7963.0;104.0;0.0;0.0;7961.5;14841.0
-1;10968.0;7961;222;0.0;0.0;0.0;0.0;7963;80;7964.0;142.0;0.0;0.0;7962.0;14073.5
-1;10969.0;7960;117;0.0;0.0;0.0;0.0;7961;13;7963.0;157.0;0.0;0.0;7960.5;14233.5
-1;10970.0;7961;210;0.0;0.0;0.0;0.0;7964;210;0.0;0.0;0.0;0.0;7962.5;13579.5
-1;10971.0;7961;213;0.0;0.0;0.0;0.0;7964;213;0.0;0.0;0.0;0.0;7962.5;13955.5
-1;10972.0;7961;76;7960.0;116.0;0.0;0.0;7963;192;0.0;0.0;0.0;0.0;7962.0;14195.0
-1;10973.0;7960;190;0.0;0.0;0.0;0.0;7962;58;7963.0;132.0;0.0;0.0;7961.0;14810.0
-1;10974.0;7960;180;0.0;0.0;0.0;0.0;7962;63;7963.0;117.0;0.0;0.0;7961.0;14917.5
-1;10975.0;7961;72;7960.0;107.0;0.0;0.0;7963;179;0.0;0.0;0.0;0.0;7962.0;14213.0
-1;10976.0;7961;196;0.0;0.0;0.0;0.0;7963;68;7964.0;128.0;0.0;0.0;7962.0;14095.0
-1;10977.0;7961;195;0.0;0.0;0.0;0.0;7964;195;0.0;0.0;0.0;0.0;7962.5;13892.5
-1;10978.0;7961;165;0.0;0.0;0.0;0.0;7963;44;7964.0;121.0;0.0;0.0;7962.0;14094.5
-1;10979.0;7961;173;0.0;0.0;0.0;0.0;7964;173;0.0;0.0;0.0;0.0;7962.5;13862.0
-1;10980.0;7961;182;0.0;0.0;0.0;0.0;7963;59;7964.0;123.0;0.0;0.0;7962.0;13990.0
-1;10981.0;7961;177;0.0;0.0;0.0;0.0;7963;177;0.0;0.0;0.0;0.0;7962.0;14160.0
-1;10982.0;7961;206;0.0;0.0;0.0;0.0;7963;68;7964.0;138.0;0.0;0.0;7962.0;14015.0
-1;10983.0;7960;76;7959.0;128.0;0.0;0.0;7962;204;0.0;0.0;0.0;0.0;7961.0;15065.0
-1;10984.0;7960;165;0.0;0.0;0.0;0.0;7963;165;0.0;0.0;0.0;0.0;7961.5;14717.5
-1;10985.0;7960;187;0.0;0.0;0.0;0.0;7963;187;0.0;0.0;0.0;0.0;7961.5;14779.0
-1;10986.0;7961;77;7960.0;107.0;0.0;0.0;7963;184;0.0;0.0;0.0;0.0;7962.0;14224.5
-1;10987.0;7962;189;0.0;0.0;0.0;0.0;7965;189;0.0;0.0;0.0;0.0;7963.5;13086.0
-1;10988.0;7962;187;0.0;0.0;0.0;0.0;7965;187;0.0;0.0;0.0;0.0;7963.5;12955.0
-1;10989.0;7961;187;0.0;0.0;0.0;0.0;7962;56;7964.0;187.0;0.0;0.0;7961.5;13850.5
-1;10990.0;7963;74;7962.0;158.0;0.0;0.0;7965;158;0.0;0.0;0.0;0.0;7964.0;13041.0
-1;10991.0;7963;217;0.0;0.0;0.0;0.0;7964;69;7966.0;217.0;0.0;0.0;7963.5;11954.5
-1;10992.0;7963;170;0.0;0.0;0.0;0.0;7964;42;7966.0;170.0;0.0;0.0;7963.5;11972.5
-1;10993.0;7963;197;0.0;0.0;0.0;0.0;7966;197;0.0;0.0;0.0;0.0;7964.5;11825.5
-1;10994.0;7963;72;7962.0;109.0;0.0;0.0;7965;181;0.0;0.0;0.0;0.0;7964.0;12478.0
-1;10995.0;7963;144;0.0;0.0;0.0;0.0;7966;144;0.0;0.0;0.0;0.0;7964.5;12201.0
-1;10996.0;7965;180;0.0;0.0;0.0;0.0;7967;58;7968.0;122.0;0.0;0.0;7966.0;10633.5
-1;10997.0;7966;184;0.0;0.0;0.0;0.0;7968;50;7969.0;134.0;0.0;0.0;7967.0;9924.5
-1;10998.0;7965;73;7964.0;115.0;0.0;0.0;7967;188;0.0;0.0;0.0;0.0;7966.0;10805.0
-1;10999.0;7966;193;0.0;0.0;0.0;0.0;7969;193;0.0;0.0;0.0;0.0;7967.5;9719.0
-1;11000.0;7966;160;0.0;0.0;0.0;0.0;7968;57;7969.0;103.0;0.0;0.0;7967.0;9872.5
-1;11001.0;7966;180;0.0;0.0;0.0;0.0;7968;54;7969.0;126.0;0.0;0.0;7967.0;9858.5
-1;11002.0;7965;186;0.0;0.0;0.0;0.0;7968;186;0.0;0.0;0.0;0.0;7966.5;10596.0
-1;11003.0;7965;43;7964.0;106.0;0.0;0.0;7967;149;0.0;0.0;0.0;0.0;7966.0;10951.5
-1;11004.0;7966;51;7965.0;165.0;0.0;0.0;7968;165;0.0;0.0;0.0;0.0;7967.0;10139.0
-1;11005.0;7967;165;0.0;0.0;0.0;0.0;7969;53;7970.0;112.0;0.0;0.0;7968.0;8925.0
-1;11006.0;7968;196;0.0;0.0;0.0;0.0;7971;196;0.0;0.0;0.0;0.0;7969.5;8057.0
-1;11007.0;7968;150;0.0;0.0;0.0;0.0;7969;43;7971.0;172.0;0.0;0.0;7968.5;7717.0
-1;11008.0;7966;199;0.0;0.0;0.0;0.0;7969;199;0.0;0.0;0.0;0.0;7967.5;9689.5
-1;11009.0;7967;179;0.0;0.0;0.0;0.0;7969;59;7970.0;120.0;0.0;0.0;7968.0;9080.0
-1;11010.0;7966;180;0.0;0.0;0.0;0.0;7968;57;7969.0;135.0;0.0;0.0;7967.0;9810.5
-1;11011.0;7966;217;0.0;0.0;0.0;0.0;7967;60;7969.0;217.0;0.0;0.0;7966.5;9288.5
-1;11012.0;7967;79;7966.0;173.0;0.0;0.0;7969;173;0.0;0.0;0.0;0.0;7968.0;9641.5
-1;11013.0;7966;195;0.0;0.0;0.0;0.0;7969;195;0.0;0.0;0.0;0.0;7967.5;9739.5
-1;11014.0;7965;177;0.0;0.0;0.0;0.0;7967;69;7968.0;108.0;0.0;0.0;7966.0;10686.0
-1;11015.0;7966;194;0.0;0.0;0.0;0.0;7967;49;7968.0;66.0;7969.0;128.0;7966.5;9806.0
-1;11016.0;7966;184;0.0;0.0;0.0;0.0;7969;184;0.0;0.0;0.0;0.0;7967.5;9292.0
-1;11017.0;7967;72;7966.0;116.0;0.0;0.0;7969;188;0.0;0.0;0.0;0.0;7968.0;9213.0
-1;11018.0;7966;174;0.0;0.0;0.0;0.0;7968;54;7969.0;120.0;0.0;0.0;7967.0;9807.0
-1;11019.0;7965;190;0.0;0.0;0.0;0.0;7968;190;0.0;0.0;0.0;0.0;7966.5;10479.0
-1;11020.0;7966;75;7965.0;169.0;0.0;0.0;7968;169;0.0;0.0;0.0;0.0;7967.0;10201.5
-1;11021.0;7966;173;0.0;0.0;0.0;0.0;7969;173;0.0;0.0;0.0;0.0;7967.5;9753.0
-1;11022.0;7966;199;0.0;0.0;0.0;0.0;7969;199;0.0;0.0;0.0;0.0;7967.5;9326.0
-1;11023.0;7965;50;7964.0;142.0;0.0;0.0;7967;192;0.0;0.0;0.0;0.0;7966.0;10886.0
-1;11024.0;7964;192;0.0;0.0;0.0;0.0;7967;192;0.0;0.0;0.0;0.0;7965.5;11338.0
-1;11025.0;7965;213;0.0;0.0;0.0;0.0;7968;213;0.0;0.0;0.0;0.0;7966.5;10623.0
-1;11026.0;7965;187;0.0;0.0;0.0;0.0;7966;46;7968.0;187.0;0.0;0.0;7965.5;10204.0
-1;11027.0;7965;80;7964.0;121.0;0.0;0.0;7967;201;0.0;0.0;0.0;0.0;7966.0;10910.5
-1;11028.0;7965;176;0.0;0.0;0.0;0.0;7968;176;0.0;0.0;0.0;0.0;7966.5;10535.5
-1;11029.0;7964;191;0.0;0.0;0.0;0.0;7965;77;7966.0;75.0;7967.0;116.0;7964.5;11632.0
-1;11030.0;7964;216;0.0;0.0;0.0;0.0;7967;216;0.0;0.0;0.0;0.0;7965.5;11136.5
-1;11031.0;7965;176;0.0;0.0;0.0;0.0;7967;42;7968.0;134.0;0.0;0.0;7966.0;10810.0
-1;11032.0;7966;61;7965.0;132.0;0.0;0.0;7968;193;0.0;0.0;0.0;0.0;7967.0;10055.5
-1;11033.0;7965;169;0.0;0.0;0.0;0.0;7968;169;0.0;0.0;0.0;0.0;7966.5;10143.5
-1;11034.0;7965;186;0.0;0.0;0.0;0.0;7968;186;0.0;0.0;0.0;0.0;7966.5;10462.0
-1;11035.0;7965;6;7964.0;130.0;0.0;0.0;7967;202;0.0;0.0;0.0;0.0;7966.0;10900.5
-1;11036.0;7964;211;0.0;0.0;0.0;0.0;7967;211;0.0;0.0;0.0;0.0;7965.5;10976.0
-1;11037.0;7963;195;0.0;0.0;0.0;0.0;7965;46;7966.0;149.0;0.0;0.0;7964.0;12585.0
-1;11038.0;7962;57;7961.0;138.0;0.0;0.0;7964;195;0.0;0.0;0.0;0.0;7963.0;13684.5
-1;11039.0;7962;78;7961.0;124.0;0.0;0.0;7964;202;0.0;0.0;0.0;0.0;7963.0;13674.0
-1;11040.0;7962;64;7961.0;139.0;0.0;0.0;7964;203;0.0;0.0;0.0;0.0;7963.0;13692.5
-1;11041.0;7962;179;0.0;0.0;0.0;0.0;7965;179;0.0;0.0;0.0;0.0;7963.5;12864.5
-1;11042.0;7962;174;0.0;0.0;0.0;0.0;7965;174;0.0;0.0;0.0;0.0;7963.5;13091.5
-1;11043.0;7964;184;0.0;0.0;0.0;0.0;7966;71;7967.0;113.0;0.0;0.0;7965.0;11561.0
-1;11044.0;7963;40;7962.0;126.0;0.0;0.0;7965;166;0.0;0.0;0.0;0.0;7964.0;12820.5
-1;11045.0;7962;203;0.0;0.0;0.0;0.0;7965;203;0.0;0.0;0.0;0.0;7963.5;13120.0
-1;11046.0;7961;194;0.0;0.0;0.0;0.0;7964;194;0.0;0.0;0.0;0.0;7962.5;13829.5
-1;11047.0;7961;169;0.0;0.0;0.0;0.0;7964;169;0.0;0.0;0.0;0.0;7962.5;13823.5
-1;11048.0;7961;167;0.0;0.0;0.0;0.0;7964;167;0.0;0.0;0.0;0.0;7962.5;14175.5
-1;11049.0;7962;13;7961.0;77.0;7960.0;139.0;7963;216;0.0;0.0;0.0;0.0;7962.5;14720.5
-1;11050.0;7961;162;0.0;0.0;0.0;0.0;7962;47;7964.0;162.0;0.0;0.0;7961.5;14312.0
-1;11051.0;7961;177;0.0;0.0;0.0;0.0;7964;177;0.0;0.0;0.0;0.0;7962.5;13992.0
-1;11052.0;7962;198;0.0;0.0;0.0;0.0;7965;198;0.0;0.0;0.0;0.0;7963.5;13260.5
-1;11053.0;7962;147;0.0;0.0;0.0;0.0;7965;147;0.0;0.0;0.0;0.0;7963.5;13010.0
-1;11054.0;7963;152;0.0;0.0;0.0;0.0;7966;152;0.0;0.0;0.0;0.0;7964.5;12231.5
-1;11055.0;7963;64;7962.0;133.0;0.0;0.0;7965;197;0.0;0.0;0.0;0.0;7964.0;12804.5
-1;11056.0;7963;208;0.0;0.0;0.0;0.0;7966;208;0.0;0.0;0.0;0.0;7964.5;12257.5
-1;11057.0;7962;192;0.0;0.0;0.0;0.0;7965;192;0.0;0.0;0.0;0.0;7963.5;13311.5
-1;11058.0;7962;157;0.0;0.0;0.0;0.0;7965;157;0.0;0.0;0.0;0.0;7963.5;13012.5
-1;11059.0;7963;73;7962.0;147.0;0.0;0.0;7965;220;0.0;0.0;0.0;0.0;7964.0;12800.0
-1;11060.0;7963;189;0.0;0.0;0.0;0.0;7966;189;0.0;0.0;0.0;0.0;7964.5;12162.0
-1;11061.0;7962;179;0.0;0.0;0.0;0.0;7965;179;0.0;0.0;0.0;0.0;7963.5;13331.0
-1;11062.0;7962;186;0.0;0.0;0.0;0.0;7965;186;0.0;0.0;0.0;0.0;7963.5;13358.5
-1;11063.0;7962;61;7961.0;130.0;0.0;0.0;7964;191;0.0;0.0;0.0;0.0;7963.0;13618.5
-1;11064.0;7962;75;7961.0;147.0;0.0;0.0;7964;222;0.0;0.0;0.0;0.0;7963.0;13679.0
-1;11065.0;7960;218;0.0;0.0;0.0;0.0;7963;218;0.0;0.0;0.0;0.0;7961.5;15138.5
-1;11066.0;7960;220;0.0;0.0;0.0;0.0;7961;45;7963.0;220.0;0.0;0.0;7960.5;14767.0
-1;11067.0;7961;160;0.0;0.0;0.0;0.0;7962;60;7963.0;60.0;7964.0;100.0;7961.5;14515.5
-1;11068.0;7961;176;0.0;0.0;0.0;0.0;7963;41;7964.0;135.0;0.0;0.0;7962.0;14475.0
-1;11069.0;7960;175;0.0;0.0;0.0;0.0;7962;51;7963.0;124.0;0.0;0.0;7961.0;15354.5
-1;11070.0;7960;80;7959.0;113.0;0.0;0.0;7962;193;0.0;0.0;0.0;0.0;7961.0;15547.5
-1;11071.0;7960;182;0.0;0.0;0.0;0.0;7963;182;0.0;0.0;0.0;0.0;7961.5;14888.0
-1;11072.0;7961;179;0.0;0.0;0.0;0.0;7964;179;0.0;0.0;0.0;0.0;7962.5;13857.5
-1;11073.0;7961;161;0.0;0.0;0.0;0.0;7963;54;7964.0;107.0;0.0;0.0;7962.0;14477.5
-1;11074.0;7961;187;0.0;0.0;0.0;0.0;7963;43;7964.0;144.0;0.0;0.0;7962.0;14365.0
-1;11075.0;7961;78;7960.0;132.0;0.0;0.0;7963;210;0.0;0.0;0.0;0.0;7962.0;14679.5
-1;11076.0;7960;177;0.0;0.0;0.0;0.0;7961;41;7963.0;177.0;0.0;0.0;7960.5;14857.0
-1;11077.0;7960;66;7959.0;103.0;0.0;0.0;7962;169;0.0;0.0;0.0;0.0;7961.0;15590.0
-1;11078.0;7960;191;0.0;0.0;0.0;0.0;7963;191;0.0;0.0;0.0;0.0;7961.5;14787.5
-1;11079.0;7960;159;0.0;0.0;0.0;0.0;7963;159;0.0;0.0;0.0;0.0;7961.5;14977.0
-1;11080.0;7959;157;0.0;0.0;0.0;0.0;7961;157;0.0;0.0;0.0;0.0;7960.0;16426.0
-1;11081.0;7959;177;0.0;0.0;0.0;0.0;7962;177;0.0;0.0;0.0;0.0;7960.5;15842.5
-1;11082.0;7960;158;0.0;0.0;0.0;0.0;7963;158;0.0;0.0;0.0;0.0;7961.5;15119.0
-1;11083.0;7959;170;0.0;0.0;0.0;0.0;7961;42;7962.0;128.0;0.0;0.0;7960.0;16311.5
-1;11084.0;7958;184;0.0;0.0;0.0;0.0;7961;184;0.0;0.0;0.0;0.0;7959.5;16682.5
-1;11085.0;7959;48;7958.0;100.0;0.0;0.0;7961;148;0.0;0.0;0.0;0.0;7960.0;16461.5
-1;11086.0;7959;46;7958.0;134.0;0.0;0.0;7961;180;0.0;0.0;0.0;0.0;7960.0;16442.0
-1;11087.0;7960;197;0.0;0.0;0.0;0.0;7963;197;0.0;0.0;0.0;0.0;7961.5;15076.0
-1;11088.0;7960;167;0.0;0.0;0.0;0.0;7963;167;0.0;0.0;0.0;0.0;7961.5;14990.0
-1;11089.0;7961;66;7960.0;129.0;0.0;0.0;7963;195;0.0;0.0;0.0;0.0;7962.0;14557.5
-1;11090.0;7962;198;0.0;0.0;0.0;0.0;7965;198;0.0;0.0;0.0;0.0;7963.5;13067.0
-1;11091.0;7962;49;7961.0;145.0;0.0;0.0;7964;194;0.0;0.0;0.0;0.0;7963.0;13720.0
-1;11092.0;7963;190;0.0;0.0;0.0;0.0;7966;190;0.0;0.0;0.0;0.0;7964.5;12155.5
-1;11093.0;7963;74;7962.0;100.0;0.0;0.0;7965;174;0.0;0.0;0.0;0.0;7964.0;12801.5
-1;11094.0;7962;202;0.0;0.0;0.0;0.0;7965;202;0.0;0.0;0.0;0.0;7963.5;13117.5
-1;11095.0;7961;176;0.0;0.0;0.0;0.0;7964;176;0.0;0.0;0.0;0.0;7962.5;14104.0
-1;11096.0;7959;153;0.0;0.0;0.0;0.0;7962;153;0.0;0.0;0.0;0.0;7960.5;15883.0
-1;11097.0;7960;200;0.0;0.0;0.0;0.0;7962;80;7963.0;120.0;0.0;0.0;7961.0;15477.5
-1;11098.0;7960;213;0.0;0.0;0.0;0.0;7961;72;7962.0;75.0;7963.0;138.0;7960.5;15369.5
-1;11099.0;7962;42;7961.0;138.0;0.0;0.0;7964;180;0.0;0.0;0.0;0.0;7963.0;13745.5
-1;11100.0;7962;167;0.0;0.0;0.0;0.0;7965;167;0.0;0.0;0.0;0.0;7963.5;13337.0
-1;11101.0;7963;208;0.0;0.0;0.0;0.0;7966;208;0.0;0.0;0.0;0.0;7964.5;12092.0
-1;11102.0;7963;194;0.0;0.0;0.0;0.0;7966;194;0.0;0.0;0.0;0.0;7964.5;11918.5
-1;11103.0;7964;140;0.0;0.0;0.0;0.0;7967;140;0.0;0.0;0.0;0.0;7965.5;11124.0
-1;11104.0;7963;192;0.0;0.0;0.0;0.0;7966;192;0.0;0.0;0.0;0.0;7964.5;11976.5
-1;11105.0;7963;190;0.0;0.0;0.0;0.0;7966;190;0.0;0.0;0.0;0.0;7964.5;12200.5
-1;11106.0;7963;169;0.0;0.0;0.0;0.0;7966;169;0.0;0.0;0.0;0.0;7964.5;12094.5
-1;11107.0;7964;167;0.0;0.0;0.0;0.0;7967;167;0.0;0.0;0.0;0.0;7965.5;10983.5
-1;11108.0;7965;193;0.0;0.0;0.0;0.0;7966;47;7967.0;67.0;7968.0;126.0;7965.5;10628.5
-1;11109.0;7967;200;0.0;0.0;0.0;0.0;7969;59;7970.0;141.0;0.0;0.0;7968.0;8700.5
-1;11110.0;7966;184;0.0;0.0;0.0;0.0;7969;184;0.0;0.0;0.0;0.0;7967.5;9300.0
-1;11111.0;7965;193;0.0;0.0;0.0;0.0;7968;193;0.0;0.0;0.0;0.0;7966.5;10328.5
-1;11112.0;7967;55;7966.0;118.0;0.0;0.0;7969;173;0.0;0.0;0.0;0.0;7968.0;9048.0
-1;11113.0;7970;58;7969.0;110.0;0.0;0.0;7972;168;0.0;0.0;0.0;0.0;7971.0;6078.0
-1;11114.0;7971;167;0.0;0.0;0.0;0.0;7974;167;0.0;0.0;0.0;0.0;7972.5;4873.5
-1;11115.0;7970;206;0.0;0.0;0.0;0.0;7973;206;0.0;0.0;0.0;0.0;7971.5;5424.0
-1;11116.0;7969;168;0.0;0.0;0.0;0.0;7970;67;7972.0;168.0;0.0;0.0;7969.5;6408.5
-1;11117.0;7970;179;0.0;0.0;0.0;0.0;7972;45;7973.0;134.0;0.0;0.0;7971.0;5853.0
-1;11118.0;7969;201;0.0;0.0;0.0;0.0;7972;201;0.0;0.0;0.0;0.0;7970.5;6227.5
-1;11119.0;7970;211;0.0;0.0;0.0;0.0;7973;211;0.0;0.0;0.0;0.0;7971.5;5835.0
-1;11120.0;7971;189;0.0;0.0;0.0;0.0;7973;50;7974.0;139.0;0.0;0.0;7972.0;4985.0
-1;11121.0;7971;183;0.0;0.0;0.0;0.0;7974;183;0.0;0.0;0.0;0.0;7972.5;4650.0
-1;11122.0;7973;73;7972.0;124.0;0.0;0.0;7975;197;0.0;0.0;0.0;0.0;7974.0;3388.0
-1;11123.0;7971;181;0.0;0.0;0.0;0.0;7974;181;0.0;0.0;0.0;0.0;7972.5;4364.5
-1;11124.0;7972;181;0.0;0.0;0.0;0.0;7975;181;0.0;0.0;0.0;0.0;7973.5;3446.5
-1;11125.0;7972;207;0.0;0.0;0.0;0.0;7975;207;0.0;0.0;0.0;0.0;7973.5;3564.5
-1;11126.0;7972;147;0.0;0.0;0.0;0.0;7975;147;0.0;0.0;0.0;0.0;7973.5;3771.0
-1;11127.0;7972;187;0.0;0.0;0.0;0.0;7975;187;0.0;0.0;0.0;0.0;7973.5;3613.0
-1;11128.0;7972;157;0.0;0.0;0.0;0.0;7975;157;0.0;0.0;0.0;0.0;7973.5;3883.0
-1;11129.0;7973;211;0.0;0.0;0.0;0.0;7975;62;7976.0;149.0;0.0;0.0;7974.0;3101.0
-1;11130.0;7972;230;0.0;0.0;0.0;0.0;7974;80;7975.0;150.0;0.0;0.0;7973.0;4038.5
-1;11131.0;7971;133;0.0;0.0;0.0;0.0;7972;34;7974.0;179.0;0.0;0.0;7971.5;4256.0
-1;11132.0;7973;194;0.0;0.0;0.0;0.0;7976;194;0.0;0.0;0.0;0.0;7974.5;2866.5
-1;11133.0;7974;179;0.0;0.0;0.0;0.0;7976;69;7977.0;110.0;0.0;0.0;7975.0;1962.0
-1;11134.0;7973;59;7972.0;124.0;0.0;0.0;7975;183;0.0;0.0;0.0;0.0;7974.0;3154.5
-1;11135.0;7972;155;0.0;0.0;0.0;0.0;7975;155;0.0;0.0;0.0;0.0;7973.5;3667.5
-1;11136.0;7971;167;0.0;0.0;0.0;0.0;7972;56;7974.0;167.0;0.0;0.0;7971.5;4422.5
-1;11137.0;7970;182;0.0;0.0;0.0;0.0;7973;182;0.0;0.0;0.0;0.0;7971.5;5352.5
-1;11138.0;7968;51;7967.0;179.0;0.0;0.0;7970;179;0.0;0.0;0.0;0.0;7969.0;8809.0
-1;11139.0;7966;184;0.0;0.0;0.0;0.0;7969;184;0.0;0.0;0.0;0.0;7967.5;9729.5
-1;11140.0;7965;62;7964.0;131.0;0.0;0.0;7967;193;0.0;0.0;0.0;0.0;7966.0;11129.5
-1;11141.0;7966;46;7965.0;184.0;0.0;0.0;7968;184;0.0;0.0;0.0;0.0;7967.0;10723.0
-1;11142.0;7966;79;7965.0;114.0;0.0;0.0;7968;193;0.0;0.0;0.0;0.0;7967.0;10158.0
-1;11143.0;7966;176;0.0;0.0;0.0;0.0;7969;176;0.0;0.0;0.0;0.0;7967.5;9486.5
-1;11144.0;7966;43;7965.0;131.0;0.0;0.0;7968;174;0.0;0.0;0.0;0.0;7967.0;10058.0
-1;11145.0;7965;128;0.0;0.0;0.0;0.0;7966;9;7968.0;181.0;0.0;0.0;7965.5;10141.5
-1;11146.0;7967;46;7966.0;109.0;0.0;0.0;7969;155;0.0;0.0;0.0;0.0;7968.0;8975.0
-1;11147.0;7967;64;7966.0;229.0;0.0;0.0;7969;229;0.0;0.0;0.0;0.0;7968.0;9591.0
-1;11148.0;7966;212;0.0;0.0;0.0;0.0;7969;212;0.0;0.0;0.0;0.0;7967.5;9483.0
-1;11149.0;7965;185;0.0;0.0;0.0;0.0;7967;66;7968.0;119.0;0.0;0.0;7966.0;10827.0
-1;11150.0;7964;188;0.0;0.0;0.0;0.0;7967;188;0.0;0.0;0.0;0.0;7965.5;11271.5
-1;11151.0;7965;48;7964.0;131.0;0.0;0.0;7967;179;0.0;0.0;0.0;0.0;7966.0;11066.5
-1;11152.0;7965;198;0.0;0.0;0.0;0.0;7967;54;7968.0;144.0;0.0;0.0;7966.0;10930.5
-1;11153.0;7963;148;0.0;0.0;0.0;0.0;7966;148;0.0;0.0;0.0;0.0;7964.5;12665.0
-1;11154.0;7963;179;0.0;0.0;0.0;0.0;7966;179;0.0;0.0;0.0;0.0;7964.5;12431.0
-1;11155.0;7964;210;0.0;0.0;0.0;0.0;7966;76;7967.0;134.0;0.0;0.0;7965.0;11935.5
-1;11156.0;7964;212;0.0;0.0;0.0;0.0;7967;212;0.0;0.0;0.0;0.0;7965.5;11544.5
-1;11157.0;7964;219;0.0;0.0;0.0;0.0;7966;80;7967.0;139.0;0.0;0.0;7965.0;11935.5
-1;11158.0;7964;166;0.0;0.0;0.0;0.0;7966;58;7967.0;108.0;0.0;0.0;7965.0;12008.5
-1;11159.0;7964;171;0.0;0.0;0.0;0.0;7966;63;7967.0;108.0;0.0;0.0;7965.0;11969.5
-1;11160.0;7963;185;0.0;0.0;0.0;0.0;7966;185;0.0;0.0;0.0;0.0;7964.5;12393.5
-1;11161.0;7964;42;7963.0;150.0;0.0;0.0;7966;192;0.0;0.0;0.0;0.0;7965.0;12122.5
-1;11162.0;7962;181;0.0;0.0;0.0;0.0;7965;181;0.0;0.0;0.0;0.0;7963.5;13373.0
-1;11163.0;7961;186;0.0;0.0;0.0;0.0;7964;186;0.0;0.0;0.0;0.0;7962.5;14656.0
-1;11164.0;7961;197;0.0;0.0;0.0;0.0;7964;197;0.0;0.0;0.0;0.0;7962.5;14894.0
-1;11165.0;7961;45;7960.0;137.0;0.0;0.0;7963;182;0.0;0.0;0.0;0.0;7962.0;15402.0
-1;11166.0;7959;161;0.0;0.0;0.0;0.0;7962;161;0.0;0.0;0.0;0.0;7960.5;16806.0
-1;11167.0;7958;183;0.0;0.0;0.0;0.0;7961;183;0.0;0.0;0.0;0.0;7959.5;17709.0
-1;11168.0;7958;163;0.0;0.0;0.0;0.0;7961;163;0.0;0.0;0.0;0.0;7959.5;17885.0
-1;11169.0;7958;205;0.0;0.0;0.0;0.0;7960;72;7961.0;133.0;0.0;0.0;7959.0;18130.0
-1;11170.0;7959;196;0.0;0.0;0.0;0.0;7961;55;7962.0;141.0;0.0;0.0;7960.0;17133.0
-1;11171.0;7960;191;0.0;0.0;0.0;0.0;7962;65;7963.0;126.0;0.0;0.0;7961.0;16148.0
-1;11172.0;7961;47;7960.0;147.0;0.0;0.0;7963;194;0.0;0.0;0.0;0.0;7962.0;15282.0
-1;11173.0;7960;56;7959.0;106.0;0.0;0.0;7962;162;0.0;0.0;0.0;0.0;7961.0;16289.0
-1;11174.0;7960;53;7959.0;104.0;0.0;0.0;7962;157;0.0;0.0;0.0;0.0;7961.0;16314.0
-1;11175.0;7958;175;0.0;0.0;0.0;0.0;7961;175;0.0;0.0;0.0;0.0;7959.5;17652.0
-1;11176.0;7957;52;7956.0;108.0;0.0;0.0;7959;160;0.0;0.0;0.0;0.0;7958.0;19476.0
-1;11177.0;7957;189;0.0;0.0;0.0;0.0;7958;58;7960.0;189.0;0.0;0.0;7957.5;18957.0
-1;11178.0;7957;42;7956.0;147.0;0.0;0.0;7959;189;0.0;0.0;0.0;0.0;7958.0;19589.0
-1;11179.0;7958;183;0.0;0.0;0.0;0.0;7960;79;7961.0;104.0;0.0;0.0;7959.0;18297.0
-1;11180.0;7958;162;0.0;0.0;0.0;0.0;7961;162;0.0;0.0;0.0;0.0;7959.5;17983.0
-1;11181.0;7958;74;7957.0;101.0;0.0;0.0;7960;175;0.0;0.0;0.0;0.0;7959.0;18536.0
-1;11182.0;7958;171;0.0;0.0;0.0;0.0;7961;171;0.0;0.0;0.0;0.0;7959.5;17873.0
-1;11183.0;7957;185;0.0;0.0;0.0;0.0;7960;185;0.0;0.0;0.0;0.0;7958.5;18748.0
-1;11184.0;7958;115;7957.0;138.0;0.0;0.0;7960;197;0.0;0.0;0.0;0.0;7959.0;18432.0
-1;11185.0;7957;183;0.0;0.0;0.0;0.0;7960;183;0.0;0.0;0.0;0.0;7958.5;18841.0
-1;11186.0;7958;151;0.0;0.0;0.0;0.0;7961;151;0.0;0.0;0.0;0.0;7959.5;17652.0
-1;11187.0;7959;207;0.0;0.0;0.0;0.0;7962;207;0.0;0.0;0.0;0.0;7960.5;17045.0
-1;11188.0;7959;189;0.0;0.0;0.0;0.0;7962;189;0.0;0.0;0.0;0.0;7960.5;16726.0
-1;11189.0;7960;192;0.0;0.0;0.0;0.0;7962;52;7963.0;140.0;0.0;0.0;7961.0;16055.0
-1;11190.0;7960;191;0.0;0.0;0.0;0.0;7963;191;0.0;0.0;0.0;0.0;7961.5;16022.0
-1;11191.0;7959;213;0.0;0.0;0.0;0.0;7962;213;0.0;0.0;0.0;0.0;7960.5;17037.0
-1;11192.0;7958;162;0.0;0.0;0.0;0.0;7961;162;0.0;0.0;0.0;0.0;7959.5;17814.0
-1;11193.0;7958;57;7957.0;103.0;0.0;0.0;7960;160;0.0;0.0;0.0;0.0;7959.0;18370.0
-1;11194.0;7958;203;0.0;0.0;0.0;0.0;7961;203;0.0;0.0;0.0;0.0;7959.5;17885.0
-1;11195.0;7958;176;0.0;0.0;0.0;0.0;7960;74;7961.0;102.0;0.0;0.0;7959.0;18164.0
-1;11196.0;7957;160;0.0;0.0;0.0;0.0;7960;160;0.0;0.0;0.0;0.0;7958.5;19070.0
-1;11197.0;7958;66;7957.0;119.0;0.0;0.0;7960;185;0.0;0.0;0.0;0.0;7959.0;18518.0
-1;11198.0;7958;215;0.0;0.0;0.0;0.0;7961;215;0.0;0.0;0.0;0.0;7959.5;17543.0
-1;11199.0;7959;179;0.0;0.0;0.0;0.0;7962;179;0.0;0.0;0.0;0.0;7960.5;16979.0
-1;11200.0;7960;202;0.0;0.0;0.0;0.0;7963;202;0.0;0.0;0.0;0.0;7961.5;15747.0
-1;11201.0;7960;162;0.0;0.0;0.0;0.0;7963;162;0.0;0.0;0.0;0.0;7961.5;15564.0
-1;11202.0;7961;69;7960.0;125.0;0.0;0.0;7963;194;0.0;0.0;0.0;0.0;7962.0;15236.0
-1;11203.0;7961;164;0.0;0.0;0.0;0.0;7963;64;7964.0;100.0;0.0;0.0;7962.0;15079.0
-1;11204.0;7962;227;0.0;0.0;0.0;0.0;7965;227;0.0;0.0;0.0;0.0;7963.5;13879.0
-1;11205.0;7962;179;0.0;0.0;0.0;0.0;7965;179;0.0;0.0;0.0;0.0;7963.5;13356.0
-1;11206.0;7963;80;7962.0;127.0;0.0;0.0;7965;207;0.0;0.0;0.0;0.0;7964.0;13199.0
-1;11207.0;7963;158;0.0;0.0;0.0;0.0;7966;158;0.0;0.0;0.0;0.0;7964.5;12568.0
-1;11208.0;7963;214;0.0;0.0;0.0;0.0;7966;214;0.0;0.0;0.0;0.0;7964.5;12498.0
-1;11209.0;7963;200;0.0;0.0;0.0;0.0;7965;63;7966.0;137.0;0.0;0.0;7964.0;13019.0
-1;11210.0;7963;170;0.0;0.0;0.0;0.0;7966;170;0.0;0.0;0.0;0.0;7964.5;12704.0
-1;11211.0;7963;177;0.0;0.0;0.0;0.0;7966;177;0.0;0.0;0.0;0.0;7964.5;12740.0
-1;11212.0;7963;176;0.0;0.0;0.0;0.0;7966;176;0.0;0.0;0.0;0.0;7964.5;12527.0
-1;11213.0;7963;178;0.0;0.0;0.0;0.0;7966;178;0.0;0.0;0.0;0.0;7964.5;12618.0
-1;11214.0;7963;169;0.0;0.0;0.0;0.0;7966;169;0.0;0.0;0.0;0.0;7964.5;12793.0
-1;11215.0;7962;74;7961.0;149.0;0.0;0.0;7964;223;0.0;0.0;0.0;0.0;7963.0;14199.0
-1;11216.0;7962;52;7961.0;118.0;0.0;0.0;7964;170;0.0;0.0;0.0;0.0;7963.0;14246.0
-1;11217.0;7963;195;0.0;0.0;0.0;0.0;7965;45;7966.0;150.0;0.0;0.0;7964.0;12944.0
-1;11218.0;7962;171;0.0;0.0;0.0;0.0;7965;171;0.0;0.0;0.0;0.0;7963.5;13380.0
-1;11219.0;7962;181;0.0;0.0;0.0;0.0;7965;181;0.0;0.0;0.0;0.0;7963.5;13542.0
-1;11220.0;7962;210;0.0;0.0;0.0;0.0;7965;210;0.0;0.0;0.0;0.0;7963.5;13402.0
-1;11221.0;7963;58;7962.0;125.0;0.0;0.0;7965;183;0.0;0.0;0.0;0.0;7964.0;13149.0
-1;11222.0;7962;216;0.0;0.0;0.0;0.0;7965;216;0.0;0.0;0.0;0.0;7963.5;13399.0
-1;11223.0;7963;202;0.0;0.0;0.0;0.0;7966;202;0.0;0.0;0.0;0.0;7964.5;12826.0
-1;11224.0;7963;56;7962.0;155.0;0.0;0.0;7965;155;0.0;0.0;0.0;0.0;7964.0;13531.0
-1;11225.0;7963;51;7962.0;149.0;0.0;0.0;7965;200;0.0;0.0;0.0;0.0;7964.0;13084.0
-1;11226.0;7963;168;0.0;0.0;0.0;0.0;7966;168;0.0;0.0;0.0;0.0;7964.5;12707.0
-1;11227.0;7964;70;7963.0;138.0;0.0;0.0;7966;208;0.0;0.0;0.0;0.0;7965.0;12216.0
-1;11228.0;7963;174;0.0;0.0;0.0;0.0;7966;174;0.0;0.0;0.0;0.0;7964.5;12414.0
-1;11229.0;7964;202;0.0;0.0;0.0;0.0;7967;202;0.0;0.0;0.0;0.0;7965.5;11622.0
-1;11230.0;7965;49;7964.0;176.0;0.0;0.0;7966;60;7967.0;116.0;0.0;0.0;7965.5;11914.0
-1;11231.0;7962;180;0.0;0.0;0.0;0.0;7965;180;0.0;0.0;0.0;0.0;7963.5;13545.0
-1;11232.0;7963;151;0.0;0.0;0.0;0.0;7965;41;7966.0;110.0;0.0;0.0;7964.0;13010.0
-1;11233.0;7963;79;7962.0;150.0;0.0;0.0;7965;229;0.0;0.0;0.0;0.0;7964.0;13226.0
-1;11234.0;7963;66;7962.0;141.0;0.0;0.0;7965;207;0.0;0.0;0.0;0.0;7964.0;13123.0
-1;11235.0;7962;182;0.0;0.0;0.0;0.0;7964;77;7965.0;105.0;0.0;0.0;7963.0;13953.0
-1;11236.0;7962;49;7961.0;134.0;0.0;0.0;7964;183;0.0;0.0;0.0;0.0;7963.0;14227.0
-1;11237.0;7961;196;0.0;0.0;0.0;0.0;7964;196;0.0;0.0;0.0;0.0;7962.5;14811.0
-1;11238.0;7960;164;0.0;0.0;0.0;0.0;7963;164;0.0;0.0;0.0;0.0;7961.5;15677.0
-1;11239.0;7961;180;0.0;0.0;0.0;0.0;7964;180;0.0;0.0;0.0;0.0;7962.5;14852.0
-1;11240.0;7961;80;7960.0;104.0;0.0;0.0;7963;184;0.0;0.0;0.0;0.0;7962.0;15356.0
-1;11241.0;7961;147;0.0;0.0;0.0;0.0;7964;147;0.0;0.0;0.0;0.0;7962.5;14983.0
-1;11242.0;7961;178;0.0;0.0;0.0;0.0;7964;178;0.0;0.0;0.0;0.0;7962.5;14818.0
-1;11243.0;7962;180;0.0;0.0;0.0;0.0;7965;180;0.0;0.0;0.0;0.0;7963.5;13751.0
-1;11244.0;7962;203;0.0;0.0;0.0;0.0;7965;203;0.0;0.0;0.0;0.0;7963.5;13582.0
-1;11245.0;7964;196;0.0;0.0;0.0;0.0;7965;71;7966.0;75.0;7967.0;121.0;7964.5;11983.0
-1;11246.0;7963;155;0.0;0.0;0.0;0.0;7966;155;0.0;0.0;0.0;0.0;7964.5;12273.0
-1;11247.0;7964;186;0.0;0.0;0.0;0.0;7967;186;0.0;0.0;0.0;0.0;7965.5;11304.0
-1;11248.0;7965;172;0.0;0.0;0.0;0.0;7968;172;0.0;0.0;0.0;0.0;7966.5;10132.0
-1;11249.0;7964;204;0.0;0.0;0.0;0.0;7967;204;0.0;0.0;0.0;0.0;7965.5;11281.0
-1;11250.0;7965;186;0.0;0.0;0.0;0.0;7968;186;0.0;0.0;0.0;0.0;7966.5;10690.0
-1;11251.0;7965;217;0.0;0.0;0.0;0.0;7968;217;0.0;0.0;0.0;0.0;7966.5;10355.0
-1;11252.0;7966;46;7965.0;214.0;0.0;0.0;7968;214;0.0;0.0;0.0;0.0;7967.0;10542.0
-1;11253.0;7964;133;0.0;0.0;0.0;0.0;7965;29;7967.0;179.0;0.0;0.0;7964.5;11034.0
-1;11254.0;7965;187;0.0;0.0;0.0;0.0;7968;187;0.0;0.0;0.0;0.0;7966.5;10419.0
-1;11255.0;7964;150;0.0;0.0;0.0;0.0;7965;37;7967.0;193.0;0.0;0.0;7964.5;11004.0
-1;11256.0;7964;202;0.0;0.0;0.0;0.0;7967;202;0.0;0.0;0.0;0.0;7965.5;11253.0
-1;11257.0;7964;208;0.0;0.0;0.0;0.0;7965;68;7966.0;66.0;7967.0;142.0;7964.5;11897.0
-1;11258.0;7964;221;0.0;0.0;0.0;0.0;7966;77;7967.0;144.0;0.0;0.0;7965.0;11996.0
-1;11259.0;7965;213;0.0;0.0;0.0;0.0;7967;66;7968.0;147.0;0.0;0.0;7966.0;10601.0
-1;11260.0;7965;211;0.0;0.0;0.0;0.0;7968;211;0.0;0.0;0.0;0.0;7966.5;10237.0
-1;11261.0;7964;168;0.0;0.0;0.0;0.0;7967;168;0.0;0.0;0.0;0.0;7965.5;11285.0
-1;11262.0;7965;182;0.0;0.0;0.0;0.0;7967;80;7968.0;102.0;0.0;0.0;7966.0;10664.0
-1;11263.0;7965;132;7964.0;103.0;0.0;0.0;7967;177;0.0;0.0;0.0;0.0;7966.0;10945.0
-1;11264.0;7964;181;0.0;0.0;0.0;0.0;7967;181;0.0;0.0;0.0;0.0;7965.5;11640.0
-1;11265.0;7963;174;0.0;0.0;0.0;0.0;7966;174;0.0;0.0;0.0;0.0;7964.5;12452.0
-1;11266.0;7963;172;0.0;0.0;0.0;0.0;7966;172;0.0;0.0;0.0;0.0;7964.5;12396.0
-1;11267.0;7964;188;0.0;0.0;0.0;0.0;7967;188;0.0;0.0;0.0;0.0;7965.5;11161.0
-1;11268.0;7964;191;0.0;0.0;0.0;0.0;7967;191;0.0;0.0;0.0;0.0;7965.5;11438.0
-1;11269.0;7964;151;0.0;0.0;0.0;0.0;7966;43;7967.0;108.0;0.0;0.0;7965.0;11934.0
-1;11270.0;7965;205;0.0;0.0;0.0;0.0;7967;63;7968.0;142.0;0.0;0.0;7966.0;10673.0
-1;11271.0;7965;180;0.0;0.0;0.0;0.0;7968;180;0.0;0.0;0.0;0.0;7966.5;10257.0
-1;11272.0;7966;166;0.0;0.0;0.0;0.0;7968;61;7969.0;105.0;0.0;0.0;7967.0;9399.0
-1;11273.0;7966;158;0.0;0.0;0.0;0.0;7969;158;0.0;0.0;0.0;0.0;7967.5;9167.0
-1;11274.0;7966;147;0.0;0.0;0.0;0.0;7968;44;7969.0;103.0;0.0;0.0;7967.0;9392.0
-1;11275.0;7965;40;7964.0;128.0;0.0;0.0;7967;168;0.0;0.0;0.0;0.0;7966.0;10853.0
-1;11276.0;7966;19;7965.0;120.0;0.0;0.0;7968;165;0.0;0.0;0.0;0.0;7967.0;9804.0
-1;11277.0;7965;169;0.0;0.0;0.0;0.0;7967;53;7968.0;116.0;0.0;0.0;7966.0;10775.0
-1;11278.0;7963;178;0.0;0.0;0.0;0.0;7966;178;0.0;0.0;0.0;0.0;7964.5;12829.0
-1;11279.0;7965;67;7964.0;104.0;0.0;0.0;7967;171;0.0;0.0;0.0;0.0;7966.0;10920.0
-1;11280.0;7966;52;7965.0;105.0;0.0;0.0;7968;157;0.0;0.0;0.0;0.0;7967.0;9618.0
