day;timestamp;bid_price_1;bid_volume_1;bid_price_2;bid_volume_2;bid_price_3;bid_volume_3;ask_price_1;ask_volume_1;ask_price_2;ask_volume_2;ask_price_3;ask_volume_3;mid_price;profit_and_loss
-1;10001.0;14999.0;38.0;14998.0;53.0;0.0;0.0;15001.0;38.0;15002.0;53.0;0.0;0.0;15000.0;0.0
-1;10002.0;14999.0;31.0;14998.0;64.0;0.0;0.0;15001.0;31.0;15002.0;64.0;0.0;0.0;15000.0;0.0
-1;10003.0;14998.0;106.0;0.0;0.0;0.0;0.0;15001.0;106.0;0.0;0.0;0.0;0.0;14999.5;0.0
-1;10004.0;14999.0;35.0;14998.0;67.0;0.0;0.0;15001.0;35.0;15002.0;67.0;0.0;0.0;15000.0;0.0
-1;10005.0;14998.0;38.0;14997.0;69.0;0.0;0.0;15000.0;38.0;15001.0;69.0;0.0;0.0;14999.0;0.0
-1;10006.0;14997.0;27.0;14996.0;52.0;0.0;0.0;15000.0;79.0;0.0;0.0;0.0;0.0;14998.5;0.0
-1;10007.0;14998.0;93.0;0.0;0.0;0.0;0.0;15001.0;93.0;0.0;0.0;0.0;0.0;14999.5;0.0
-1;10008.0;15001.0;103.0;0.0;0.0;0.0;0.0;15004.0;103.0;0.0;0.0;0.0;0.0;15002.5;0.0
-1;10009.0;15001.0;106.0;0.0;0.0;0.0;0.0;15004.0;106.0;0.0;0.0;0.0;0.0;15002.5;0.0
-1;10010.0;15000.0;93.0;0.0;0.0;0.0;0.0;15003.0;93.0;0.0;0.0;0.0;0.0;15001.5;0.0
-1;10011.0;15005.0;86.0;0.0;0.0;0.0;0.0;15008.0;86.0;0.0;0.0;0.0;0.0;15006.5;0.0
-1;10012.0;15005.0;37.0;15004.0;74.0;0.0;0.0;15007.0;37.0;15008.0;74.0;0.0;0.0;15006.0;0.0
-1;10013.0;15006.0;33.0;15005.0;56.0;0.0;0.0;15009.0;89.0;0.0;0.0;0.0;0.0;15007.5;0.0
-1;10014.0;15008.0;90.0;0.0;0.0;0.0;0.0;15011.0;90.0;0.0;0.0;0.0;0.0;15009.5;0.0
-1;10015.0;15006.0;80.0;0.0;0.0;0.0;0.0;15009.0;29.0;15010.0;51.0;0.0;0.0;15007.5;0.0
-1;10016.0;15009.0;109.0;0.0;0.0;0.0;0.0;15012.0;35.0;15013.0;74.0;0.0;0.0;15010.5;0.0
-1;10017.0;15012.0;30.0;15011.0;60.0;0.0;0.0;15014.0;30.0;15015.0;60.0;0.0;0.0;15013.0;0.0
-1;10018.0;15011.0;83.0;0.0;0.0;0.0;0.0;15014.0;83.0;0.0;0.0;0.0;0.0;15012.5;0.0
-1;10019.0;15012.0;110.0;0.0;0.0;0.0;0.0;15015.0;110.0;0.0;0.0;0.0;0.0;15013.5;0.0
-1;10020.0;15010.0;72.0;0.0;0.0;0.0;0.0;15013.0;72.0;0.0;0.0;0.0;0.0;15011.5;0.0
-1;10021.0;15014.0;28.0;15013.0;82.0;0.0;0.0;15016.0;82.0;0.0;0.0;0.0;0.0;15015.0;0.0
-1;10022.0;15014.0;82.0;0.0;0.0;0.0;0.0;15017.0;82.0;0.0;0.0;0.0;0.0;15015.5;0.0
-1;10023.0;15010.0;86.0;0.0;0.0;0.0;0.0;15013.0;20.0;15014.0;66.0;0.0;0.0;15011.5;0.0
-1;10024.0;15010.0;93.0;0.0;0.0;0.0;0.0;15013.0;24.0;15014.0;69.0;0.0;0.0;15011.5;0.0
-1;10025.0;15009.0;87.0;0.0;0.0;0.0;0.0;15012.0;87.0;0.0;0.0;0.0;0.0;15010.5;0.0
-1;10026.0;15011.0;38.0;15010.0;93.0;0.0;0.0;15013.0;93.0;0.0;0.0;0.0;0.0;15012.0;0.0
-1;10027.0;15009.0;27.0;15008.0;74.0;0.0;0.0;15011.0;27.0;15012.0;74.0;0.0;0.0;15010.0;0.0
-1;10028.0;15012.0;75.0;0.0;0.0;0.0;0.0;15015.0;75.0;0.0;0.0;0.0;0.0;15013.5;0.0
-1;10029.0;15007.0;92.0;0.0;0.0;0.0;0.0;15010.0;92.0;0.0;0.0;0.0;0.0;15008.5;0.0
-1;10030.0;15007.0;89.0;0.0;0.0;0.0;0.0;15010.0;89.0;0.0;0.0;0.0;0.0;15008.5;0.0
-1;10031.0;15004.0;22.0;15003.0;69.0;0.0;0.0;15007.0;91.0;0.0;0.0;0.0;0.0;15005.5;0.0
-1;10032.0;15005.0;95.0;0.0;0.0;0.0;0.0;15008.0;20.0;15009.0;75.0;0.0;0.0;15006.5;0.0
-1;10033.0;15006.0;36.0;15005.0;66.0;0.0;0.0;15008.0;36.0;15009.0;66.0;0.0;0.0;15007.0;0.0
-1;10034.0;15004.0;98.0;0.0;0.0;0.0;0.0;15007.0;98.0;0.0;0.0;0.0;0.0;15005.5;0.0
-1;10035.0;15002.0;84.0;0.0;0.0;0.0;0.0;15005.0;21.0;15006.0;63.0;0.0;0.0;15003.5;0.0
-1;10036.0;15004.0;35.0;15003.0;57.0;0.0;0.0;15006.0;35.0;15007.0;57.0;0.0;0.0;15005.0;0.0
-1;10037.0;15003.0;97.0;0.0;0.0;0.0;0.0;15006.0;97.0;0.0;0.0;0.0;0.0;15004.5;0.0
-1;10038.0;15004.0;71.0;0.0;0.0;0.0;0.0;15007.0;71.0;0.0;0.0;0.0;0.0;15005.5;0.0
-1;10039.0;15005.0;71.0;0.0;0.0;0.0;0.0;15008.0;71.0;0.0;0.0;0.0;0.0;15006.5;0.0
-1;10040.0;15007.0;29.0;15006.0;51.0;0.0;0.0;15010.0;80.0;0.0;0.0;0.0;0.0;15008.5;0.0
-1;10041.0;15009.0;30.0;15008.0;94.0;0.0;0.0;15011.0;94.0;0.0;0.0;0.0;0.0;15010.0;0.0
-1;10042.0;15009.0;81.0;0.0;0.0;0.0;0.0;15012.0;81.0;0.0;0.0;0.0;0.0;15010.5;0.0
-1;10043.0;15008.0;102.0;0.0;0.0;0.0;0.0;15009.0;25.0;15011.0;102.0;0.0;0.0;15008.5;0.0
-1;10044.0;15007.0;102.0;0.0;0.0;0.0;0.0;15010.0;102.0;0.0;0.0;0.0;0.0;15008.5;0.0
-1;10045.0;15009.0;112.0;0.0;0.0;0.0;0.0;15012.0;38.0;15013.0;74.0;0.0;0.0;15010.5;0.0
-1;10046.0;15009.0;85.0;0.0;0.0;0.0;0.0;15012.0;30.0;15013.0;55.0;0.0;0.0;15010.5;0.0
-1;10047.0;15007.0;74.0;15006.0;58.0;0.0;0.0;15009.0;36.0;15010.0;58.0;0.0;0.0;15008.0;0.0
-1;10048.0;15006.0;37.0;15005.0;73.0;0.0;0.0;15008.0;37.0;15009.0;73.0;0.0;0.0;15007.0;0.0
-1;10049.0;15006.0;79.0;0.0;0.0;0.0;0.0;15009.0;79.0;0.0;0.0;0.0;0.0;15007.5;0.0
-1;10050.0;15005.0;75.0;0.0;0.0;0.0;0.0;15008.0;25.0;15009.0;50.0;0.0;0.0;15006.5;0.0
-1;10051.0;15003.0;81.0;0.0;0.0;0.0;0.0;15006.0;21.0;15007.0;60.0;0.0;0.0;15004.5;0.0
-1;10052.0;15003.0;79.0;0.0;0.0;0.0;0.0;15006.0;79.0;0.0;0.0;0.0;0.0;15004.5;0.0
-1;10053.0;15004.0;87.0;0.0;0.0;0.0;0.0;15007.0;87.0;0.0;0.0;0.0;0.0;15005.5;0.0
-1;10054.0;15003.0;20.0;15002.0;75.0;0.0;0.0;15005.0;20.0;15006.0;75.0;0.0;0.0;15004.0;0.0
-1;10055.0;15002.0;29.0;15001.0;74.0;0.0;0.0;15004.0;29.0;15005.0;74.0;0.0;0.0;15003.0;0.0
-1;10056.0;14999.0;112.0;0.0;0.0;0.0;0.0;15002.0;112.0;0.0;0.0;0.0;0.0;15000.5;0.0
-1;10057.0;14999.0;85.0;0.0;0.0;0.0;0.0;15000.0;27.0;15002.0;21.0;15003.0;64.0;14999.5;0.0
-1;10058.0;14998.0;90.0;0.0;0.0;0.0;0.0;15001.0;90.0;0.0;0.0;0.0;0.0;14999.5;0.0
-1;10059.0;14996.0;104.0;0.0;0.0;0.0;0.0;14999.0;104.0;0.0;0.0;0.0;0.0;14997.5;0.0
-1;10060.0;14993.0;89.0;0.0;0.0;0.0;0.0;14996.0;89.0;0.0;0.0;0.0;0.0;14994.5;0.0
-1;10061.0;14992.0;84.0;0.0;0.0;0.0;0.0;14995.0;84.0;0.0;0.0;0.0;0.0;14993.5;0.0
-1;10062.0;14995.0;36.0;14994.0;57.0;0.0;0.0;14998.0;93.0;0.0;0.0;0.0;0.0;14996.5;0.0
-1;10063.0;14995.0;93.0;0.0;0.0;0.0;0.0;14998.0;32.0;14999.0;61.0;0.0;0.0;14996.5;0.0
-1;10064.0;14999.0;35.0;14998.0;73.0;0.0;0.0;15002.0;108.0;0.0;0.0;0.0;0.0;15000.5;0.0
-1;10065.0;15004.0;100.0;0.0;0.0;0.0;0.0;15007.0;100.0;0.0;0.0;0.0;0.0;15005.5;0.0
-1;10066.0;15006.0;39.0;15005.0;54.0;0.0;0.0;15008.0;39.0;15009.0;54.0;0.0;0.0;15007.0;0.0
-1;10067.0;15007.0;93.0;0.0;0.0;0.0;0.0;15010.0;93.0;0.0;0.0;0.0;0.0;15008.5;0.0
-1;10068.0;15008.0;92.0;0.0;0.0;0.0;0.0;15011.0;92.0;0.0;0.0;0.0;0.0;15009.5;0.0
-1;10069.0;15013.0;99.0;0.0;0.0;0.0;0.0;15016.0;99.0;0.0;0.0;0.0;0.0;15014.5;0.0
-1;10070.0;15012.0;92.0;0.0;0.0;0.0;0.0;15015.0;92.0;0.0;0.0;0.0;0.0;15013.5;0.0
-1;10071.0;15010.0;95.0;0.0;0.0;0.0;0.0;15013.0;95.0;0.0;0.0;0.0;0.0;15011.5;0.0
-1;10072.0;15012.0;38.0;15011.0;55.0;0.0;0.0;15014.0;38.0;15015.0;55.0;0.0;0.0;15013.0;0.0
-1;10073.0;15012.0;91.0;0.0;0.0;0.0;0.0;15015.0;91.0;0.0;0.0;0.0;0.0;15013.5;0.0
-1;10074.0;15015.0;40.0;15014.0;56.0;0.0;0.0;15017.0;40.0;15018.0;56.0;0.0;0.0;15016.0;-3.66015625
-1;10075.0;15012.0;88.0;0.0;0.0;0.0;0.0;15015.0;31.0;15016.0;57.0;0.0;0.0;15013.5;4.40625
-1;10076.0;15014.0;100.0;0.0;0.0;0.0;0.0;15017.0;100.0;0.0;0.0;0.0;0.0;15015.5;-3.16796875
-1;10077.0;15016.0;113.0;0.0;0.0;0.0;0.0;15019.0;113.0;0.0;0.0;0.0;0.0;15017.5;-10.5078125
-1;10078.0;15016.0;87.0;0.0;0.0;0.0;0.0;15019.0;87.0;0.0;0.0;0.0;0.0;15017.5;-9.9765625
-1;10079.0;15014.0;30.0;15013.0;59.0;0.0;0.0;15016.0;30.0;15017.0;59.0;0.0;0.0;15015.0;0.34375
-1;10080.0;15011.0;109.0;0.0;0.0;0.0;0.0;15014.0;109.0;0.0;0.0;0.0;0.0;15012.5;10.33203125
-1;10081.0;15013.0;105.0;0.0;0.0;0.0;0.0;15016.0;38.0;15017.0;67.0;0.0;0.0;15014.5;0.75
-1;10082.0;15011.0;24.0;15010.0;72.0;0.0;0.0;15013.0;30.0;15014.0;72.0;0.0;0.0;15012.0;6.09375
-1;10083.0;15010.0;87.0;0.0;0.0;0.0;0.0;15013.0;87.0;0.0;0.0;0.0;0.0;15011.5;11.34375
-1;10084.0;15011.0;97.0;0.0;0.0;0.0;0.0;15014.0;97.0;0.0;0.0;0.0;0.0;15012.5;1.953125
-1;10085.0;15014.0;30.0;15013.0;75.0;0.0;0.0;15016.0;30.0;15017.0;75.0;0.0;0.0;15015.0;-23.53125
-1;10086.0;15013.0;36.0;15012.0;65.0;0.0;0.0;15015.0;36.0;15016.0;65.0;0.0;0.0;15014.0;-13.515625
-1;10087.0;15012.0;93.0;0.0;0.0;0.0;0.0;15015.0;32.0;15016.0;61.0;0.0;0.0;15013.5;-12.5625
-1;10088.0;15012.0;100.0;0.0;0.0;0.0;0.0;15015.0;100.0;0.0;0.0;0.0;0.0;15013.5;-9.3125
-1;10089.0;15014.0;83.0;0.0;0.0;0.0;0.0;15017.0;83.0;0.0;0.0;0.0;0.0;15015.5;-28.84375
-1;10090.0;15015.0;112.0;0.0;0.0;0.0;0.0;15018.0;112.0;0.0;0.0;0.0;0.0;15016.5;-39.5
-1;10091.0;15011.0;93.0;0.0;0.0;0.0;0.0;15014.0;93.0;0.0;0.0;0.0;0.0;15012.5;1.625
-1;10092.0;15012.0;89.0;0.0;0.0;0.0;0.0;15015.0;89.0;0.0;0.0;0.0;0.0;15013.5;-9.5625
-1;10093.0;15015.0;84.0;0.0;0.0;0.0;0.0;15018.0;84.0;0.0;0.0;0.0;0.0;15016.5;-36.28125
-1;10094.0;15019.0;40.0;15018.0;68.0;0.0;0.0;15022.0;108.0;0.0;0.0;0.0;0.0;15020.5;-75.609375
-1;10095.0;15017.0;76.0;0.0;0.0;0.0;0.0;15020.0;76.0;0.0;0.0;0.0;0.0;15018.5;-56.65625
-1;10096.0;15019.0;100.0;0.0;0.0;0.0;0.0;15022.0;100.0;0.0;0.0;0.0;0.0;15020.5;-77.796875
-1;10097.0;15021.0;25.0;15020.0;57.0;0.0;0.0;15023.0;25.0;15024.0;57.0;0.0;0.0;15022.0;-93.5625
-1;10098.0;15019.0;27.0;15018.0;62.0;0.0;0.0;15022.0;89.0;0.0;0.0;0.0;0.0;15020.5;-75.03125
-1;10099.0;15020.0;30.0;15019.0;66.0;0.0;0.0;15022.0;30.0;15023.0;66.0;0.0;0.0;15021.0;-84.65625
-1;10100.0;15020.0;86.0;0.0;0.0;0.0;0.0;15023.0;23.0;15024.0;63.0;0.0;0.0;15021.5;-92.296875
-1;10101.0;15021.0;91.0;0.0;0.0;0.0;0.0;15024.0;91.0;0.0;0.0;0.0;0.0;15022.5;-100.859375
-1;10102.0;15023.0;97.0;0.0;0.0;0.0;0.0;15026.0;97.0;0.0;0.0;0.0;0.0;15024.5;-118.15625
-1;10103.0;15027.0;98.0;0.0;0.0;0.0;0.0;15030.0;98.0;0.0;0.0;0.0;0.0;15028.5;-160.03125
-1;10104.0;15027.0;95.0;0.0;0.0;0.0;0.0;15030.0;34.0;15031.0;61.0;0.0;0.0;15028.5;-162.59375
-1;10105.0;15027.0;34.0;15026.0;54.0;0.0;0.0;15030.0;88.0;0.0;0.0;0.0;0.0;15028.5;-160.5
-1;10106.0;15029.0;39.0;15028.0;66.0;0.0;0.0;15031.0;39.0;15032.0;66.0;0.0;0.0;15030.0;-186.4375
-1;10107.0;15030.0;31.0;15029.0;68.0;0.0;0.0;15032.0;31.0;15033.0;68.0;0.0;0.0;15031.0;-198.8125
-1;10108.0;15031.0;31.0;15030.0;62.0;0.0;0.0;15033.0;31.0;15034.0;62.0;0.0;0.0;15032.0;-214.875
-1;10109.0;15030.0;33.0;15029.0;59.0;0.0;0.0;15032.0;33.0;15033.0;59.0;0.0;0.0;15031.0;-199.203125
-1;10110.0;15031.0;98.0;0.0;0.0;0.0;0.0;15034.0;98.0;0.0;0.0;0.0;0.0;15032.5;-217.65625
-1;10111.0;15030.0;94.0;0.0;0.0;0.0;0.0;15033.0;94.0;0.0;0.0;0.0;0.0;15031.5;-209.109375
-1;10112.0;15030.0;90.0;0.0;0.0;0.0;0.0;15033.0;90.0;0.0;0.0;0.0;0.0;15031.5;-208.453125
-1;10113.0;15027.0;84.0;0.0;0.0;0.0;0.0;15030.0;20.0;15031.0;64.0;0.0;0.0;15028.5;-170.09375
-1;10114.0;15028.0;39.0;15027.0;73.0;0.0;0.0;15030.0;39.0;15031.0;73.0;0.0;0.0;15029.0;-171.15625
-1;10115.0;15030.0;94.0;0.0;0.0;0.0;0.0;15033.0;94.0;0.0;0.0;0.0;0.0;15031.5;-207.265625
-1;10116.0;15028.0;26.0;15027.0;64.0;0.0;0.0;15030.0;26.0;15031.0;64.0;0.0;0.0;15029.0;-172.5
-1;10117.0;15025.0;99.0;0.0;0.0;0.0;0.0;15028.0;39.0;15029.0;60.0;0.0;0.0;15026.5;-141.25
-1;10118.0;15026.0;33.0;15025.0;55.0;0.0;0.0;15027.0;23.0;15028.0;33.0;15029.0;55.0;15026.5;-144.03125
-1;10119.0;15022.0;93.0;0.0;0.0;0.0;0.0;15023.0;25.0;15025.0;21.0;15026.0;72.0;15022.5;-99.21875
-1;10120.0;15024.0;36.0;15023.0;66.0;0.0;0.0;15027.0;102.0;0.0;0.0;0.0;0.0;15025.5;-118.03125
-1;10121.0;15026.0;37.0;15025.0;62.0;0.0;0.0;15028.0;37.0;15029.0;62.0;0.0;0.0;15027.0;-144.0625
-1;10122.0;15025.0;98.0;0.0;0.0;0.0;0.0;15028.0;98.0;0.0;0.0;0.0;0.0;15026.5;-133.328125
-1;10123.0;15027.0;39.0;15026.0;58.0;0.0;0.0;15029.0;39.0;15030.0;58.0;0.0;0.0;15028.0;-159.3125
-1;10124.0;15026.0;111.0;0.0;0.0;0.0;0.0;15029.0;111.0;0.0;0.0;0.0;0.0;15027.5;-150.109375
-1;10125.0;15028.0;35.0;15027.0;64.0;0.0;0.0;15030.0;35.0;15031.0;64.0;0.0;0.0;15029.0;-171.21875
-1;10126.0;15024.0;40.0;15023.0;63.0;0.0;0.0;15027.0;103.0;0.0;0.0;0.0;0.0;15025.5;-118.515625
-1;10127.0;15024.0;101.0;0.0;0.0;0.0;0.0;15027.0;101.0;0.0;0.0;0.0;0.0;15025.5;-120.6875
-1;10128.0;15027.0;34.0;15026.0;68.0;0.0;0.0;15030.0;102.0;0.0;0.0;0.0;0.0;15028.5;-160.484375
-1;10129.0;15025.0;84.0;0.0;0.0;0.0;0.0;15028.0;27.0;15029.0;57.0;0.0;0.0;15026.5;-141.53125
-1;10130.0;15025.0;30.0;15024.0;69.0;0.0;0.0;15028.0;99.0;0.0;0.0;0.0;0.0;15026.5;-131.390625
-1;10131.0;15026.0;23.0;15025.0;54.0;0.0;0.0;15028.0;23.0;15029.0;54.0;0.0;0.0;15027.0;-143.84375
-1;10132.0;15025.0;93.0;0.0;0.0;0.0;0.0;15028.0;93.0;0.0;0.0;0.0;0.0;15026.5;-134.984375
-1;10133.0;15028.0;25.0;15027.0;57.0;0.0;0.0;15030.0;25.0;15031.0;57.0;0.0;0.0;15029.0;-173.21875
-1;10134.0;15027.0;100.0;0.0;0.0;0.0;0.0;15028.0;29.0;15030.0;100.0;0.0;0.0;15027.5;-161.390625
-1;10135.0;15028.0;94.0;0.0;0.0;0.0;0.0;15031.0;94.0;0.0;0.0;0.0;0.0;15029.5;-182.78125
-1;10136.0;15027.0;101.0;0.0;0.0;0.0;0.0;15030.0;101.0;0.0;0.0;0.0;0.0;15028.5;-167.0625
-1;10137.0;15029.0;96.0;0.0;0.0;0.0;0.0;15032.0;26.0;15033.0;70.0;0.0;0.0;15030.5;-198.25
-1;10138.0;15031.0;87.0;0.0;0.0;0.0;0.0;15034.0;87.0;0.0;0.0;0.0;0.0;15032.5;-218.75
-1;10139.0;15031.0;20.0;15030.0;95.0;0.0;0.0;15033.0;95.0;0.0;0.0;0.0;0.0;15032.0;-203.109375
-1;10140.0;15026.0;87.0;0.0;0.0;0.0;0.0;15029.0;87.0;0.0;0.0;0.0;0.0;15027.5;-147.78125
-1;10141.0;15027.0;21.0;15026.0;69.0;0.0;0.0;15029.0;21.0;15030.0;69.0;0.0;0.0;15028.0;-158.75
-1;10142.0;15024.0;90.0;0.0;0.0;0.0;0.0;15027.0;90.0;0.0;0.0;0.0;0.0;15025.5;-123.65625
-1;10143.0;15023.0;30.0;15022.0;55.0;0.0;0.0;15025.0;30.0;15026.0;55.0;0.0;0.0;15024.0;-103.03125
-1;10144.0;15022.0;24.0;15021.0;61.0;0.0;0.0;15025.0;85.0;0.0;0.0;0.0;0.0;15023.5;-90.75
-1;10145.0;15022.0;32.0;15021.0;61.0;0.0;0.0;15025.0;93.0;0.0;0.0;0.0;0.0;15023.5;-90.1875
-1;10146.0;15025.0;23.0;15024.0;67.0;0.0;0.0;15027.0;23.0;15028.0;67.0;0.0;0.0;15026.0;-130.6875
-1;10147.0;15025.0;90.0;0.0;0.0;0.0;0.0;15028.0;90.0;0.0;0.0;0.0;0.0;15026.5;-136.40625
-1;10148.0;15025.0;12.0;15024.0;72.0;0.0;0.0;15027.0;20.0;15028.0;72.0;0.0;0.0;15026.0;-139.46875
-1;10149.0;15025.0;29.0;15024.0;53.0;0.0;0.0;15026.0;23.0;15027.0;29.0;15028.0;53.0;15025.5;-139.25
-1;10150.0;15026.0;37.0;15025.0;74.0;0.0;0.0;15029.0;111.0;0.0;0.0;0.0;0.0;15027.5;-162.65625
-1;10151.0;15025.0;104.0;0.0;0.0;0.0;0.0;15028.0;104.0;0.0;0.0;0.0;0.0;15026.5;-152.15625
-1;10152.0;15026.0;32.0;15025.0;72.0;0.0;0.0;15028.0;32.0;15029.0;72.0;0.0;0.0;15027.0;-158.9375
-1;10153.0;15025.0;91.0;0.0;0.0;0.0;0.0;15028.0;91.0;0.0;0.0;0.0;0.0;15026.5;-148.0
-1;10154.0;15028.0;95.0;0.0;0.0;0.0;0.0;15031.0;95.0;0.0;0.0;0.0;0.0;15029.5;-214.6875
-1;10155.0;15028.0;33.0;15027.0;74.0;0.0;0.0;15031.0;107.0;0.0;0.0;0.0;0.0;15029.5;-208.21875
-1;10156.0;15031.0;85.0;0.0;0.0;0.0;0.0;15034.0;85.0;0.0;0.0;0.0;0.0;15032.5;-277.53125
-1;10157.0;15034.0;91.0;0.0;0.0;0.0;0.0;15037.0;91.0;0.0;0.0;0.0;0.0;15035.5;-343.1875
-1;10158.0;15031.0;20.0;15030.0;52.0;0.0;0.0;15033.0;20.0;15034.0;52.0;0.0;0.0;15032.0;-270.28125
-1;10159.0;15034.0;40.0;15033.0;69.0;0.0;0.0;15036.0;40.0;15037.0;69.0;0.0;0.0;15035.0;-337.78125
-1;10160.0;15035.0;82.0;0.0;0.0;0.0;0.0;15038.0;82.0;0.0;0.0;0.0;0.0;15036.5;-367.875
-1;10161.0;15035.0;93.0;0.0;0.0;0.0;0.0;15038.0;93.0;0.0;0.0;0.0;0.0;15036.5;-366.90625
-1;10162.0;15037.0;29.0;15036.0;52.0;0.0;0.0;15039.0;29.0;15040.0;52.0;0.0;0.0;15038.0;-402.0625
-1;10163.0;15032.0;23.0;15031.0;64.0;0.0;0.0;15034.0;23.0;15035.0;64.0;0.0;0.0;15033.0;-291.3125
-1;10164.0;15031.0;26.0;15030.0;57.0;0.0;0.0;15033.0;26.0;15034.0;57.0;0.0;0.0;15032.0;-269.21875
-1;10165.0;15032.0;24.0;15031.0;69.0;0.0;0.0;15034.0;24.0;15035.0;69.0;0.0;0.0;15033.0;-293.46875
-1;10166.0;15032.0;94.0;0.0;0.0;0.0;0.0;15035.0;38.0;15036.0;56.0;0.0;0.0;15033.5;-310.5625
-1;10167.0;15036.0;104.0;0.0;0.0;0.0;0.0;15039.0;104.0;0.0;0.0;0.0;0.0;15037.5;-397.21875
-1;10168.0;15036.0;10.0;15035.0;64.0;0.0;0.0;15038.0;40.0;15039.0;64.0;0.0;0.0;15037.0;-406.625
-1;10169.0;15033.0;24.0;15032.0;58.0;0.0;0.0;15036.0;82.0;0.0;0.0;0.0;0.0;15034.5;-264.4375
-1;10170.0;15035.0;79.0;0.0;0.0;0.0;0.0;15038.0;79.0;0.0;0.0;0.0;0.0;15036.5;-375.6875
-1;10171.0;15036.0;72.0;0.0;0.0;0.0;0.0;15039.0;72.0;0.0;0.0;0.0;0.0;15037.5;-428.6875
-1;10172.0;15034.0;101.0;0.0;0.0;0.0;0.0;15037.0;101.0;0.0;0.0;0.0;0.0;15035.5;-316.9375
-1;10173.0;15036.0;11.0;15034.0;87.0;0.0;0.0;15037.0;87.0;0.0;0.0;0.0;0.0;15036.5;-324.25
-1;10174.0;15032.0;91.0;0.0;0.0;0.0;0.0;15035.0;91.0;0.0;0.0;0.0;0.0;15033.5;-207.5625
-1;10175.0;15031.0;97.0;0.0;0.0;0.0;0.0;15034.0;97.0;0.0;0.0;0.0;0.0;15032.5;-142.5625
-1;10176.0;15030.0;25.0;15029.0;59.0;0.0;0.0;15033.0;84.0;0.0;0.0;0.0;0.0;15031.5;-52.875
-1;10177.0;15030.0;93.0;0.0;0.0;0.0;0.0;15033.0;93.0;0.0;0.0;0.0;0.0;15031.5;-75.625
-1;10178.0;15025.0;35.0;15024.0;61.0;0.0;0.0;15027.0;35.0;15028.0;61.0;0.0;0.0;15026.0;274.5
-1;10179.0;15025.0;77.0;0.0;0.0;0.0;0.0;15028.0;77.0;0.0;0.0;0.0;0.0;15026.5;246.75
-1;10180.0;15027.0;21.0;15026.0;56.0;0.0;0.0;15029.0;21.0;15030.0;56.0;0.0;0.0;15028.0;151.875
-1;10181.0;15023.0;38.0;15022.0;54.0;0.0;0.0;15026.0;92.0;0.0;0.0;0.0;0.0;15024.5;388.625
-1;10182.0;15026.0;89.0;0.0;0.0;0.0;0.0;15029.0;89.0;0.0;0.0;0.0;0.0;15027.5;169.5
-1;10183.0;15025.0;82.0;0.0;0.0;0.0;0.0;15028.0;82.0;0.0;0.0;0.0;0.0;15026.5;238.9375
-1;10184.0;15025.0;90.0;0.0;0.0;0.0;0.0;15028.0;90.0;0.0;0.0;0.0;0.0;15026.5;248.0625
-1;10185.0;15023.0;103.0;0.0;0.0;0.0;0.0;15026.0;103.0;0.0;0.0;0.0;0.0;15024.5;369.25
-1;10186.0;15021.0;89.0;0.0;0.0;0.0;0.0;15024.0;89.0;0.0;0.0;0.0;0.0;15022.5;493.9375
-1;10187.0;15021.0;84.0;0.0;0.0;0.0;0.0;15024.0;84.0;0.0;0.0;0.0;0.0;15022.5;491.5625
-1;10188.0;15023.0;36.0;15022.0;56.0;0.0;0.0;15025.0;36.0;15026.0;56.0;0.0;0.0;15024.0;392.75
-1;10189.0;15021.0;101.0;0.0;0.0;0.0;0.0;15024.0;101.0;0.0;0.0;0.0;0.0;15022.5;481.0
-1;10190.0;15023.0;82.0;0.0;0.0;0.0;0.0;15026.0;82.0;0.0;0.0;0.0;0.0;15024.5;358.0
-1;10191.0;15023.0;90.0;0.0;0.0;0.0;0.0;15026.0;90.0;0.0;0.0;0.0;0.0;15024.5;348.125
-1;10192.0;15024.0;92.0;0.0;0.0;0.0;0.0;15027.0;92.0;0.0;0.0;0.0;0.0;15025.5;318.1875
-1;10193.0;15022.0;100.0;0.0;0.0;0.0;0.0;15025.0;100.0;0.0;0.0;0.0;0.0;15023.5;412.6875
-1;10194.0;15020.0;97.0;0.0;0.0;0.0;0.0;15023.0;97.0;0.0;0.0;0.0;0.0;15021.5;564.0625
-1;10195.0;15019.0;21.0;15018.0;55.0;0.0;0.0;15021.0;21.0;15022.0;55.0;0.0;0.0;15020.0;647.4375
-1;10196.0;15020.0;25.0;15019.0;67.0;0.0;0.0;15023.0;92.0;0.0;0.0;0.0;0.0;15021.5;580.625
-1;10197.0;15018.0;79.0;0.0;0.0;0.0;0.0;15021.0;79.0;0.0;0.0;0.0;0.0;15019.5;678.1875
-1;10198.0;15017.0;102.0;0.0;0.0;0.0;0.0;15020.0;102.0;0.0;0.0;0.0;0.0;15018.5;761.0625
-1;10199.0;15020.0;95.0;0.0;0.0;0.0;0.0;15023.0;95.0;0.0;0.0;0.0;0.0;15021.5;539.125
-1;10200.0;15023.0;110.0;0.0;0.0;0.0;0.0;15026.0;110.0;0.0;0.0;0.0;0.0;15024.5;356.125
-1;10201.0;15023.0;85.0;0.0;0.0;0.0;0.0;15026.0;85.0;0.0;0.0;0.0;0.0;15024.5;361.0
-1;10202.0;15026.0;36.0;15025.0;75.0;0.0;0.0;15029.0;111.0;0.0;0.0;0.0;0.0;15027.5;198.875
-1;10203.0;15026.0;82.0;0.0;0.0;0.0;0.0;15029.0;82.0;0.0;0.0;0.0;0.0;15027.5;165.5
-1;10204.0;15026.0;87.0;0.0;0.0;0.0;0.0;15029.0;22.0;15030.0;65.0;0.0;0.0;15027.5;152.5
-1;10205.0;15027.0;90.0;0.0;0.0;0.0;0.0;15030.0;90.0;0.0;0.0;0.0;0.0;15028.5;131.6875
-1;10206.0;15025.0;81.0;0.0;0.0;0.0;0.0;15028.0;81.0;0.0;0.0;0.0;0.0;15026.5;239.5625
-1;10207.0;15027.0;39.0;15026.0;68.0;0.0;0.0;15029.0;39.0;15030.0;68.0;0.0;0.0;15028.0;140.875
-1;10208.0;15026.0;100.0;0.0;0.0;0.0;0.0;15029.0;100.0;0.0;0.0;0.0;0.0;15027.5;184.0625
-1;10209.0;15027.0;94.0;0.0;0.0;0.0;0.0;15030.0;100.0;0.0;0.0;0.0;0.0;15028.5;116.5
-1;10210.0;15027.0;85.0;0.0;0.0;0.0;0.0;15030.0;85.0;0.0;0.0;0.0;0.0;15028.5;123.125
-1;10211.0;15026.0;101.0;0.0;0.0;0.0;0.0;15027.0;20.0;15029.0;101.0;0.0;0.0;15026.5;159.0625
-1;10212.0;15028.0;101.0;0.0;0.0;0.0;0.0;15031.0;101.0;0.0;0.0;0.0;0.0;15029.5;47.5
-1;10213.0;15029.0;88.0;0.0;0.0;0.0;0.0;15032.0;88.0;0.0;0.0;0.0;0.0;15030.5;-19.1875
-1;10214.0;15023.0;80.0;0.0;0.0;0.0;0.0;15024.0;21.0;15026.0;26.0;15027.0;54.0;15023.5;346.75
-1;10215.0;15026.0;78.0;0.0;0.0;0.0;0.0;15029.0;78.0;0.0;0.0;0.0;0.0;15027.5;140.375
-1;10216.0;15024.0;111.0;0.0;0.0;0.0;0.0;15027.0;111.0;0.0;0.0;0.0;0.0;15025.5;279.25
-1;10217.0;15026.0;81.0;0.0;0.0;0.0;0.0;15029.0;81.0;0.0;0.0;0.0;0.0;15027.5;131.625
-1;10218.0;15025.0;108.0;0.0;0.0;0.0;0.0;15026.0;22.0;15028.0;34.0;15029.0;74.0;15025.5;179.625
-1;10219.0;15022.0;89.0;0.0;0.0;0.0;0.0;15025.0;89.0;0.0;0.0;0.0;0.0;15023.5;442.125
-1;10220.0;15019.0;76.0;0.0;0.0;0.0;0.0;15022.0;76.0;0.0;0.0;0.0;0.0;15020.5;684.625
-1;10221.0;15018.0;75.0;0.0;0.0;0.0;0.0;15021.0;20.0;15022.0;55.0;0.0;0.0;15019.5;760.375
-1;10222.0;15020.0;80.0;0.0;0.0;0.0;0.0;15023.0;80.0;0.0;0.0;0.0;0.0;15021.5;610.125
-1;10223.0;15023.0;91.0;0.0;0.0;0.0;0.0;15026.0;31.0;15027.0;60.0;0.0;0.0;15024.5;344.0
-1;10224.0;15022.0;102.0;0.0;0.0;0.0;0.0;15025.0;102.0;0.0;0.0;0.0;0.0;15023.5;467.125
-1;10225.0;15023.0;94.0;0.0;0.0;0.0;0.0;15026.0;94.0;0.0;0.0;0.0;0.0;15024.5;372.75
-1;10226.0;15021.0;36.0;15020.0;58.0;0.0;0.0;15023.0;36.0;15024.0;58.0;0.0;0.0;15022.0;578.5
-1;10227.0;15022.0;93.0;0.0;0.0;0.0;0.0;15025.0;93.0;0.0;0.0;0.0;0.0;15023.5;437.375
-1;10228.0;15027.0;89.0;0.0;0.0;0.0;0.0;15030.0;89.0;0.0;0.0;0.0;0.0;15028.5;34.0
-1;10229.0;15027.0;34.0;15026.0;62.0;0.0;0.0;15029.0;34.0;15030.0;62.0;0.0;0.0;15028.0;82.5
-1;10230.0;15028.0;94.0;0.0;0.0;0.0;0.0;15031.0;94.0;0.0;0.0;0.0;0.0;15029.5;-29.125
-1;10231.0;15025.0;78.0;0.0;0.0;0.0;0.0;15028.0;28.0;15029.0;50.0;0.0;0.0;15026.5;182.75
-1;10232.0;15024.0;97.0;0.0;0.0;0.0;0.0;15027.0;97.0;0.0;0.0;0.0;0.0;15025.5;314.875
-1;10233.0;15023.0;84.0;0.0;0.0;0.0;0.0;15026.0;84.0;0.0;0.0;0.0;0.0;15024.5;367.875
-1;10234.0;15021.0;89.0;0.0;0.0;0.0;0.0;15024.0;89.0;0.0;0.0;0.0;0.0;15022.5;528.375
-1;10235.0;15019.0;83.0;0.0;0.0;0.0;0.0;15022.0;83.0;0.0;0.0;0.0;0.0;15020.5;708.875
-1;10236.0;15020.0;39.0;15019.0;20.0;15018.0;51.0;15022.0;71.0;0.0;0.0;0.0;0.0;15021.0;737.5
-1;10237.0;15019.0;93.0;0.0;0.0;0.0;0.0;15020.0;30.0;15022.0;93.0;0.0;0.0;15019.5;685.375
-1;10238.0;15017.0;86.0;0.0;0.0;0.0;0.0;15020.0;86.0;0.0;0.0;0.0;0.0;15018.5;873.25
-1;10239.0;15018.0;95.0;0.0;0.0;0.0;0.0;15021.0;30.0;15022.0;65.0;0.0;0.0;15019.5;762.5
-1;10240.0;15018.0;83.0;0.0;0.0;0.0;0.0;15021.0;83.0;0.0;0.0;0.0;0.0;15019.5;788.625
-1;10241.0;15020.0;35.0;15019.0;58.0;0.0;0.0;15022.0;35.0;15023.0;58.0;0.0;0.0;15021.0;661.875
-1;10242.0;15020.0;85.0;0.0;0.0;0.0;0.0;15023.0;85.0;0.0;0.0;0.0;0.0;15021.5;641.75
-1;10243.0;15019.0;80.0;0.0;0.0;0.0;0.0;15022.0;80.0;0.0;0.0;0.0;0.0;15020.5;703.375
-1;10244.0;15021.0;31.0;15020.0;75.0;0.0;0.0;15023.0;31.0;15024.0;75.0;0.0;0.0;15022.0;577.625
-1;10245.0;15028.0;27.0;15027.0;61.0;0.0;0.0;15030.0;27.0;15031.0;61.0;0.0;0.0;15029.0;5.25
-1;10246.0;15029.0;31.0;15028.0;68.0;0.0;0.0;15031.0;31.0;15032.0;68.0;0.0;0.0;15030.0;-76.375
-1;10247.0;15026.0;22.0;15025.0;61.0;0.0;0.0;15028.0;22.0;15029.0;61.0;0.0;0.0;15027.0;163.875
-1;10248.0;15025.0;74.0;0.0;0.0;0.0;0.0;15028.0;74.0;0.0;0.0;0.0;0.0;15026.5;199.0
-1;10249.0;15026.0;87.0;0.0;0.0;0.0;0.0;15029.0;87.0;0.0;0.0;0.0;0.0;15027.5;101.125
-1;10250.0;15023.0;30.0;15022.0;96.0;0.0;0.0;15025.0;96.0;0.0;0.0;0.0;0.0;15024.0;446.0
-1;10251.0;15028.0;110.0;0.0;0.0;0.0;0.0;15031.0;110.0;0.0;0.0;0.0;0.0;15029.5;-15.75
-1;10252.0;15024.0;103.0;0.0;0.0;0.0;0.0;15027.0;103.0;0.0;0.0;0.0;0.0;15025.5;285.625
-1;10253.0;15022.0;34.0;15021.0;69.0;0.0;0.0;15024.0;34.0;15025.0;69.0;0.0;0.0;15023.0;494.25
-1;10254.0;15021.0;25.0;15020.0;59.0;0.0;0.0;15024.0;84.0;0.0;0.0;0.0;0.0;15022.5;570.125
-1;10255.0;15022.0;34.0;15021.0;69.0;0.0;0.0;15025.0;103.0;0.0;0.0;0.0;0.0;15023.5;483.0
-1;10256.0;15023.0;98.0;0.0;0.0;0.0;0.0;15026.0;39.0;15027.0;59.0;0.0;0.0;15024.5;344.5
-1;10257.0;15021.0;100.0;0.0;0.0;0.0;0.0;15024.0;100.0;0.0;0.0;0.0;0.0;15022.5;546.25
-1;10258.0;15023.0;24.0;15022.0;61.0;0.0;0.0;15025.0;24.0;15026.0;61.0;0.0;0.0;15024.0;418.75
-1;10259.0;15023.0;36.0;15022.0;57.0;0.0;0.0;15026.0;93.0;0.0;0.0;0.0;0.0;15024.5;399.5
-1;10260.0;15028.0;96.0;0.0;0.0;0.0;0.0;15031.0;96.0;0.0;0.0;0.0;0.0;15029.5;-17.0
-1;10261.0;15033.0;98.0;0.0;0.0;0.0;0.0;15036.0;98.0;0.0;0.0;0.0;0.0;15034.5;-442.0
-1;10262.0;15033.0;29.0;15032.0;70.0;0.0;0.0;15035.0;29.0;15036.0;70.0;0.0;0.0;15034.0;-419.375
-1;10263.0;15032.0;103.0;0.0;0.0;0.0;0.0;15035.0;103.0;0.0;0.0;0.0;0.0;15033.5;-365.625
-1;10264.0;15033.0;96.0;0.0;0.0;0.0;0.0;15036.0;96.0;0.0;0.0;0.0;0.0;15034.5;-434.125
-1;10265.0;15032.0;84.0;0.0;0.0;0.0;0.0;15035.0;84.0;0.0;0.0;0.0;0.0;15033.5;-361.5
-1;10266.0;15033.0;36.0;15032.0;54.0;0.0;0.0;15035.0;36.0;15036.0;54.0;0.0;0.0;15034.0;-406.625
-1;10267.0;15029.0;39.0;15028.0;61.0;0.0;0.0;15032.0;100.0;0.0;0.0;0.0;0.0;15030.5;-94.375
-1;10268.0;15028.0;77.0;0.0;0.0;0.0;0.0;15031.0;77.0;0.0;0.0;0.0;0.0;15029.5;-36.75
-1;10269.0;15029.0;94.0;0.0;0.0;0.0;0.0;15032.0;94.0;0.0;0.0;0.0;0.0;15030.5;-131.375
-1;10270.0;15028.0;81.0;0.0;0.0;0.0;0.0;15031.0;81.0;0.0;0.0;0.0;0.0;15029.5;-59.375
-1;10271.0;15030.0;32.0;15029.0;55.0;0.0;0.0;15032.0;32.0;15033.0;55.0;0.0;0.0;15031.0;-171.75
-1;10272.0;15027.0;87.0;0.0;0.0;0.0;0.0;15030.0;87.0;0.0;0.0;0.0;0.0;15028.5;50.25
-1;10273.0;15025.0;84.0;0.0;0.0;0.0;0.0;15028.0;84.0;0.0;0.0;0.0;0.0;15026.5;184.0
-1;10274.0;15025.0;26.0;15024.0;67.0;0.0;0.0;15027.0;26.0;15028.0;67.0;0.0;0.0;15026.0;252.25
-1;10275.0;15025.0;33.0;15024.0;69.0;0.0;0.0;15027.0;33.0;15028.0;69.0;0.0;0.0;15026.0;257.375
-1;10276.0;15023.0;96.0;0.0;0.0;0.0;0.0;15026.0;96.0;0.0;0.0;0.0;0.0;15024.5;370.375
-1;10277.0;15022.0;93.0;0.0;0.0;0.0;0.0;15025.0;93.0;0.0;0.0;0.0;0.0;15023.5;452.25
-1;10278.0;15018.0;112.0;0.0;0.0;0.0;0.0;15021.0;37.0;15022.0;75.0;0.0;0.0;15019.5;768.75
-1;10279.0;15018.0;86.0;0.0;0.0;0.0;0.0;15021.0;86.0;0.0;0.0;0.0;0.0;15019.5;808.5
-1;10280.0;15021.0;29.0;15020.0;55.0;0.0;0.0;15023.0;29.0;15024.0;55.0;0.0;0.0;15022.0;590.375
-1;10281.0;15015.0;72.0;0.0;0.0;0.0;0.0;15018.0;72.0;0.0;0.0;0.0;0.0;15016.5;1040.875
-1;10282.0;15017.0;77.0;0.0;0.0;0.0;0.0;15020.0;77.0;0.0;0.0;0.0;0.0;15018.5;874.875
-1;10283.0;15016.0;91.0;0.0;0.0;0.0;0.0;15019.0;91.0;0.0;0.0;0.0;0.0;15017.5;978.125
-1;10284.0;15018.0;72.0;0.0;0.0;0.0;0.0;15021.0;72.0;0.0;0.0;0.0;0.0;15019.5;772.625
-1;10285.0;15014.0;98.0;0.0;0.0;0.0;0.0;15017.0;98.0;0.0;0.0;0.0;0.0;15015.5;1127.0
-1;10286.0;15015.0;85.0;0.0;0.0;0.0;0.0;15018.0;85.0;0.0;0.0;0.0;0.0;15016.5;1026.5
-1;10287.0;15017.0;22.0;15016.0;74.0;0.0;0.0;15020.0;96.0;0.0;0.0;0.0;0.0;15018.5;914.875
-1;10288.0;15018.0;103.0;0.0;0.0;0.0;0.0;15021.0;33.0;15022.0;70.0;0.0;0.0;15019.5;769.25
-1;10289.0;15015.0;90.0;0.0;0.0;0.0;0.0;15018.0;90.0;0.0;0.0;0.0;0.0;15016.5;1046.375
-1;10290.0;15019.0;90.0;0.0;0.0;0.0;0.0;15022.0;90.0;0.0;0.0;0.0;0.0;15020.5;689.875
-1;10291.0;15019.0;98.0;0.0;0.0;0.0;0.0;15022.0;98.0;0.0;0.0;0.0;0.0;15020.5;725.5
-1;10292.0;15018.0;94.0;0.0;0.0;0.0;0.0;15021.0;33.0;15022.0;61.0;0.0;0.0;15019.5;762.75
-1;10293.0;15019.0;22.0;15018.0;65.0;0.0;0.0;15022.0;87.0;0.0;0.0;0.0;0.0;15020.5;738.375
-1;10294.0;15019.0;106.0;0.0;0.0;0.0;0.0;15022.0;31.0;15023.0;75.0;0.0;0.0;15020.5;683.5
-1;10295.0;15019.0;96.0;0.0;0.0;0.0;0.0;15022.0;96.0;0.0;0.0;0.0;0.0;15020.5;702.25
-1;10296.0;15019.0;99.0;0.0;0.0;0.0;0.0;15022.0;99.0;0.0;0.0;0.0;0.0;15020.5;707.375
-1;10297.0;15020.0;97.0;0.0;0.0;0.0;0.0;15023.0;97.0;0.0;0.0;0.0;0.0;15021.5;605.875
-1;10298.0;15017.0;38.0;15016.0;64.0;0.0;0.0;15018.0;24.0;15020.0;102.0;0.0;0.0;15017.5;913.625
-1;10299.0;15013.0;38.0;15012.0;66.0;0.0;0.0;15016.0;104.0;0.0;0.0;0.0;0.0;15014.5;1248.0
-1;10300.0;15014.0;88.0;0.0;0.0;0.0;0.0;15017.0;88.0;0.0;0.0;0.0;0.0;15015.5;1151.5
-1;10301.0;15008.0;32.0;15007.0;72.0;0.0;0.0;15010.0;32.0;15011.0;72.0;0.0;0.0;15009.0;1687.25
-1;10302.0;15008.0;89.0;0.0;0.0;0.0;0.0;15011.0;89.0;0.0;0.0;0.0;0.0;15009.5;1657.5
-1;10303.0;15005.0;112.0;0.0;0.0;0.0;0.0;15008.0;112.0;0.0;0.0;0.0;0.0;15006.5;1876.5
-1;10304.0;15008.0;24.0;15007.0;72.0;0.0;0.0;15011.0;96.0;0.0;0.0;0.0;0.0;15009.5;1673.75
-1;10305.0;15006.0;95.0;0.0;0.0;0.0;0.0;15009.0;95.0;0.0;0.0;0.0;0.0;15007.5;1833.5
-1;10306.0;15004.0;107.0;0.0;0.0;0.0;0.0;15005.0;30.0;15007.0;107.0;0.0;0.0;15004.5;1964.875
-1;10307.0;15003.0;79.0;0.0;0.0;0.0;0.0;15006.0;79.0;0.0;0.0;0.0;0.0;15004.5;2093.25
-1;10308.0;15002.0;38.0;15001.0;63.0;0.0;0.0;15004.0;38.0;15005.0;63.0;0.0;0.0;15003.0;2203.125
-1;10309.0;15002.0;78.0;0.0;0.0;0.0;0.0;15005.0;78.0;0.0;0.0;0.0;0.0;15003.5;2163.25
-1;10310.0;15003.0;20.0;15002.0;59.0;0.0;0.0;15005.0;20.0;15006.0;59.0;0.0;0.0;15004.0;2106.625
-1;10311.0;15004.0;86.0;0.0;0.0;0.0;0.0;15007.0;86.0;0.0;0.0;0.0;0.0;15005.5;1964.625
-1;10312.0;15004.0;30.0;15003.0;61.0;0.0;0.0;15005.0;25.0;15007.0;91.0;0.0;0.0;15004.5;2019.5
-1;10313.0;15001.0;104.0;0.0;0.0;0.0;0.0;15004.0;31.0;15005.0;73.0;0.0;0.0;15002.5;2211.25
-1;10314.0;15002.0;99.0;0.0;0.0;0.0;0.0;15005.0;99.0;0.0;0.0;0.0;0.0;15003.5;2164.875
-1;10315.0;15002.0;92.0;0.0;0.0;0.0;0.0;15005.0;33.0;15006.0;59.0;0.0;0.0;15003.5;2128.75
-1;10316.0;15002.0;114.0;0.0;0.0;0.0;0.0;15005.0;114.0;0.0;0.0;0.0;0.0;15003.5;2159.875
-1;10317.0;15003.0;88.0;0.0;0.0;0.0;0.0;15006.0;88.0;0.0;0.0;0.0;0.0;15004.5;2084.75
-1;10318.0;15003.0;63.0;0.0;0.0;0.0;0.0;15004.0;3.0;15006.0;34.0;15007.0;63.0;15003.5;2004.875
-1;10319.0;15006.0;38.0;15005.0;67.0;0.0;0.0;15008.0;38.0;15009.0;67.0;0.0;0.0;15007.0;1756.625
-1;10320.0;15005.0;91.0;0.0;0.0;0.0;0.0;15008.0;91.0;0.0;0.0;0.0;0.0;15006.5;1818.875
-1;10321.0;15005.0;35.0;15004.0;56.0;0.0;0.0;15008.0;91.0;0.0;0.0;0.0;0.0;15006.5;1859.0
-1;10322.0;15001.0;99.0;0.0;0.0;0.0;0.0;15004.0;99.0;0.0;0.0;0.0;0.0;15002.5;2294.5
-1;10323.0;14999.0;36.0;14998.0;64.0;0.0;0.0;15001.0;36.0;15002.0;64.0;0.0;0.0;15000.0;2601.125
-1;10324.0;14999.0;33.0;14998.0;74.0;0.0;0.0;15001.0;33.0;15002.0;74.0;0.0;0.0;15000.0;2578.625
-1;10325.0;14998.0;94.0;0.0;0.0;0.0;0.0;15001.0;94.0;0.0;0.0;0.0;0.0;14999.5;2617.75
-1;10326.0;14998.0;81.0;0.0;0.0;0.0;0.0;15001.0;81.0;0.0;0.0;0.0;0.0;14999.5;2634.875
-1;10327.0;15000.0;89.0;0.0;0.0;0.0;0.0;15003.0;89.0;0.0;0.0;0.0;0.0;15001.5;2422.75
-1;10328.0;14998.0;82.0;0.0;0.0;0.0;0.0;15001.0;82.0;0.0;0.0;0.0;0.0;14999.5;2650.625
-1;10329.0;14998.0;84.0;0.0;0.0;0.0;0.0;15001.0;84.0;0.0;0.0;0.0;0.0;14999.5;2653.25
-1;10330.0;14994.0;39.0;14993.0;64.0;0.0;0.0;14997.0;103.0;0.0;0.0;0.0;0.0;14995.5;3164.375
-1;10331.0;14997.0;21.0;14996.0;61.0;0.0;0.0;14999.0;21.0;15000.0;61.0;0.0;0.0;14998.0;2835.5
-1;10332.0;14995.0;39.0;14994.0;68.0;0.0;0.0;14996.0;26.0;14997.0;39.0;14998.0;68.0;14995.5;3060.375
-1;10333.0;14995.0;39.0;14994.0;54.0;0.0;0.0;14997.0;39.0;14998.0;54.0;0.0;0.0;14996.0;3057.375
-1;10334.0;14990.0;92.0;0.0;0.0;0.0;0.0;14993.0;27.0;14994.0;65.0;0.0;0.0;14991.5;3555.875
-1;10335.0;14986.0;91.0;0.0;0.0;0.0;0.0;14989.0;24.0;14990.0;67.0;0.0;0.0;14987.5;4035.875
-1;10336.0;14985.0;78.0;0.0;0.0;0.0;0.0;14988.0;78.0;0.0;0.0;0.0;0.0;14986.5;4170.875
-1;10337.0;14984.0;81.0;0.0;0.0;0.0;0.0;14985.0;34.0;14987.0;81.0;0.0;0.0;14984.5;4280.875
-1;10338.0;14981.0;97.0;0.0;0.0;0.0;0.0;14984.0;31.0;14985.0;66.0;0.0;0.0;14982.5;4625.5
-1;10339.0;14985.0;94.0;0.0;0.0;0.0;0.0;14988.0;94.0;0.0;0.0;0.0;0.0;14986.5;4213.375
-1;10340.0;14989.0;91.0;0.0;0.0;0.0;0.0;14992.0;91.0;0.0;0.0;0.0;0.0;14990.5;3741.0
-1;10341.0;14987.0;21.0;14986.0;56.0;0.0;0.0;14989.0;21.0;14990.0;56.0;0.0;0.0;14988.0;4014.0
-1;10342.0;14984.0;99.0;0.0;0.0;0.0;0.0;14987.0;99.0;0.0;0.0;0.0;0.0;14985.5;4283.75
-1;10343.0;14983.0;84.0;0.0;0.0;0.0;0.0;14986.0;84.0;0.0;0.0;0.0;0.0;14984.5;4399.625
-1;10344.0;14982.0;97.0;0.0;0.0;0.0;0.0;14985.0;97.0;0.0;0.0;0.0;0.0;14983.5;4576.5
-1;10345.0;14985.0;89.0;0.0;0.0;0.0;0.0;14988.0;30.0;14989.0;59.0;0.0;0.0;14986.5;4150.75
-1;10346.0;14983.0;80.0;0.0;0.0;0.0;0.0;14984.0;28.0;14986.0;80.0;0.0;0.0;14983.5;4420.5
-1;10347.0;14986.0;88.0;0.0;0.0;0.0;0.0;14989.0;88.0;0.0;0.0;0.0;0.0;14987.5;4098.0
-1;10348.0;14984.0;74.0;0.0;0.0;0.0;0.0;14987.0;74.0;0.0;0.0;0.0;0.0;14985.5;4317.625
-1;10349.0;14985.0;21.0;14984.0;53.0;0.0;0.0;14987.0;21.0;14988.0;53.0;0.0;0.0;14986.0;4265.375
-1;10350.0;14985.0;92.0;0.0;0.0;0.0;0.0;14988.0;92.0;0.0;0.0;0.0;0.0;14986.5;4197.125
-1;10351.0;14987.0;39.0;14986.0;56.0;0.0;0.0;14990.0;95.0;0.0;0.0;0.0;0.0;14988.5;4001.375
-1;10352.0;14987.0;36.0;14986.0;72.0;0.0;0.0;14989.0;36.0;14990.0;72.0;0.0;0.0;14988.0;4024.375
-1;10353.0;14983.0;76.0;0.0;0.0;0.0;0.0;14986.0;76.0;0.0;0.0;0.0;0.0;14984.5;4465.375
-1;10354.0;14980.0;37.0;14979.0;69.0;0.0;0.0;14983.0;106.0;0.0;0.0;0.0;0.0;14981.5;4829.5
-1;10355.0;14978.0;20.0;14977.0;61.0;0.0;0.0;14980.0;20.0;14981.0;61.0;0.0;0.0;14979.0;5090.75
-1;10356.0;14977.0;114.0;0.0;0.0;0.0;0.0;14980.0;114.0;0.0;0.0;0.0;0.0;14978.5;5149.5
-1;10357.0;14975.0;79.0;0.0;0.0;0.0;0.0;14978.0;79.0;0.0;0.0;0.0;0.0;14976.5;5354.75
-1;10358.0;14977.0;27.0;14976.0;60.0;0.0;0.0;14979.0;27.0;14980.0;60.0;0.0;0.0;14978.0;5201.875
-1;10359.0;14977.0;35.0;14976.0;50.0;0.0;0.0;14980.0;85.0;0.0;0.0;0.0;0.0;14978.5;5185.375
-1;10360.0;14975.0;30.0;14974.0;100.0;0.0;0.0;14977.0;100.0;0.0;0.0;0.0;0.0;14976.0;5504.875
-1;10361.0;14973.0;109.0;0.0;0.0;0.0;0.0;14976.0;109.0;0.0;0.0;0.0;0.0;14974.5;5618.625
-1;10362.0;14976.0;77.0;0.0;0.0;0.0;0.0;14979.0;77.0;0.0;0.0;0.0;0.0;14977.5;5273.125
-1;10363.0;14975.0;91.0;0.0;0.0;0.0;0.0;14978.0;91.0;0.0;0.0;0.0;0.0;14976.5;5420.75
-1;10364.0;14975.0;75.0;0.0;0.0;0.0;0.0;14978.0;23.0;14979.0;52.0;0.0;0.0;14976.5;5345.375
-1;10365.0;14976.0;106.0;0.0;0.0;0.0;0.0;14979.0;40.0;14980.0;66.0;0.0;0.0;14977.5;5225.375
-1;10366.0;14976.0;82.0;0.0;0.0;0.0;0.0;14979.0;82.0;0.0;0.0;0.0;0.0;14977.5;5240.625
-1;10367.0;14974.0;115.0;0.0;0.0;0.0;0.0;14977.0;115.0;0.0;0.0;0.0;0.0;14975.5;5516.25
-1;10368.0;14971.0;85.0;0.0;0.0;0.0;0.0;14974.0;85.0;0.0;0.0;0.0;0.0;14972.5;5887.625
-1;10369.0;14973.0;21.0;14972.0;66.0;0.0;0.0;14974.0;23.0;14975.0;33.0;14976.0;66.0;14973.5;5660.125
-1;10370.0;14973.0;109.0;0.0;0.0;0.0;0.0;14976.0;109.0;0.0;0.0;0.0;0.0;14974.5;5598.125
-1;10371.0;14974.0;84.0;0.0;0.0;0.0;0.0;14977.0;84.0;0.0;0.0;0.0;0.0;14975.5;5508.75
-1;10372.0;14974.0;88.0;0.0;0.0;0.0;0.0;14977.0;88.0;0.0;0.0;0.0;0.0;14975.5;5503.375
-1;10373.0;14974.0;97.0;0.0;0.0;0.0;0.0;14977.0;97.0;0.0;0.0;0.0;0.0;14975.5;5502.25
-1;10374.0;14973.0;102.0;0.0;0.0;0.0;0.0;14976.0;31.0;14977.0;71.0;0.0;0.0;14974.5;5555.75
-1;10375.0;14973.0;39.0;14972.0;75.0;0.0;0.0;14975.0;39.0;14976.0;75.0;0.0;0.0;14974.0;5673.0
-1;10376.0;14974.0;74.0;0.0;0.0;0.0;0.0;14977.0;21.0;14978.0;53.0;0.0;0.0;14975.5;5434.125
-1;10377.0;14973.0;97.0;0.0;0.0;0.0;0.0;14976.0;97.0;0.0;0.0;0.0;0.0;14974.5;5636.75
-1;10378.0;14972.0;89.0;0.0;0.0;0.0;0.0;14975.0;89.0;0.0;0.0;0.0;0.0;14973.5;5710.0
-1;10379.0;14974.0;77.0;0.0;0.0;0.0;0.0;14977.0;77.0;0.0;0.0;0.0;0.0;14975.5;5438.75
-1;10380.0;14975.0;86.0;0.0;0.0;0.0;0.0;14978.0;86.0;0.0;0.0;0.0;0.0;14976.5;5377.875
-1;10381.0;14976.0;103.0;0.0;0.0;0.0;0.0;14979.0;103.0;0.0;0.0;0.0;0.0;14977.5;5229.625
-1;10382.0;14978.0;26.0;14977.0;101.0;0.0;0.0;14980.0;101.0;0.0;0.0;0.0;0.0;14979.0;5079.25
-1;10383.0;14976.0;101.0;0.0;0.0;0.0;0.0;14979.0;101.0;0.0;0.0;0.0;0.0;14977.5;5225.875
-1;10384.0;14976.0;107.0;0.0;0.0;0.0;0.0;14979.0;107.0;0.0;0.0;0.0;0.0;14977.5;5226.125
-1;10385.0;14977.0;82.0;0.0;0.0;0.0;0.0;14980.0;82.0;0.0;0.0;0.0;0.0;14978.5;5081.875
-1;10386.0;14975.0;98.0;0.0;0.0;0.0;0.0;14978.0;98.0;0.0;0.0;0.0;0.0;14976.5;5328.75
-1;10387.0;14978.0;100.0;0.0;0.0;0.0;0.0;14981.0;27.0;14982.0;73.0;0.0;0.0;14979.5;4888.875
-1;10388.0;14979.0;104.0;0.0;0.0;0.0;0.0;14982.0;104.0;0.0;0.0;0.0;0.0;14980.5;4809.125
-1;10389.0;14975.0;95.0;0.0;0.0;0.0;0.0;14978.0;95.0;0.0;0.0;0.0;0.0;14976.5;5316.125
-1;10390.0;14976.0;94.0;0.0;0.0;0.0;0.0;14979.0;94.0;0.0;0.0;0.0;0.0;14977.5;5246.875
-1;10391.0;14977.0;98.0;0.0;0.0;0.0;0.0;14980.0;98.0;0.0;0.0;0.0;0.0;14978.5;5103.625
-1;10392.0;14977.0;25.0;14976.0;103.0;0.0;0.0;14979.0;103.0;0.0;0.0;0.0;0.0;14978.0;5235.625
-1;10393.0;14979.0;111.0;0.0;0.0;0.0;0.0;14982.0;111.0;0.0;0.0;0.0;0.0;14980.5;4824.75
-1;10394.0;14977.0;108.0;0.0;0.0;0.0;0.0;14980.0;108.0;0.0;0.0;0.0;0.0;14978.5;5079.125
-1;10395.0;14976.0;100.0;0.0;0.0;0.0;0.0;14979.0;28.0;14980.0;72.0;0.0;0.0;14977.5;5159.125
-1;10396.0;14977.0;32.0;14976.0;50.0;0.0;0.0;14980.0;82.0;0.0;0.0;0.0;0.0;14978.5;5120.5
-1;10397.0;14982.0;23.0;14981.0;62.0;0.0;0.0;14984.0;23.0;14985.0;62.0;0.0;0.0;14983.0;4471.5
-1;10398.0;14984.0;92.0;0.0;0.0;0.0;0.0;14987.0;92.0;0.0;0.0;0.0;0.0;14985.5;4117.875
-1;10399.0;14985.0;32.0;14984.0;82.0;0.0;0.0;14987.0;82.0;0.0;0.0;0.0;0.0;14986.0;4089.25
-1;10400.0;14983.0;76.0;0.0;0.0;0.0;0.0;14986.0;26.0;14987.0;50.0;0.0;0.0;14984.5;4215.75
-1;10401.0;14982.0;23.0;14981.0;62.0;0.0;0.0;14983.0;33.0;14984.0;23.0;14985.0;62.0;14982.5;4456.125
-1;10402.0;14982.0;35.0;14981.0;72.0;0.0;0.0;14984.0;35.0;14985.0;72.0;0.0;0.0;14983.0;4458.875
-1;10403.0;14981.0;27.0;14980.0;50.0;0.0;0.0;14984.0;77.0;0.0;0.0;0.0;0.0;14982.5;4582.625
-1;10404.0;14981.0;104.0;0.0;0.0;0.0;0.0;14984.0;104.0;0.0;0.0;0.0;0.0;14982.5;4563.5
-1;10405.0;14981.0;74.0;0.0;0.0;0.0;0.0;14984.0;74.0;0.0;0.0;0.0;0.0;14982.5;4539.875
-1;10406.0;14979.0;22.0;14978.0;64.0;0.0;0.0;14981.0;22.0;14982.0;64.0;0.0;0.0;14980.0;4860.125
-1;10407.0;14980.0;73.0;0.0;0.0;0.0;0.0;14983.0;73.0;0.0;0.0;0.0;0.0;14981.5;4683.0
-1;10408.0;14978.0;82.0;0.0;0.0;0.0;0.0;14981.0;82.0;0.0;0.0;0.0;0.0;14979.5;4922.75
-1;10409.0;14975.0;98.0;0.0;0.0;0.0;0.0;14978.0;98.0;0.0;0.0;0.0;0.0;14976.5;5380.875
-1;10410.0;14974.0;24.0;14973.0;69.0;0.0;0.0;14976.0;24.0;14977.0;69.0;0.0;0.0;14975.0;5555.25
-1;10411.0;14971.0;30.0;14970.0;50.0;0.0;0.0;14972.0;39.0;14974.0;80.0;0.0;0.0;14971.5;5923.75
-1;10412.0;14971.0;31.0;14970.0;54.0;0.0;0.0;14973.0;31.0;14974.0;54.0;0.0;0.0;14972.0;5961.875
-1;10413.0;14972.0;78.0;0.0;0.0;0.0;0.0;14975.0;78.0;0.0;0.0;0.0;0.0;14973.5;5779.5
-1;10414.0;14972.0;77.0;0.0;0.0;0.0;0.0;14975.0;77.0;0.0;0.0;0.0;0.0;14973.5;5773.0
-1;10415.0;14976.0;39.0;14975.0;59.0;0.0;0.0;14978.0;39.0;14979.0;59.0;0.0;0.0;14977.0;5280.125
-1;10416.0;14978.0;27.0;14977.0;74.0;0.0;0.0;14980.0;27.0;14981.0;74.0;0.0;0.0;14979.0;5000.125
-1;10417.0;14975.0;32.0;14974.0;74.0;0.0;0.0;14978.0;106.0;0.0;0.0;0.0;0.0;14976.5;5390.625
-1;10418.0;14975.0;27.0;14974.0;71.0;0.0;0.0;14978.0;98.0;0.0;0.0;0.0;0.0;14976.5;5392.75
-1;10419.0;14979.0;74.0;0.0;0.0;0.0;0.0;14982.0;74.0;0.0;0.0;0.0;0.0;14980.5;4833.125
-1;10420.0;14978.0;26.0;14977.0;74.0;0.0;0.0;14980.0;26.0;14981.0;74.0;0.0;0.0;14979.0;4995.5
-1;10421.0;14974.0;98.0;0.0;0.0;0.0;0.0;14975.0;39.0;14977.0;98.0;0.0;0.0;14974.5;5467.25
-1;10422.0;14977.0;81.0;0.0;0.0;0.0;0.0;14980.0;81.0;0.0;0.0;0.0;0.0;14978.5;5074.375
-1;10423.0;14977.0;90.0;0.0;0.0;0.0;0.0;14980.0;90.0;0.0;0.0;0.0;0.0;14978.5;5064.5
-1;10424.0;14980.0;94.0;0.0;0.0;0.0;0.0;14983.0;94.0;0.0;0.0;0.0;0.0;14981.5;4660.625
-1;10425.0;14980.0;80.0;0.0;0.0;0.0;0.0;14983.0;80.0;0.0;0.0;0.0;0.0;14981.5;4641.625
-1;10426.0;14981.0;93.0;0.0;0.0;0.0;0.0;14984.0;93.0;0.0;0.0;0.0;0.0;14982.5;4554.375
-1;10427.0;14980.0;106.0;0.0;0.0;0.0;0.0;14983.0;32.0;14984.0;74.0;0.0;0.0;14981.5;4620.125
-1;10428.0;14980.0;105.0;0.0;0.0;0.0;0.0;14983.0;34.0;14984.0;71.0;0.0;0.0;14981.5;4617.25
-1;10429.0;14976.0;97.0;0.0;0.0;0.0;0.0;14979.0;97.0;0.0;0.0;0.0;0.0;14977.5;5239.625
-1;10430.0;14973.0;81.0;0.0;0.0;0.0;0.0;14976.0;81.0;0.0;0.0;0.0;0.0;14974.5;5578.625
-1;10431.0;14973.0;89.0;0.0;0.0;0.0;0.0;14976.0;89.0;0.0;0.0;0.0;0.0;14974.5;5582.875
-1;10432.0;14971.0;88.0;0.0;0.0;0.0;0.0;14974.0;88.0;0.0;0.0;0.0;0.0;14972.5;5909.875
-1;10433.0;14974.0;24.0;14973.0;57.0;0.0;0.0;14976.0;24.0;14977.0;57.0;0.0;0.0;14975.0;5535.0
-1;10434.0;14975.0;101.0;0.0;0.0;0.0;0.0;14978.0;101.0;0.0;0.0;0.0;0.0;14976.5;5355.375
-1;10435.0;14977.0;86.0;0.0;0.0;0.0;0.0;14978.0;28.0;14980.0;86.0;0.0;0.0;14977.5;5097.625
-1;10436.0;14979.0;24.0;14978.0;57.0;0.0;0.0;14981.0;24.0;14982.0;57.0;0.0;0.0;14980.0;4871.625
-1;10437.0;14979.0;77.0;0.0;0.0;0.0;0.0;14982.0;77.0;0.0;0.0;0.0;0.0;14980.5;4826.625
-1;10438.0;14976.0;99.0;0.0;0.0;0.0;0.0;14979.0;99.0;0.0;0.0;0.0;0.0;14977.5;5178.375
-1;10439.0;14980.0;110.0;0.0;0.0;0.0;0.0;14983.0;40.0;14984.0;70.0;0.0;0.0;14981.5;4617.875
-1;10440.0;14980.0;100.0;0.0;0.0;0.0;0.0;14983.0;100.0;0.0;0.0;0.0;0.0;14981.5;4643.0
-1;10441.0;14984.0;34.0;14983.0;54.0;0.0;0.0;14986.0;34.0;14987.0;54.0;0.0;0.0;14985.0;4182.625
-1;10442.0;14982.0;101.0;0.0;0.0;0.0;0.0;14985.0;101.0;0.0;0.0;0.0;0.0;14983.5;4371.875
-1;10443.0;14979.0;100.0;0.0;0.0;0.0;0.0;14982.0;100.0;0.0;0.0;0.0;0.0;14980.5;4834.375
-1;10444.0;14979.0;86.0;0.0;0.0;0.0;0.0;14980.0;21.0;14982.0;86.0;0.0;0.0;14979.5;4768.75
-1;10445.0;14979.0;25.0;14978.0;72.0;0.0;0.0;14981.0;25.0;14982.0;72.0;0.0;0.0;14980.0;4882.375
-1;10446.0;14978.0;86.0;0.0;0.0;0.0;0.0;14981.0;86.0;0.0;0.0;0.0;0.0;14979.5;4965.75
-1;10447.0;14977.0;90.0;0.0;0.0;0.0;0.0;14980.0;35.0;14981.0;55.0;0.0;0.0;14978.5;5030.0
-1;10448.0;14979.0;89.0;0.0;0.0;0.0;0.0;14982.0;89.0;0.0;0.0;0.0;0.0;14980.5;4832.875
-1;10449.0;14974.0;25.0;14973.0;70.0;0.0;0.0;14976.0;25.0;14977.0;70.0;0.0;0.0;14975.0;5556.125
-1;10450.0;14973.0;90.0;0.0;0.0;0.0;0.0;14976.0;90.0;0.0;0.0;0.0;0.0;14974.5;5582.0
-1;10451.0;14977.0;35.0;14976.0;104.0;0.0;0.0;14979.0;104.0;0.0;0.0;0.0;0.0;14978.0;5195.875
-1;10452.0;14971.0;99.0;0.0;0.0;0.0;0.0;14974.0;99.0;0.0;0.0;0.0;0.0;14972.5;5874.0
-1;10453.0;14972.0;21.0;14971.0;56.0;0.0;0.0;14974.0;21.0;14975.0;56.0;0.0;0.0;14973.0;5811.5
-1;10454.0;14967.0;20.0;14966.0;53.0;0.0;0.0;14970.0;73.0;0.0;0.0;0.0;0.0;14968.5;6464.125
-1;10455.0;14961.0;95.0;0.0;0.0;0.0;0.0;14964.0;95.0;0.0;0.0;0.0;0.0;14962.5;7218.0
-1;10456.0;14959.0;37.0;14958.0;55.0;0.0;0.0;14962.0;92.0;0.0;0.0;0.0;0.0;14960.5;7547.75
-1;10457.0;14956.0;76.0;0.0;0.0;0.0;0.0;14959.0;24.0;14960.0;52.0;0.0;0.0;14957.5;7863.25
-1;10458.0;14956.0;102.0;0.0;0.0;0.0;0.0;14959.0;102.0;0.0;0.0;0.0;0.0;14957.5;7937.5
-1;10459.0;14952.0;34.0;14951.0;58.0;0.0;0.0;14954.0;34.0;14955.0;58.0;0.0;0.0;14953.0;8526.25
-1;10460.0;14951.0;94.0;0.0;0.0;0.0;0.0;14954.0;94.0;0.0;0.0;0.0;0.0;14952.5;8617.75
-1;10461.0;14952.0;96.0;0.0;0.0;0.0;0.0;14955.0;96.0;0.0;0.0;0.0;0.0;14953.5;8473.0
-1;10462.0;14949.0;84.0;0.0;0.0;0.0;0.0;14952.0;84.0;0.0;0.0;0.0;0.0;14950.5;8867.375
-1;10463.0;14949.0;36.0;14948.0;75.0;0.0;0.0;14952.0;111.0;0.0;0.0;0.0;0.0;14950.5;8896.5
-1;10464.0;14950.0;22.0;14949.0;63.0;0.0;0.0;14952.0;22.0;14953.0;63.0;0.0;0.0;14951.0;8789.875
-1;10465.0;14949.0;107.0;0.0;0.0;0.0;0.0;14952.0;107.0;0.0;0.0;0.0;0.0;14950.5;8876.875
-1;10466.0;14950.0;115.0;0.0;0.0;0.0;0.0;14953.0;115.0;0.0;0.0;0.0;0.0;14951.5;8703.5
-1;10467.0;14950.0;82.0;0.0;0.0;0.0;0.0;14953.0;82.0;0.0;0.0;0.0;0.0;14951.5;8680.25
-1;10468.0;14954.0;40.0;14953.0;65.0;0.0;0.0;14957.0;105.0;0.0;0.0;0.0;0.0;14955.5;8222.625
-1;10469.0;14954.0;98.0;0.0;0.0;0.0;0.0;14957.0;98.0;0.0;0.0;0.0;0.0;14955.5;8155.25
-1;10470.0;14952.0;91.0;0.0;0.0;0.0;0.0;14953.0;27.0;14955.0;91.0;0.0;0.0;14952.5;8470.125
-1;10471.0;14951.0;95.0;0.0;0.0;0.0;0.0;14954.0;95.0;0.0;0.0;0.0;0.0;14952.5;8604.0
-1;10472.0;14951.0;78.0;0.0;0.0;0.0;0.0;14954.0;78.0;0.0;0.0;0.0;0.0;14952.5;8609.625
-1;10473.0;14957.0;29.0;14956.0;74.0;0.0;0.0;14959.0;29.0;14960.0;74.0;0.0;0.0;14958.0;7828.375
-1;10474.0;14954.0;96.0;0.0;0.0;0.0;0.0;14957.0;96.0;0.0;0.0;0.0;0.0;14955.5;8216.875
-1;10475.0;14953.0;23.0;14952.0;84.0;0.0;0.0;14955.0;30.0;14956.0;54.0;0.0;0.0;14954.0;8401.125
-1;10476.0;14952.0;24.0;14951.0;62.0;0.0;0.0;14953.0;38.0;14955.0;86.0;0.0;0.0;14952.5;8493.375
-1;10477.0;14951.0;80.0;0.0;0.0;0.0;0.0;14954.0;26.0;14955.0;54.0;0.0;0.0;14952.5;8536.875
-1;10478.0;14954.0;87.0;0.0;0.0;0.0;0.0;14957.0;25.0;14958.0;62.0;0.0;0.0;14955.5;8127.75
-1;10479.0;14957.0;25.0;14956.0;102.0;0.0;0.0;14959.0;102.0;0.0;0.0;0.0;0.0;14958.0;7941.25
-1;10480.0;14958.0;85.0;0.0;0.0;0.0;0.0;14961.0;85.0;0.0;0.0;0.0;0.0;14959.5;7669.875
-1;10481.0;14959.0;37.0;14958.0;61.0;0.0;0.0;14962.0;98.0;0.0;0.0;0.0;0.0;14960.5;7552.25
-1;10482.0;14962.0;77.0;0.0;0.0;0.0;0.0;14965.0;77.0;0.0;0.0;0.0;0.0;14963.5;7108.25
-1;10483.0;14959.0;39.0;14958.0;53.0;0.0;0.0;14962.0;92.0;0.0;0.0;0.0;0.0;14960.5;7554.0
-1;10484.0;14957.0;106.0;0.0;0.0;0.0;0.0;14960.0;106.0;0.0;0.0;0.0;0.0;14958.5;7795.25
-1;10485.0;14955.0;96.0;0.0;0.0;0.0;0.0;14958.0;96.0;0.0;0.0;0.0;0.0;14956.5;8080.375
-1;10486.0;14955.0;39.0;14954.0;51.0;0.0;0.0;14957.0;39.0;14958.0;51.0;0.0;0.0;14956.0;8115.5
-1;10487.0;14955.0;84.0;0.0;0.0;0.0;0.0;14958.0;28.0;14959.0;56.0;0.0;0.0;14956.5;7997.5
-1;10488.0;14958.0;98.0;0.0;0.0;0.0;0.0;14961.0;98.0;0.0;0.0;0.0;0.0;14959.5;7665.0
-1;10489.0;14959.0;107.0;0.0;0.0;0.0;0.0;14962.0;107.0;0.0;0.0;0.0;0.0;14960.5;7488.0
-1;10490.0;14962.0;27.0;14961.0;52.0;0.0;0.0;14963.0;35.0;14965.0;79.0;0.0;0.0;14962.5;7144.125
-1;10491.0;14962.0;96.0;0.0;0.0;0.0;0.0;14965.0;96.0;0.0;0.0;0.0;0.0;14963.5;7090.75
-1;10492.0;14962.0;23.0;14961.0;52.0;0.0;0.0;14964.0;23.0;14965.0;52.0;0.0;0.0;14963.0;7152.5
-1;10493.0;14961.0;88.0;0.0;0.0;0.0;0.0;14964.0;88.0;0.0;0.0;0.0;0.0;14962.5;7252.625
-1;10494.0;14959.0;110.0;0.0;0.0;0.0;0.0;14962.0;110.0;0.0;0.0;0.0;0.0;14960.5;7496.75
-1;10495.0;14957.0;20.0;14956.0;62.0;0.0;0.0;14959.0;20.0;14960.0;62.0;0.0;0.0;14958.0;7850.625
-1;10496.0;14954.0;83.0;0.0;0.0;0.0;0.0;14957.0;83.0;0.0;0.0;0.0;0.0;14955.5;8147.25
-1;10497.0;14953.0;82.0;0.0;0.0;0.0;0.0;14956.0;82.0;0.0;0.0;0.0;0.0;14954.5;8279.625
-1;10498.0;14955.0;93.0;0.0;0.0;0.0;0.0;14958.0;93.0;0.0;0.0;0.0;0.0;14956.5;8006.625
-1;10499.0;14959.0;27.0;14958.0;67.0;0.0;0.0;14961.0;27.0;14962.0;67.0;0.0;0.0;14960.0;7581.75
-1;10500.0;14960.0;113.0;0.0;0.0;0.0;0.0;14963.0;113.0;0.0;0.0;0.0;0.0;14961.5;7391.0
-1;10501.0;14965.0;91.0;0.0;0.0;0.0;0.0;14968.0;91.0;0.0;0.0;0.0;0.0;14966.5;6654.125
-1;10502.0;14966.0;28.0;14965.0;75.0;0.0;0.0;14968.0;28.0;14969.0;75.0;0.0;0.0;14967.0;6630.375
-1;10503.0;14963.0;76.0;0.0;0.0;0.0;0.0;14966.0;76.0;0.0;0.0;0.0;0.0;14964.5;6974.625
-1;10504.0;14962.0;81.0;0.0;0.0;0.0;0.0;14965.0;81.0;0.0;0.0;0.0;0.0;14963.5;7110.25
-1;10505.0;14962.0;103.0;0.0;0.0;0.0;0.0;14965.0;103.0;0.0;0.0;0.0;0.0;14963.5;7089.375
-1;10506.0;14962.0;88.0;0.0;0.0;0.0;0.0;14965.0;88.0;0.0;0.0;0.0;0.0;14963.5;7109.625
-1;10507.0;14963.0;90.0;0.0;0.0;0.0;0.0;14966.0;90.0;0.0;0.0;0.0;0.0;14964.5;6965.125
-1;10508.0;14963.0;80.0;0.0;0.0;0.0;0.0;14966.0;80.0;0.0;0.0;0.0;0.0;14964.5;6935.625
-1;10509.0;14962.0;38.0;14961.0;69.0;0.0;0.0;14965.0;107.0;0.0;0.0;0.0;0.0;14963.5;7149.0
-1;10510.0;14959.0;59.0;0.0;0.0;0.0;0.0;14960.0;4.0;14962.0;28.0;14963.0;59.0;14959.5;7422.0
-1;10511.0;14957.0;35.0;14956.0;61.0;0.0;0.0;14960.0;96.0;0.0;0.0;0.0;0.0;14958.5;7877.0
-1;10512.0;14952.0;98.0;0.0;0.0;0.0;0.0;14955.0;98.0;0.0;0.0;0.0;0.0;14953.5;8651.25
-1;10513.0;14950.0;78.0;0.0;0.0;0.0;0.0;14953.0;78.0;0.0;0.0;0.0;0.0;14951.5;8908.75
-1;10514.0;14951.0;89.0;0.0;0.0;0.0;0.0;14954.0;89.0;0.0;0.0;0.0;0.0;14952.5;8743.75
-1;10515.0;14950.0;37.0;14949.0;59.0;0.0;0.0;14952.0;37.0;14953.0;59.0;0.0;0.0;14951.0;9043.75
-1;10516.0;14948.0;89.0;0.0;0.0;0.0;0.0;14951.0;89.0;0.0;0.0;0.0;0.0;14949.5;9250.75
-1;10517.0;14950.0;76.0;0.0;0.0;0.0;0.0;14953.0;76.0;0.0;0.0;0.0;0.0;14951.5;8919.0
-1;10518.0;14948.0;95.0;0.0;0.0;0.0;0.0;14951.0;95.0;0.0;0.0;0.0;0.0;14949.5;9302.75
-1;10519.0;14949.0;101.0;0.0;0.0;0.0;0.0;14952.0;101.0;0.0;0.0;0.0;0.0;14950.5;9166.25
-1;10520.0;14948.0;98.0;0.0;0.0;0.0;0.0;14951.0;98.0;0.0;0.0;0.0;0.0;14949.5;9286.5
-1;10521.0;14951.0;90.0;0.0;0.0;0.0;0.0;14954.0;90.0;0.0;0.0;0.0;0.0;14952.5;8765.75
-1;10522.0;14953.0;99.0;0.0;0.0;0.0;0.0;14956.0;99.0;0.0;0.0;0.0;0.0;14954.5;8460.25
-1;10523.0;14950.0;76.0;0.0;0.0;0.0;0.0;14953.0;76.0;0.0;0.0;0.0;0.0;14951.5;8956.25
-1;10524.0;14951.0;38.0;14950.0;58.0;0.0;0.0;14953.0;38.0;14954.0;58.0;0.0;0.0;14952.0;8888.0
-1;10525.0;14950.0;92.0;0.0;0.0;0.0;0.0;14953.0;92.0;0.0;0.0;0.0;0.0;14951.5;8957.0
-1;10526.0;14952.0;77.0;0.0;0.0;0.0;0.0;14955.0;77.0;0.0;0.0;0.0;0.0;14953.5;8649.0
-1;10527.0;14953.0;86.0;0.0;0.0;0.0;0.0;14954.0;39.0;14956.0;86.0;0.0;0.0;14953.5;8481.25
-1;10528.0;14955.0;75.0;0.0;0.0;0.0;0.0;14958.0;75.0;0.0;0.0;0.0;0.0;14956.5;8111.75
-1;10529.0;14954.0;80.0;0.0;0.0;0.0;0.0;14957.0;80.0;0.0;0.0;0.0;0.0;14955.5;8277.75
-1;10530.0;14949.0;97.0;0.0;0.0;0.0;0.0;14952.0;26.0;14953.0;71.0;0.0;0.0;14950.5;9065.75
-1;10531.0;14950.0;23.0;14949.0;86.0;0.0;0.0;14952.0;86.0;0.0;0.0;0.0;0.0;14951.0;9167.0
-1;10532.0;14949.0;90.0;0.0;0.0;0.0;0.0;14952.0;90.0;0.0;0.0;0.0;0.0;14950.5;9123.5
-1;10533.0;14951.0;28.0;14950.0;64.0;0.0;0.0;14952.0;26.0;14954.0;92.0;0.0;0.0;14951.5;8849.75
-1;10534.0;14951.0;39.0;14950.0;72.0;0.0;0.0;14953.0;39.0;14954.0;72.0;0.0;0.0;14952.0;8882.25
-1;10535.0;14954.0;32.0;14953.0;70.0;0.0;0.0;14956.0;32.0;14957.0;70.0;0.0;0.0;14955.0;8378.0
-1;10536.0;14953.0;93.0;0.0;0.0;0.0;0.0;14956.0;93.0;0.0;0.0;0.0;0.0;14954.5;8438.25
-1;10537.0;14954.0;79.0;0.0;0.0;0.0;0.0;14957.0;79.0;0.0;0.0;0.0;0.0;14955.5;8295.75
-1;10538.0;14952.0;40.0;14951.0;62.0;0.0;0.0;14955.0;102.0;0.0;0.0;0.0;0.0;14953.5;8680.5
-1;10539.0;14953.0;98.0;0.0;0.0;0.0;0.0;14956.0;98.0;0.0;0.0;0.0;0.0;14954.5;8507.5
-1;10540.0;14950.0;77.0;0.0;0.0;0.0;0.0;14953.0;77.0;0.0;0.0;0.0;0.0;14951.5;8951.0
-1;10541.0;14949.0;83.0;0.0;0.0;0.0;0.0;14952.0;83.0;0.0;0.0;0.0;0.0;14950.5;9114.75
-1;10542.0;14952.0;34.0;14951.0;73.0;0.0;0.0;14954.0;34.0;14955.0;73.0;0.0;0.0;14953.0;8716.0
-1;10543.0;14952.0;27.0;14951.0;72.0;0.0;0.0;14954.0;27.0;14955.0;72.0;0.0;0.0;14953.0;8709.75
-1;10544.0;14955.0;87.0;0.0;0.0;0.0;0.0;14958.0;87.0;0.0;0.0;0.0;0.0;14956.5;8148.0
-1;10545.0;14955.0;85.0;0.0;0.0;0.0;0.0;14958.0;85.0;0.0;0.0;0.0;0.0;14956.5;8158.25
-1;10546.0;14957.0;40.0;14956.0;53.0;0.0;0.0;14959.0;40.0;14960.0;53.0;0.0;0.0;14958.0;7898.75
-1;10547.0;14952.0;102.0;0.0;0.0;0.0;0.0;14955.0;102.0;0.0;0.0;0.0;0.0;14953.5;8636.25
-1;10548.0;14952.0;84.0;0.0;0.0;0.0;0.0;14955.0;84.0;0.0;0.0;0.0;0.0;14953.5;8634.0
-1;10549.0;14950.0;93.0;0.0;0.0;0.0;0.0;14953.0;93.0;0.0;0.0;0.0;0.0;14951.5;9000.75
-1;10550.0;14950.0;88.0;0.0;0.0;0.0;0.0;14953.0;88.0;0.0;0.0;0.0;0.0;14951.5;8971.0
-1;10551.0;14951.0;21.0;14950.0;53.0;0.0;0.0;14953.0;21.0;14954.0;53.0;0.0;0.0;14952.0;8870.0
-1;10552.0;14950.0;83.0;0.0;0.0;0.0;0.0;14953.0;83.0;0.0;0.0;0.0;0.0;14951.5;8980.0
-1;10553.0;14950.0;105.0;0.0;0.0;0.0;0.0;14953.0;105.0;0.0;0.0;0.0;0.0;14951.5;8966.75
-1;10554.0;14948.0;29.0;14947.0;64.0;0.0;0.0;14950.0;29.0;14951.0;64.0;0.0;0.0;14949.0;9352.25
-1;10555.0;14945.0;107.0;0.0;0.0;0.0;0.0;14948.0;107.0;0.0;0.0;0.0;0.0;14946.5;9805.25
-1;10556.0;14945.0;38.0;14944.0;20.0;14943.0;53.0;14946.0;20.0;14947.0;53.0;0.0;0.0;14945.5;10001.75
-1;10557.0;14941.0;97.0;0.0;0.0;0.0;0.0;14944.0;97.0;0.0;0.0;0.0;0.0;14942.5;10435.5
-1;10558.0;14942.0;94.0;0.0;0.0;0.0;0.0;14945.0;94.0;0.0;0.0;0.0;0.0;14943.5;10290.75
-1;10559.0;14941.0;101.0;0.0;0.0;0.0;0.0;14944.0;33.0;14945.0;68.0;0.0;0.0;14942.5;10365.0
-1;10560.0;14938.0;91.0;0.0;0.0;0.0;0.0;14941.0;91.0;0.0;0.0;0.0;0.0;14939.5;10958.0
-1;10561.0;14939.0;40.0;14938.0;65.0;0.0;0.0;14941.0;40.0;14942.0;65.0;0.0;0.0;14940.0;10829.0
-1;10562.0;14940.0;24.0;14939.0;62.0;0.0;0.0;14943.0;86.0;0.0;0.0;0.0;0.0;14941.5;10637.5
-1;10563.0;14941.0;24.0;14940.0;51.0;0.0;0.0;14943.0;24.0;14944.0;51.0;0.0;0.0;14942.0;10514.25
-1;10564.0;14937.0;106.0;0.0;0.0;0.0;0.0;14940.0;106.0;0.0;0.0;0.0;0.0;14938.5;11068.0
-1;10565.0;14934.0;94.0;0.0;0.0;0.0;0.0;14937.0;94.0;0.0;0.0;0.0;0.0;14935.5;11598.75
-1;10566.0;14936.0;83.0;0.0;0.0;0.0;0.0;14939.0;83.0;0.0;0.0;0.0;0.0;14937.5;11240.5
-1;10567.0;14934.0;93.0;0.0;0.0;0.0;0.0;14937.0;36.0;14938.0;57.0;0.0;0.0;14935.5;11510.25
-1;10568.0;14928.0;75.0;0.0;0.0;0.0;0.0;14931.0;75.0;0.0;0.0;0.0;0.0;14929.5;12567.25
-1;10569.0;14930.0;78.0;0.0;0.0;0.0;0.0;14933.0;78.0;0.0;0.0;0.0;0.0;14931.5;12204.5
-1;10570.0;14931.0;24.0;14930.0;36.0;14929.0;60.0;14932.0;36.0;14933.0;60.0;0.0;0.0;14931.5;12296.5
-1;10571.0;14929.0;100.0;0.0;0.0;0.0;0.0;14932.0;100.0;0.0;0.0;0.0;0.0;14930.5;12365.0
-1;10572.0;14925.0;96.0;0.0;0.0;0.0;0.0;14928.0;96.0;0.0;0.0;0.0;0.0;14926.5;13013.5
-1;10573.0;14927.0;75.0;0.0;0.0;0.0;0.0;14930.0;75.0;0.0;0.0;0.0;0.0;14928.5;12747.25
-1;10574.0;14924.0;67.0;14923.0;69.0;0.0;0.0;14926.0;35.0;14927.0;69.0;0.0;0.0;14925.0;13279.0
-1;10575.0;14923.0;86.0;0.0;0.0;0.0;0.0;14926.0;86.0;0.0;0.0;0.0;0.0;14924.5;13332.25
-1;10576.0;14923.0;60.0;0.0;0.0;0.0;0.0;14926.0;72.0;0.0;0.0;0.0;0.0;14924.5;13340.5
-1;10577.0;14923.0;83.0;0.0;0.0;0.0;0.0;14926.0;83.0;0.0;0.0;0.0;0.0;14924.5;13315.5
-1;10578.0;14920.0;95.0;0.0;0.0;0.0;0.0;14923.0;95.0;0.0;0.0;0.0;0.0;14921.5;13869.25
-1;10579.0;14922.0;103.0;0.0;0.0;0.0;0.0;14925.0;103.0;0.0;0.0;0.0;0.0;14923.5;13481.25
-1;10580.0;14918.0;89.0;0.0;0.0;0.0;0.0;14921.0;89.0;0.0;0.0;0.0;0.0;14919.5;14200.75
-1;10581.0;14922.0;20.0;14921.0;86.0;0.0;0.0;14924.0;86.0;0.0;0.0;0.0;0.0;14923.0;13706.25
-1;10582.0;14922.0;85.0;0.0;0.0;0.0;0.0;14925.0;85.0;0.0;0.0;0.0;0.0;14923.5;13498.0
-1;10583.0;14923.0;79.0;0.0;0.0;0.0;0.0;14926.0;79.0;0.0;0.0;0.0;0.0;14924.5;13383.0
-1;10584.0;14922.0;25.0;14921.0;63.0;0.0;0.0;14924.0;25.0;14925.0;63.0;0.0;0.0;14923.0;13616.75
-1;10585.0;14922.0;100.0;0.0;0.0;0.0;0.0;14925.0;100.0;0.0;0.0;0.0;0.0;14923.5;13555.25
-1;10586.0;14919.0;24.0;14918.0;71.0;0.0;0.0;14922.0;95.0;0.0;0.0;0.0;0.0;14920.5;14101.75
-1;10587.0;14917.0;75.0;0.0;0.0;0.0;0.0;14920.0;75.0;0.0;0.0;0.0;0.0;14918.5;14422.25
-1;10588.0;14916.0;79.0;0.0;0.0;0.0;0.0;14919.0;79.0;0.0;0.0;0.0;0.0;14917.5;14593.25
-1;10589.0;14915.0;32.0;14914.0;54.0;0.0;0.0;14918.0;86.0;0.0;0.0;0.0;0.0;14916.5;14805.0
-1;10590.0;14915.0;104.0;0.0;0.0;0.0;0.0;14918.0;104.0;0.0;0.0;0.0;0.0;14916.5;14791.75
-1;10591.0;14916.0;99.0;0.0;0.0;0.0;0.0;14919.0;99.0;0.0;0.0;0.0;0.0;14917.5;14578.25
-1;10592.0;14913.0;101.0;0.0;0.0;0.0;0.0;14916.0;101.0;0.0;0.0;0.0;0.0;14914.5;15092.5
-1;10593.0;14909.0;32.0;14908.0;68.0;0.0;0.0;14911.0;32.0;14912.0;68.0;0.0;0.0;14910.0;15868.25
-1;10594.0;14910.0;85.0;0.0;0.0;0.0;0.0;14913.0;85.0;0.0;0.0;0.0;0.0;14911.5;15631.5
-1;10595.0;14912.0;98.0;0.0;0.0;0.0;0.0;14915.0;98.0;0.0;0.0;0.0;0.0;14913.5;15302.25
-1;10596.0;14914.0;106.0;0.0;0.0;0.0;0.0;14917.0;106.0;0.0;0.0;0.0;0.0;14915.5;14949.0
-1;10597.0;14912.0;89.0;0.0;0.0;0.0;0.0;14915.0;89.0;0.0;0.0;0.0;0.0;14913.5;15258.0
-1;10598.0;14909.0;94.0;0.0;0.0;0.0;0.0;14912.0;94.0;0.0;0.0;0.0;0.0;14910.5;15745.25
-1;10599.0;14910.0;82.0;0.0;0.0;0.0;0.0;14913.0;82.0;0.0;0.0;0.0;0.0;14911.5;15571.0
-1;10600.0;14909.0;21.0;14908.0;56.0;0.0;0.0;14912.0;77.0;0.0;0.0;0.0;0.0;14910.5;15851.5
-1;10601.0;14908.0;93.0;0.0;0.0;0.0;0.0;14911.0;93.0;0.0;0.0;0.0;0.0;14909.5;15984.5
-1;10602.0;14909.0;100.0;0.0;0.0;0.0;0.0;14912.0;100.0;0.0;0.0;0.0;0.0;14910.5;15741.75
-1;10603.0;14911.0;29.0;14910.0;70.0;0.0;0.0;14914.0;99.0;0.0;0.0;0.0;0.0;14912.5;15496.0
-1;10604.0;14912.0;34.0;14911.0;53.0;0.0;0.0;14914.0;34.0;14915.0;53.0;0.0;0.0;14913.0;15346.75
-1;10605.0;14910.0;109.0;0.0;0.0;0.0;0.0;14913.0;109.0;0.0;0.0;0.0;0.0;14911.5;15563.75
-1;10606.0;14911.0;85.0;0.0;0.0;0.0;0.0;14914.0;85.0;0.0;0.0;0.0;0.0;14912.5;15408.0
-1;10607.0;14911.0;33.0;14910.0;67.0;0.0;0.0;14914.0;100.0;0.0;0.0;0.0;0.0;14912.5;15504.0
-1;10608.0;14912.0;102.0;0.0;0.0;0.0;0.0;14915.0;102.0;0.0;0.0;0.0;0.0;14913.5;15268.25
-1;10609.0;14911.0;92.0;0.0;0.0;0.0;0.0;14914.0;92.0;0.0;0.0;0.0;0.0;14912.5;15426.25
-1;10610.0;14913.0;29.0;14912.0;62.0;0.0;0.0;14916.0;91.0;0.0;0.0;0.0;0.0;14914.5;15145.25
-1;10611.0;14911.0;100.0;0.0;0.0;0.0;0.0;14914.0;100.0;0.0;0.0;0.0;0.0;14912.5;15441.5
-1;10612.0;14913.0;109.0;0.0;0.0;0.0;0.0;14916.0;109.0;0.0;0.0;0.0;0.0;14914.5;15113.5
-1;10613.0;14913.0;99.0;0.0;0.0;0.0;0.0;14916.0;99.0;0.0;0.0;0.0;0.0;14914.5;15057.5
-1;10614.0;14912.0;82.0;0.0;0.0;0.0;0.0;14915.0;82.0;0.0;0.0;0.0;0.0;14913.5;15223.75
-1;10615.0;14909.0;85.0;0.0;0.0;0.0;0.0;14912.0;85.0;0.0;0.0;0.0;0.0;14910.5;15802.0
-1;10616.0;14907.0;83.0;0.0;0.0;0.0;0.0;14910.0;83.0;0.0;0.0;0.0;0.0;14908.5;16149.5
-1;10617.0;14906.0;75.0;0.0;0.0;0.0;0.0;14909.0;21.0;14910.0;54.0;0.0;0.0;14907.5;16254.25
-1;10618.0;14910.0;95.0;0.0;0.0;0.0;0.0;14913.0;23.0;14914.0;72.0;0.0;0.0;14911.5;15547.5
-1;10619.0;14911.0;88.0;0.0;0.0;0.0;0.0;14914.0;88.0;0.0;0.0;0.0;0.0;14912.5;15483.75
-1;10620.0;14908.0;87.0;0.0;0.0;0.0;0.0;14911.0;87.0;0.0;0.0;0.0;0.0;14909.5;15964.0
-1;10621.0;14909.0;21.0;14908.0;28.0;14907.0;60.0;14910.0;28.0;14911.0;60.0;0.0;0.0;14909.5;16045.75
-1;10622.0;14908.0;26.0;14907.0;58.0;0.0;0.0;14910.0;26.0;14911.0;58.0;0.0;0.0;14909.0;16043.5
-1;10623.0;14907.0;100.0;0.0;0.0;0.0;0.0;14910.0;100.0;0.0;0.0;0.0;0.0;14908.5;16176.75
-1;10624.0;14906.0;101.0;0.0;0.0;0.0;0.0;14909.0;101.0;0.0;0.0;0.0;0.0;14907.5;16339.75
-1;10625.0;14904.0;78.0;0.0;0.0;0.0;0.0;14907.0;78.0;0.0;0.0;0.0;0.0;14905.5;16663.75
-1;10626.0;14903.0;105.0;0.0;0.0;0.0;0.0;14906.0;105.0;0.0;0.0;0.0;0.0;14904.5;16875.5
-1;10627.0;14902.0;95.0;0.0;0.0;0.0;0.0;14905.0;37.0;14906.0;58.0;0.0;0.0;14903.5;16953.75
-1;10628.0;14903.0;109.0;0.0;0.0;0.0;0.0;14906.0;109.0;0.0;0.0;0.0;0.0;14904.5;16826.75
-1;10629.0;14902.0;113.0;0.0;0.0;0.0;0.0;14905.0;113.0;0.0;0.0;0.0;0.0;14903.5;16992.75
-1;10630.0;14900.0;91.0;0.0;0.0;0.0;0.0;14903.0;91.0;0.0;0.0;0.0;0.0;14901.5;17331.25
-1;10631.0;14903.0;22.0;14902.0;99.0;0.0;0.0;14905.0;99.0;0.0;0.0;0.0;0.0;14904.0;17045.25
-1;10632.0;14901.0;27.0;14900.0;74.0;0.0;0.0;14903.0;27.0;14904.0;74.0;0.0;0.0;14902.0;17264.25
-1;10633.0;14897.0;93.0;0.0;0.0;0.0;0.0;14900.0;93.0;0.0;0.0;0.0;0.0;14898.5;17850.5
-1;10634.0;14897.0;34.0;14896.0;50.0;0.0;0.0;14899.0;34.0;14900.0;50.0;0.0;0.0;14898.0;17965.0
-1;10635.0;14896.0;99.0;0.0;0.0;0.0;0.0;14899.0;99.0;0.0;0.0;0.0;0.0;14897.5;18111.5
-1;10636.0;14896.0;101.0;0.0;0.0;0.0;0.0;14899.0;101.0;0.0;0.0;0.0;0.0;14897.5;18029.0
-1;10637.0;14897.0;40.0;14896.0;52.0;0.0;0.0;14899.0;40.0;14900.0;52.0;0.0;0.0;14898.0;17988.75
-1;10638.0;14893.0;93.0;0.0;0.0;0.0;0.0;14896.0;93.0;0.0;0.0;0.0;0.0;14894.5;18600.0
-1;10639.0;14891.0;99.0;0.0;0.0;0.0;0.0;14894.0;29.0;14895.0;70.0;0.0;0.0;14892.5;18874.5
-1;10640.0;14892.0;31.0;14891.0;63.0;0.0;0.0;14894.0;31.0;14895.0;63.0;0.0;0.0;14893.0;18842.75
-1;10641.0;14893.0;104.0;0.0;0.0;0.0;0.0;14896.0;104.0;0.0;0.0;0.0;0.0;14894.5;18620.0
-1;10642.0;14890.0;79.0;0.0;0.0;0.0;0.0;14893.0;21.0;14894.0;58.0;0.0;0.0;14891.5;19053.25
-1;10643.0;14891.0;27.0;14890.0;54.0;0.0;0.0;14894.0;81.0;0.0;0.0;0.0;0.0;14892.5;18997.0
-1;10644.0;14889.0;72.0;0.0;0.0;0.0;0.0;14892.0;72.0;0.0;0.0;0.0;0.0;14890.5;19298.75
-1;10645.0;14888.0;39.0;14887.0;36.0;14886.0;61.0;14890.0;97.0;0.0;0.0;0.0;0.0;14889.0;19706.25
-1;10646.0;14887.0;35.0;14886.0;27.0;14885.0;55.0;14888.0;27.0;14889.0;55.0;0.0;0.0;14887.5;19895.75
-1;10647.0;14885.0;38.0;14884.0;66.0;0.0;0.0;14887.0;38.0;14888.0;66.0;0.0;0.0;14886.0;20070.25
-1;10648.0;14886.0;25.0;14885.0;64.0;0.0;0.0;14888.0;25.0;14889.0;64.0;0.0;0.0;14887.0;19885.0
-1;10649.0;14888.0;85.0;0.0;0.0;0.0;0.0;14891.0;85.0;0.0;0.0;0.0;0.0;14889.5;19497.75
-1;10650.0;14886.0;37.0;14885.0;69.0;0.0;0.0;14888.0;37.0;14889.0;69.0;0.0;0.0;14887.0;19919.0
-1;10651.0;14884.0;92.0;0.0;0.0;0.0;0.0;14887.0;92.0;0.0;0.0;0.0;0.0;14885.5;20205.25
-1;10652.0;14885.0;99.0;0.0;0.0;0.0;0.0;14888.0;99.0;0.0;0.0;0.0;0.0;14886.5;19965.0
-1;10653.0;14885.0;24.0;14884.0;50.0;0.0;0.0;14888.0;74.0;0.0;0.0;0.0;0.0;14886.5;20052.25
-1;10654.0;14886.0;92.0;0.0;0.0;0.0;0.0;14889.0;92.0;0.0;0.0;0.0;0.0;14887.5;19811.5
-1;10655.0;14887.0;93.0;0.0;0.0;0.0;0.0;14890.0;93.0;0.0;0.0;0.0;0.0;14888.5;19584.75
-1;10656.0;14885.0;75.0;0.0;0.0;0.0;0.0;14888.0;75.0;0.0;0.0;0.0;0.0;14886.5;19969.5
-1;10657.0;14886.0;99.0;0.0;0.0;0.0;0.0;14887.0;21.0;14889.0;99.0;0.0;0.0;14886.5;19798.75
-1;10658.0;14887.0;88.0;0.0;0.0;0.0;0.0;14890.0;88.0;0.0;0.0;0.0;0.0;14888.5;19692.25
-1;10659.0;14891.0;102.0;0.0;0.0;0.0;0.0;14894.0;102.0;0.0;0.0;0.0;0.0;14892.5;18929.75
-1;10660.0;14885.0;97.0;0.0;0.0;0.0;0.0;14888.0;97.0;0.0;0.0;0.0;0.0;14886.5;19962.75
-1;10661.0;14885.0;108.0;0.0;0.0;0.0;0.0;14888.0;108.0;0.0;0.0;0.0;0.0;14886.5;19949.0
-1;10662.0;14885.0;92.0;0.0;0.0;0.0;0.0;14888.0;32.0;14889.0;60.0;0.0;0.0;14886.5;19924.0
-1;10663.0;14886.0;88.0;0.0;0.0;0.0;0.0;14887.0;30.0;14889.0;88.0;0.0;0.0;14886.5;19861.25
-1;10664.0;14888.0;89.0;0.0;0.0;0.0;0.0;14889.0;32.0;14891.0;22.0;14892.0;67.0;14888.5;19402.25
-1;10665.0;14891.0;112.0;0.0;0.0;0.0;0.0;14894.0;38.0;14895.0;74.0;0.0;0.0;14892.5;18883.25
-1;10666.0;14894.0;85.0;0.0;0.0;0.0;0.0;14897.0;85.0;0.0;0.0;0.0;0.0;14895.5;18368.5
-1;10667.0;14891.0;103.0;0.0;0.0;0.0;0.0;14894.0;103.0;0.0;0.0;0.0;0.0;14892.5;18915.75
-1;10668.0;14890.0;31.0;14889.0;85.0;0.0;0.0;14892.0;85.0;0.0;0.0;0.0;0.0;14891.0;19234.75
-1;10669.0;14888.0;83.0;0.0;0.0;0.0;0.0;14891.0;83.0;0.0;0.0;0.0;0.0;14889.5;19425.5
-1;10670.0;14889.0;33.0;14888.0;61.0;0.0;0.0;14891.0;33.0;14892.0;61.0;0.0;0.0;14890.0;19369.0
-1;10671.0;14888.0;81.0;0.0;0.0;0.0;0.0;14889.0;34.0;14891.0;27.0;14892.0;54.0;14888.5;19401.5
-1;10672.0;14890.0;89.0;0.0;0.0;0.0;0.0;14893.0;89.0;0.0;0.0;0.0;0.0;14891.5;19081.75
-1;10673.0;14891.0;26.0;14890.0;71.0;0.0;0.0;14893.0;26.0;14894.0;71.0;0.0;0.0;14892.0;19030.75
-1;10674.0;14892.0;30.0;14891.0;65.0;0.0;0.0;14895.0;95.0;0.0;0.0;0.0;0.0;14893.5;18824.5
-1;10675.0;14892.0;96.0;0.0;0.0;0.0;0.0;14895.0;96.0;0.0;0.0;0.0;0.0;14893.5;18802.5
-1;10676.0;14893.0;35.0;14892.0;52.0;0.0;0.0;14895.0;35.0;14896.0;52.0;0.0;0.0;14894.0;18687.75
-1;10677.0;14893.0;105.0;0.0;0.0;0.0;0.0;14896.0;34.0;14897.0;71.0;0.0;0.0;14894.5;18525.75
-1;10678.0;14897.0;20.0;14896.0;63.0;0.0;0.0;14899.0;20.0;14900.0;63.0;0.0;0.0;14898.0;17960.5
-1;10679.0;14899.0;97.0;0.0;0.0;0.0;0.0;14902.0;97.0;0.0;0.0;0.0;0.0;14900.5;17583.75
-1;10680.0;14901.0;111.0;0.0;0.0;0.0;0.0;14904.0;111.0;0.0;0.0;0.0;0.0;14902.5;17160.0
-1;10681.0;14902.0;77.0;0.0;0.0;0.0;0.0;14905.0;77.0;0.0;0.0;0.0;0.0;14903.5;16973.5
-1;10682.0;14905.0;101.0;0.0;0.0;0.0;0.0;14908.0;101.0;0.0;0.0;0.0;0.0;14906.5;16464.5
-1;10683.0;14906.0;40.0;14905.0;64.0;0.0;0.0;14908.0;40.0;14909.0;64.0;0.0;0.0;14907.0;16414.25
-1;10684.0;14904.0;77.0;0.0;0.0;0.0;0.0;14907.0;77.0;0.0;0.0;0.0;0.0;14905.5;16612.75
-1;10685.0;14907.0;26.0;14906.0;72.0;0.0;0.0;14910.0;98.0;0.0;0.0;0.0;0.0;14908.5;16205.75
-1;10686.0;14911.0;40.0;14910.0;59.0;0.0;0.0;14913.0;40.0;14914.0;59.0;0.0;0.0;14912.0;15520.25
-1;10687.0;14912.0;24.0;14911.0;70.0;0.0;0.0;14914.0;24.0;14915.0;70.0;0.0;0.0;14913.0;15348.5
-1;10688.0;14910.0;95.0;0.0;0.0;0.0;0.0;14913.0;95.0;0.0;0.0;0.0;0.0;14911.5;15566.0
-1;10689.0;14911.0;108.0;0.0;0.0;0.0;0.0;14914.0;108.0;0.0;0.0;0.0;0.0;14912.5;15409.75
-1;10690.0;14912.0;86.0;0.0;0.0;0.0;0.0;14913.0;37.0;14915.0;86.0;0.0;0.0;14912.5;15290.5
-1;10691.0;14913.0;33.0;14912.0;64.0;0.0;0.0;14915.0;33.0;14916.0;64.0;0.0;0.0;14914.0;15163.75
-1;10692.0;14911.0;81.0;0.0;0.0;0.0;0.0;14914.0;81.0;0.0;0.0;0.0;0.0;14912.5;15414.5
-1;10693.0;14913.0;102.0;0.0;0.0;0.0;0.0;14916.0;102.0;0.0;0.0;0.0;0.0;14914.5;15089.5
-1;10694.0;14911.0;95.0;0.0;0.0;0.0;0.0;14914.0;95.0;0.0;0.0;0.0;0.0;14912.5;15479.75
-1;10695.0;14908.0;99.0;0.0;0.0;0.0;0.0;14911.0;99.0;0.0;0.0;0.0;0.0;14909.5;16011.75
-1;10696.0;14906.0;99.0;0.0;0.0;0.0;0.0;14909.0;34.0;14910.0;65.0;0.0;0.0;14907.5;16253.0
-1;10697.0;14911.0;97.0;0.0;0.0;0.0;0.0;14914.0;97.0;0.0;0.0;0.0;0.0;14912.5;15421.5
-1;10698.0;14911.0;32.0;14910.0;52.0;0.0;0.0;14914.0;84.0;0.0;0.0;0.0;0.0;14912.5;15499.75
-1;10699.0;14910.0;87.0;0.0;0.0;0.0;0.0;14913.0;87.0;0.0;0.0;0.0;0.0;14911.5;15578.0
-1;10700.0;14911.0;76.0;0.0;0.0;0.0;0.0;14914.0;76.0;0.0;0.0;0.0;0.0;14912.5;15445.25
-1;10701.0;14912.0;94.0;0.0;0.0;0.0;0.0;14915.0;94.0;0.0;0.0;0.0;0.0;14913.5;15303.75
-1;10702.0;14913.0;104.0;0.0;0.0;0.0;0.0;14916.0;104.0;0.0;0.0;0.0;0.0;14914.5;15105.5
-1;10703.0;14909.0;80.0;0.0;0.0;0.0;0.0;14912.0;80.0;0.0;0.0;0.0;0.0;14910.5;15737.75
-1;10704.0;14906.0;83.0;0.0;0.0;0.0;0.0;14909.0;83.0;0.0;0.0;0.0;0.0;14907.5;16366.75
-1;10705.0;14906.0;96.0;0.0;0.0;0.0;0.0;14909.0;96.0;0.0;0.0;0.0;0.0;14907.5;16328.25
-1;10706.0;14908.0;87.0;0.0;0.0;0.0;0.0;14911.0;87.0;0.0;0.0;0.0;0.0;14909.5;15975.75
-1;10707.0;14908.0;95.0;0.0;0.0;0.0;0.0;14911.0;95.0;0.0;0.0;0.0;0.0;14909.5;16004.25
-1;10708.0;14906.0;108.0;0.0;0.0;0.0;0.0;14909.0;108.0;0.0;0.0;0.0;0.0;14907.5;16300.25
-1;10709.0;14906.0;95.0;0.0;0.0;0.0;0.0;14909.0;95.0;0.0;0.0;0.0;0.0;14907.5;16284.0
-1;10710.0;14907.0;88.0;0.0;0.0;0.0;0.0;14908.0;24.0;14910.0;23.0;14911.0;65.0;14907.5;16079.5
-1;10711.0;14908.0;33.0;14907.0;61.0;0.0;0.0;14910.0;33.0;14911.0;61.0;0.0;0.0;14909.0;16045.75
-1;10712.0;14904.0;101.0;0.0;0.0;0.0;0.0;14907.0;101.0;0.0;0.0;0.0;0.0;14905.5;16698.25
-1;10713.0;14908.0;36.0;14907.0;75.0;0.0;0.0;14910.0;36.0;14911.0;75.0;0.0;0.0;14909.0;16039.25
-1;10714.0;14906.0;27.0;14905.0;60.0;0.0;0.0;14907.0;37.0;14909.0;87.0;0.0;0.0;14906.5;16369.25
-1;10715.0;14907.0;91.0;0.0;0.0;0.0;0.0;14910.0;91.0;0.0;0.0;0.0;0.0;14908.5;16123.0
-1;10716.0;14907.0;105.0;0.0;0.0;0.0;0.0;14910.0;105.0;0.0;0.0;0.0;0.0;14908.5;16114.0
-1;10717.0;14908.0;38.0;14907.0;64.0;0.0;0.0;14910.0;38.0;14911.0;64.0;0.0;0.0;14909.0;16054.0
-1;10718.0;14910.0;22.0;14909.0;73.0;0.0;0.0;14912.0;22.0;14913.0;73.0;0.0;0.0;14911.0;15710.25
-1;10719.0;14911.0;28.0;14910.0;65.0;0.0;0.0;14913.0;28.0;14914.0;65.0;0.0;0.0;14912.0;15524.0
-1;10720.0;14909.0;95.0;0.0;0.0;0.0;0.0;14912.0;95.0;0.0;0.0;0.0;0.0;14910.5;15742.75
-1;10721.0;14910.0;77.0;0.0;0.0;0.0;0.0;14913.0;77.0;0.0;0.0;0.0;0.0;14911.5;15639.0
-1;10722.0;14907.0;99.0;0.0;0.0;0.0;0.0;14910.0;29.0;14911.0;70.0;0.0;0.0;14908.5;16081.0
-1;10723.0;14904.0;96.0;0.0;0.0;0.0;0.0;14907.0;38.0;14908.0;58.0;0.0;0.0;14905.5;16597.25
-1;10724.0;14904.0;82.0;0.0;0.0;0.0;0.0;14907.0;82.0;0.0;0.0;0.0;0.0;14905.5;16653.5
-1;10725.0;14900.0;109.0;0.0;0.0;0.0;0.0;14903.0;109.0;0.0;0.0;0.0;0.0;14901.5;17324.0
-1;10726.0;14901.0;91.0;0.0;0.0;0.0;0.0;14904.0;91.0;0.0;0.0;0.0;0.0;14902.5;17139.0
-1;10727.0;14900.0;97.0;0.0;0.0;0.0;0.0;14903.0;97.0;0.0;0.0;0.0;0.0;14901.5;17320.0
-1;10728.0;14902.0;86.0;0.0;0.0;0.0;0.0;14905.0;86.0;0.0;0.0;0.0;0.0;14903.5;16989.75
-1;10729.0;14902.0;86.0;0.0;0.0;0.0;0.0;14905.0;86.0;0.0;0.0;0.0;0.0;14903.5;17016.75
-1;10730.0;14903.0;81.0;0.0;0.0;0.0;0.0;14906.0;81.0;0.0;0.0;0.0;0.0;14904.5;16888.25
-1;10731.0;14901.0;92.0;0.0;0.0;0.0;0.0;14904.0;92.0;0.0;0.0;0.0;0.0;14902.5;17139.75
-1;10732.0;14902.0;79.0;0.0;0.0;0.0;0.0;14905.0;79.0;0.0;0.0;0.0;0.0;14903.5;17010.25
-1;10733.0;14900.0;91.0;0.0;0.0;0.0;0.0;14903.0;91.0;0.0;0.0;0.0;0.0;14901.5;17340.0
-1;10734.0;14900.0;87.0;0.0;0.0;0.0;0.0;14903.0;87.0;0.0;0.0;0.0;0.0;14901.5;17323.5
-1;10735.0;14899.0;96.0;0.0;0.0;0.0;0.0;14902.0;22.0;14903.0;74.0;0.0;0.0;14900.5;17478.75
-1;10736.0;14903.0;25.0;14902.0;88.0;0.0;0.0;14905.0;88.0;0.0;0.0;0.0;0.0;14904.0;17045.5
-1;10737.0;14904.0;103.0;0.0;0.0;0.0;0.0;14907.0;103.0;0.0;0.0;0.0;0.0;14905.5;16627.25
-1;10738.0;14901.0;100.0;0.0;0.0;0.0;0.0;14904.0;100.0;0.0;0.0;0.0;0.0;14902.5;17241.75
-1;10739.0;14902.0;88.0;0.0;0.0;0.0;0.0;14905.0;88.0;0.0;0.0;0.0;0.0;14903.5;17027.0
-1;10740.0;14903.0;93.0;0.0;0.0;0.0;0.0;14906.0;93.0;0.0;0.0;0.0;0.0;14904.5;16848.75
-1;10741.0;14903.0;98.0;0.0;0.0;0.0;0.0;14906.0;98.0;0.0;0.0;0.0;0.0;14904.5;16828.5
-1;10742.0;14903.0;34.0;14902.0;67.0;0.0;0.0;14905.0;34.0;14906.0;67.0;0.0;0.0;14904.0;16915.75
-1;10743.0;14903.0;29.0;14902.0;61.0;0.0;0.0;14905.0;29.0;14906.0;61.0;0.0;0.0;14904.0;16933.25
-1;10744.0;14903.0;27.0;14902.0;53.0;0.0;0.0;14905.0;27.0;14906.0;53.0;0.0;0.0;14904.0;16930.0
-1;10745.0;14902.0;87.0;0.0;0.0;0.0;0.0;14905.0;21.0;14906.0;66.0;0.0;0.0;14903.5;16948.0
-1;10746.0;14906.0;83.0;0.0;0.0;0.0;0.0;14909.0;83.0;0.0;0.0;0.0;0.0;14907.5;16320.0
-1;10747.0;14912.0;22.0;14911.0;70.0;0.0;0.0;14914.0;22.0;14915.0;70.0;0.0;0.0;14913.0;15337.75
-1;10748.0;14912.0;39.0;14911.0;58.0;0.0;0.0;14913.0;24.0;14915.0;97.0;0.0;0.0;14912.5;15331.5
-1;10749.0;14907.0;24.0;14906.0;86.0;0.0;0.0;14909.0;86.0;0.0;0.0;0.0;0.0;14908.0;16290.25
-1;10750.0;14910.0;26.0;14909.0;73.0;0.0;0.0;14913.0;99.0;0.0;0.0;0.0;0.0;14911.5;15672.75
-1;10751.0;14913.0;35.0;14912.0;56.0;0.0;0.0;14916.0;91.0;0.0;0.0;0.0;0.0;14914.5;15133.25
-1;10752.0;14916.0;82.0;0.0;0.0;0.0;0.0;14919.0;82.0;0.0;0.0;0.0;0.0;14917.5;14554.5
-1;10753.0;14915.0;91.0;0.0;0.0;0.0;0.0;14918.0;91.0;0.0;0.0;0.0;0.0;14916.5;14677.75
-1;10754.0;14919.0;20.0;14918.0;65.0;0.0;0.0;14921.0;20.0;14922.0;65.0;0.0;0.0;14920.0;14098.75
-1;10755.0;14914.0;104.0;0.0;0.0;0.0;0.0;14915.0;24.0;14917.0;32.0;14918.0;72.0;14914.5;14831.75
-1;10756.0;14914.0;102.0;0.0;0.0;0.0;0.0;14917.0;102.0;0.0;0.0;0.0;0.0;14915.5;14849.25
-1;10757.0;14917.0;30.0;14916.0;73.0;0.0;0.0;14920.0;103.0;0.0;0.0;0.0;0.0;14918.5;14432.25
-1;10758.0;14917.0;79.0;0.0;0.0;0.0;0.0;14920.0;79.0;0.0;0.0;0.0;0.0;14918.5;14351.5
-1;10759.0;14916.0;96.0;0.0;0.0;0.0;0.0;14919.0;96.0;0.0;0.0;0.0;0.0;14917.5;14589.5
-1;10760.0;14915.0;81.0;0.0;0.0;0.0;0.0;14918.0;81.0;0.0;0.0;0.0;0.0;14916.5;14776.5
-1;10761.0;14915.0;99.0;0.0;0.0;0.0;0.0;14918.0;99.0;0.0;0.0;0.0;0.0;14916.5;14728.5
-1;10762.0;14914.0;85.0;0.0;0.0;0.0;0.0;14915.0;38.0;14917.0;20.0;14918.0;65.0;14914.5;14841.5
-1;10763.0;14908.0;90.0;0.0;0.0;0.0;0.0;14911.0;90.0;0.0;0.0;0.0;0.0;14909.5;15908.5
-1;10764.0;14909.0;21.0;14908.0;54.0;0.0;0.0;14911.0;21.0;14912.0;54.0;0.0;0.0;14910.0;15888.75
-1;10765.0;14910.0;94.0;0.0;0.0;0.0;0.0;14913.0;94.0;0.0;0.0;0.0;0.0;14911.5;15574.5
-1;10766.0;14912.0;5.0;14910.0;72.0;0.0;0.0;14913.0;72.0;0.0;0.0;0.0;0.0;14912.5;15586.5
-1;10767.0;14910.0;70.0;0.0;0.0;0.0;0.0;14913.0;70.0;0.0;0.0;0.0;0.0;14911.5;15649.0
-1;10768.0;14913.0;94.0;0.0;0.0;0.0;0.0;14916.0;94.0;0.0;0.0;0.0;0.0;14914.5;15024.25
-1;10769.0;14915.0;85.0;0.0;0.0;0.0;0.0;14918.0;85.0;0.0;0.0;0.0;0.0;14916.5;14755.75
-1;10770.0;14911.0;88.0;0.0;0.0;0.0;0.0;14914.0;88.0;0.0;0.0;0.0;0.0;14912.5;15482.25
-1;10771.0;14912.0;85.0;0.0;0.0;0.0;0.0;14915.0;85.0;0.0;0.0;0.0;0.0;14913.5;15282.75
-1;10772.0;14911.0;30.0;14910.0;74.0;0.0;0.0;14913.0;30.0;14914.0;74.0;0.0;0.0;14912.0;15512.75
-1;10773.0;14909.0;96.0;0.0;0.0;0.0;0.0;14912.0;96.0;0.0;0.0;0.0;0.0;14910.5;15829.5
-1;10774.0;14905.0;23.0;14904.0;70.0;0.0;0.0;14907.0;23.0;14908.0;70.0;0.0;0.0;14906.0;16586.75
-1;10775.0;14905.0;102.0;0.0;0.0;0.0;0.0;14908.0;102.0;0.0;0.0;0.0;0.0;14906.5;16533.5
-1;10776.0;14903.0;81.0;0.0;0.0;0.0;0.0;14906.0;81.0;0.0;0.0;0.0;0.0;14904.5;16816.75
-1;10777.0;14900.0;105.0;0.0;0.0;0.0;0.0;14901.0;22.0;14903.0;105.0;0.0;0.0;14900.5;17338.75
-1;10778.0;14900.0;32.0;14899.0;52.0;0.0;0.0;14902.0;32.0;14903.0;52.0;0.0;0.0;14901.0;17459.75
-1;10779.0;14901.0;78.0;0.0;0.0;0.0;0.0;14904.0;21.0;14905.0;57.0;0.0;0.0;14902.5;17136.0
-1;10780.0;14900.0;22.0;14899.0;54.0;0.0;0.0;14902.0;22.0;14903.0;54.0;0.0;0.0;14901.0;17462.75
-1;10781.0;14898.0;102.0;0.0;0.0;0.0;0.0;14901.0;102.0;0.0;0.0;0.0;0.0;14899.5;17770.75
-1;10782.0;14898.0;24.0;14897.0;65.0;0.0;0.0;14900.0;24.0;14901.0;65.0;0.0;0.0;14899.0;17840.5
-1;10783.0;14898.0;25.0;14897.0;53.0;0.0;0.0;14900.0;25.0;14901.0;53.0;0.0;0.0;14899.0;17821.25
-1;10784.0;14901.0;89.0;0.0;0.0;0.0;0.0;14904.0;89.0;0.0;0.0;0.0;0.0;14902.5;17191.25
-1;10785.0;14902.0;93.0;0.0;0.0;0.0;0.0;14905.0;93.0;0.0;0.0;0.0;0.0;14903.5;16963.25
-1;10786.0;14904.0;96.0;0.0;0.0;0.0;0.0;14905.0;31.0;14907.0;96.0;0.0;0.0;14904.5;16616.0
-1;10787.0;14901.0;91.0;0.0;0.0;0.0;0.0;14904.0;91.0;0.0;0.0;0.0;0.0;14902.5;17151.5
-1;10788.0;14901.0;35.0;14900.0;56.0;0.0;0.0;14903.0;35.0;14904.0;56.0;0.0;0.0;14902.0;17302.5
-1;10789.0;14901.0;34.0;14900.0;54.0;0.0;0.0;14904.0;88.0;0.0;0.0;0.0;0.0;14902.5;17264.25
-1;10790.0;14903.0;99.0;0.0;0.0;0.0;0.0;14906.0;99.0;0.0;0.0;0.0;0.0;14904.5;16795.75
-1;10791.0;14902.0;113.0;0.0;0.0;0.0;0.0;14905.0;113.0;0.0;0.0;0.0;0.0;14903.5;17065.25
-1;10792.0;14904.0;26.0;14903.0;90.0;0.0;0.0;14906.0;90.0;0.0;0.0;0.0;0.0;14905.0;16816.5
-1;10793.0;14906.0;20.0;14905.0;53.0;0.0;0.0;14908.0;20.0;14909.0;53.0;0.0;0.0;14907.0;16372.75
-1;10794.0;14905.0;38.0;14904.0;67.0;0.0;0.0;14907.0;38.0;14908.0;67.0;0.0;0.0;14906.0;16574.25
-1;10795.0;14905.0;100.0;0.0;0.0;0.0;0.0;14908.0;100.0;0.0;0.0;0.0;0.0;14906.5;16459.75
-1;10796.0;14902.0;91.0;0.0;0.0;0.0;0.0;14905.0;91.0;0.0;0.0;0.0;0.0;14903.5;17001.0
-1;10797.0;14901.0;98.0;0.0;0.0;0.0;0.0;14904.0;98.0;0.0;0.0;0.0;0.0;14902.5;17143.75
-1;10798.0;14900.0;33.0;14899.0;60.0;0.0;0.0;14902.0;33.0;14903.0;60.0;0.0;0.0;14901.0;17473.25
-1;10799.0;14896.0;112.0;0.0;0.0;0.0;0.0;14899.0;112.0;0.0;0.0;0.0;0.0;14897.5;18056.0
-1;10800.0;14898.0;90.0;0.0;0.0;0.0;0.0;14901.0;24.0;14902.0;66.0;0.0;0.0;14899.5;17678.5
-1;10801.0;14900.0;94.0;0.0;0.0;0.0;0.0;14903.0;94.0;0.0;0.0;0.0;0.0;14901.5;17392.0
-1;10802.0;14899.0;37.0;14898.0;70.0;0.0;0.0;14901.0;37.0;14902.0;70.0;0.0;0.0;14900.0;17642.25
-1;10803.0;14894.0;75.0;0.0;0.0;0.0;0.0;14897.0;75.0;0.0;0.0;0.0;0.0;14895.5;18501.0
-1;10804.0;14897.0;94.0;0.0;0.0;0.0;0.0;14900.0;94.0;0.0;0.0;0.0;0.0;14898.5;17930.5
-1;10805.0;14894.0;92.0;0.0;0.0;0.0;0.0;14897.0;92.0;0.0;0.0;0.0;0.0;14895.5;18416.75
-1;10806.0;14895.0;90.0;0.0;0.0;0.0;0.0;14898.0;90.0;0.0;0.0;0.0;0.0;14896.5;18231.0
-1;10807.0;14896.0;104.0;0.0;0.0;0.0;0.0;14899.0;37.0;14900.0;67.0;0.0;0.0;14897.5;18038.5
-1;10808.0;14897.0;91.0;0.0;0.0;0.0;0.0;14900.0;91.0;0.0;0.0;0.0;0.0;14898.5;17935.25
-1;10809.0;14897.0;36.0;14896.0;54.0;0.0;0.0;14899.0;36.0;14900.0;54.0;0.0;0.0;14898.0;18019.25
-1;10810.0;14899.0;81.0;0.0;0.0;0.0;0.0;14902.0;81.0;0.0;0.0;0.0;0.0;14900.5;17517.25
-1;10811.0;14900.0;88.0;0.0;0.0;0.0;0.0;14903.0;88.0;0.0;0.0;0.0;0.0;14901.5;17349.0
-1;10812.0;14902.0;97.0;0.0;0.0;0.0;0.0;14905.0;97.0;0.0;0.0;0.0;0.0;14903.5;17003.75
-1;10813.0;14903.0;26.0;14902.0;74.0;0.0;0.0;14905.0;26.0;14906.0;74.0;0.0;0.0;14904.0;16939.75
-1;10814.0;14899.0;21.0;14898.0;54.0;0.0;0.0;14902.0;75.0;0.0;0.0;0.0;0.0;14900.5;17620.75
-1;10815.0;14899.0;37.0;14898.0;75.0;0.0;0.0;14901.0;37.0;14902.0;75.0;0.0;0.0;14900.0;17656.75
-1;10816.0;14901.0;81.0;0.0;0.0;0.0;0.0;14904.0;81.0;0.0;0.0;0.0;0.0;14902.5;17174.25
-1;10817.0;14902.0;93.0;0.0;0.0;0.0;0.0;14903.0;25.0;14905.0;93.0;0.0;0.0;14902.5;17057.25
-1;10818.0;14901.0;84.0;0.0;0.0;0.0;0.0;14904.0;84.0;0.0;0.0;0.0;0.0;14902.5;17200.0
-1;10819.0;14900.0;104.0;0.0;0.0;0.0;0.0;14903.0;104.0;0.0;0.0;0.0;0.0;14901.5;17420.0
-1;10820.0;14901.0;32.0;14900.0;53.0;0.0;0.0;14904.0;85.0;0.0;0.0;0.0;0.0;14902.5;17262.75
-1;10821.0;14902.0;99.0;0.0;0.0;0.0;0.0;14905.0;99.0;0.0;0.0;0.0;0.0;14903.5;17013.0
-1;10822.0;14902.0;82.0;0.0;0.0;0.0;0.0;14905.0;82.0;0.0;0.0;0.0;0.0;14903.5;17027.5
-1;10823.0;14905.0;82.0;0.0;0.0;0.0;0.0;14908.0;82.0;0.0;0.0;0.0;0.0;14906.5;16428.25
-1;10824.0;14905.0;89.0;0.0;0.0;0.0;0.0;14908.0;89.0;0.0;0.0;0.0;0.0;14906.5;16507.25
-1;10825.0;14908.0;89.0;0.0;0.0;0.0;0.0;14911.0;89.0;0.0;0.0;0.0;0.0;14909.5;15877.0
-1;10826.0;14908.0;104.0;0.0;0.0;0.0;0.0;14911.0;104.0;0.0;0.0;0.0;0.0;14909.5;15951.25
-1;10827.0;14911.0;95.0;0.0;0.0;0.0;0.0;14914.0;95.0;0.0;0.0;0.0;0.0;14912.5;15417.0
-1;10828.0;14915.0;24.0;14914.0;56.0;0.0;0.0;14918.0;80.0;0.0;0.0;0.0;0.0;14916.5;14695.25
-1;10829.0;14915.0;84.0;0.0;0.0;0.0;0.0;14918.0;84.0;0.0;0.0;0.0;0.0;14916.5;14629.25
-1;10830.0;14915.0;21.0;14914.0;65.0;0.0;0.0;14917.0;21.0;14918.0;65.0;0.0;0.0;14916.0;14722.25
-1;10831.0;14915.0;20.0;14914.0;71.0;0.0;0.0;14918.0;91.0;0.0;0.0;0.0;0.0;14916.5;14702.25
-1;10832.0;14913.0;91.0;0.0;0.0;0.0;0.0;14916.0;91.0;0.0;0.0;0.0;0.0;14914.5;14970.5
-1;10833.0;14911.0;97.0;0.0;0.0;0.0;0.0;14914.0;97.0;0.0;0.0;0.0;0.0;14912.5;15417.0
-1;10834.0;14914.0;104.0;0.0;0.0;0.0;0.0;14917.0;31.0;14918.0;73.0;0.0;0.0;14915.5;14749.5
-1;10835.0;14918.0;37.0;14917.0;66.0;0.0;0.0;14921.0;103.0;0.0;0.0;0.0;0.0;14919.5;14136.5
-1;10836.0;14921.0;76.0;0.0;0.0;0.0;0.0;14924.0;76.0;0.0;0.0;0.0;0.0;14922.5;13557.25
-1;10837.0;14921.0;24.0;14920.0;74.0;0.0;0.0;14923.0;24.0;14924.0;74.0;0.0;0.0;14922.0;13615.0
-1;10838.0;14921.0;27.0;14920.0;72.0;0.0;0.0;14922.0;29.0;14923.0;27.0;14924.0;72.0;14921.5;13606.25
-1;10839.0;14918.0;90.0;0.0;0.0;0.0;0.0;14921.0;90.0;0.0;0.0;0.0;0.0;14919.5;14031.25
-1;10840.0;14915.0;88.0;0.0;0.0;0.0;0.0;14918.0;88.0;0.0;0.0;0.0;0.0;14916.5;14656.25
-1;10841.0;14913.0;89.0;0.0;0.0;0.0;0.0;14916.0;89.0;0.0;0.0;0.0;0.0;14914.5;14963.75
-1;10842.0;14909.0;84.0;0.0;0.0;0.0;0.0;14912.0;84.0;0.0;0.0;0.0;0.0;14910.5;15717.0
-1;10843.0;14912.0;32.0;14911.0;58.0;0.0;0.0;14914.0;32.0;14915.0;58.0;0.0;0.0;14913.0;15276.75
-1;10844.0;14910.0;89.0;0.0;0.0;0.0;0.0;14913.0;89.0;0.0;0.0;0.0;0.0;14911.5;15523.25
-1;10845.0;14911.0;28.0;14910.0;52.0;0.0;0.0;14914.0;80.0;0.0;0.0;0.0;0.0;14912.5;15442.25
-1;10846.0;14913.0;96.0;0.0;0.0;0.0;0.0;14916.0;96.0;0.0;0.0;0.0;0.0;14914.5;14969.75
-1;10847.0;14915.0;94.0;0.0;0.0;0.0;0.0;14918.0;94.0;0.0;0.0;0.0;0.0;14916.5;14596.75
-1;10848.0;14916.0;94.0;0.0;0.0;0.0;0.0;14919.0;39.0;14920.0;55.0;0.0;0.0;14917.5;14391.75
-1;10849.0;14914.0;86.0;0.0;0.0;0.0;0.0;14917.0;86.0;0.0;0.0;0.0;0.0;14915.5;14847.0
-1;10850.0;14914.0;92.0;0.0;0.0;0.0;0.0;14917.0;32.0;14918.0;60.0;0.0;0.0;14915.5;14750.0
-1;10851.0;14914.0;91.0;0.0;0.0;0.0;0.0;14917.0;91.0;0.0;0.0;0.0;0.0;14915.5;14806.25
-1;10852.0;14919.0;90.0;0.0;0.0;0.0;0.0;14922.0;90.0;0.0;0.0;0.0;0.0;14920.5;13902.75
-1;10853.0;14919.0;96.0;0.0;0.0;0.0;0.0;14922.0;96.0;0.0;0.0;0.0;0.0;14920.5;13876.5
-1;10854.0;14917.0;22.0;14916.0;74.0;0.0;0.0;14919.0;22.0;14920.0;74.0;0.0;0.0;14918.0;14340.0
-1;10855.0;14918.0;93.0;0.0;0.0;0.0;0.0;14921.0;93.0;0.0;0.0;0.0;0.0;14919.5;14135.75
-1;10856.0;14916.0;90.0;0.0;0.0;0.0;0.0;14919.0;90.0;0.0;0.0;0.0;0.0;14917.5;14500.75
-1;10857.0;14918.0;26.0;14917.0;71.0;0.0;0.0;14920.0;26.0;14921.0;71.0;0.0;0.0;14919.0;14189.25
-1;10858.0;14917.0;101.0;0.0;0.0;0.0;0.0;14920.0;101.0;0.0;0.0;0.0;0.0;14918.5;14225.0
-1;10859.0;14919.0;81.0;0.0;0.0;0.0;0.0;14922.0;81.0;0.0;0.0;0.0;0.0;14920.5;13858.0
-1;10860.0;14916.0;98.0;0.0;0.0;0.0;0.0;14919.0;98.0;0.0;0.0;0.0;0.0;14917.5;14404.5
-1;10861.0;14916.0;21.0;14915.0;55.0;0.0;0.0;14918.0;21.0;14919.0;55.0;0.0;0.0;14917.0;14565.5
-1;10862.0;14913.0;26.0;14912.0;92.0;0.0;0.0;14915.0;92.0;0.0;0.0;0.0;0.0;14914.0;15155.0
-1;10863.0;14913.0;34.0;14912.0;50.0;0.0;0.0;14914.0;33.0;14915.0;34.0;14916.0;50.0;14913.5;15095.25
-1;10864.0;14908.0;39.0;14907.0;64.0;0.0;0.0;14910.0;39.0;14911.0;64.0;0.0;0.0;14909.0;16063.5
-1;10865.0;14906.0;97.0;0.0;0.0;0.0;0.0;14909.0;97.0;0.0;0.0;0.0;0.0;14907.5;16350.5
-1;10866.0;14907.0;91.0;0.0;0.0;0.0;0.0;14910.0;91.0;0.0;0.0;0.0;0.0;14908.5;16174.75
-1;10867.0;14907.0;22.0;14906.0;74.0;0.0;0.0;14909.0;22.0;14910.0;74.0;0.0;0.0;14908.0;16231.0
-1;10868.0;14905.0;94.0;0.0;0.0;0.0;0.0;14908.0;94.0;0.0;0.0;0.0;0.0;14906.5;16488.5
-1;10869.0;14903.0;40.0;14902.0;74.0;0.0;0.0;14905.0;40.0;14906.0;74.0;0.0;0.0;14904.0;17003.75
-1;10870.0;14901.0;82.0;0.0;0.0;0.0;0.0;14904.0;82.0;0.0;0.0;0.0;0.0;14902.5;17295.0
-1;10871.0;14901.0;77.0;0.0;0.0;0.0;0.0;14902.0;38.0;14904.0;77.0;0.0;0.0;14901.5;17242.75
-1;10872.0;14904.0;87.0;0.0;0.0;0.0;0.0;14907.0;87.0;0.0;0.0;0.0;0.0;14905.5;16764.5
-1;10873.0;14909.0;95.0;0.0;0.0;0.0;0.0;14912.0;95.0;0.0;0.0;0.0;0.0;14910.5;15726.75
-1;10874.0;14908.0;21.0;14907.0;52.0;0.0;0.0;14911.0;73.0;0.0;0.0;0.0;0.0;14909.5;16024.0
-1;10875.0;14911.0;40.0;14910.0;55.0;0.0;0.0;14913.0;40.0;14914.0;55.0;0.0;0.0;14912.0;15507.0
-1;10876.0;14912.0;97.0;0.0;0.0;0.0;0.0;14915.0;97.0;0.0;0.0;0.0;0.0;14913.5;15225.75
-1;10877.0;14914.0;83.0;0.0;0.0;0.0;0.0;14917.0;83.0;0.0;0.0;0.0;0.0;14915.5;14816.25
-1;10878.0;14914.0;84.0;0.0;0.0;0.0;0.0;14917.0;30.0;14918.0;54.0;0.0;0.0;14915.5;14762.5
-1;10879.0;14914.0;39.0;14913.0;60.0;0.0;0.0;14916.0;39.0;14917.0;60.0;0.0;0.0;14915.0;14906.75
-1;10880.0;14915.0;90.0;0.0;0.0;0.0;0.0;14918.0;90.0;0.0;0.0;0.0;0.0;14916.5;14649.75
-1;10881.0;14913.0;72.0;0.0;0.0;0.0;0.0;14916.0;72.0;0.0;0.0;0.0;0.0;14914.5;14988.25
-1;10882.0;14912.0;22.0;14911.0;52.0;0.0;0.0;14914.0;22.0;14915.0;52.0;0.0;0.0;14913.0;15289.25
-1;10883.0;14909.0;104.0;0.0;0.0;0.0;0.0;14912.0;104.0;0.0;0.0;0.0;0.0;14910.5;15718.5
-1;10884.0;14911.0;24.0;14910.0;64.0;0.0;0.0;14913.0;24.0;14914.0;64.0;0.0;0.0;14912.0;15471.5
-1;10885.0;14914.0;85.0;0.0;0.0;0.0;0.0;14917.0;24.0;14918.0;61.0;0.0;0.0;14915.5;14763.75
-1;10886.0;14912.0;107.0;0.0;0.0;0.0;0.0;14915.0;107.0;0.0;0.0;0.0;0.0;14913.5;15212.75
-1;10887.0;14913.0;83.0;0.0;0.0;0.0;0.0;14916.0;83.0;0.0;0.0;0.0;0.0;14914.5;15026.0
-1;10888.0;14913.0;86.0;0.0;0.0;0.0;0.0;14916.0;86.0;0.0;0.0;0.0;0.0;14914.5;15061.0
-1;10889.0;14914.0;24.0;14913.0;104.0;0.0;0.0;14916.0;104.0;0.0;0.0;0.0;0.0;14915.0;15026.0
-1;10890.0;14910.0;78.0;0.0;0.0;0.0;0.0;14913.0;78.0;0.0;0.0;0.0;0.0;14911.5;15591.5
-1;10891.0;14903.0;84.0;0.0;0.0;0.0;0.0;14906.0;25.0;14907.0;59.0;0.0;0.0;14904.5;16836.0
-1;10892.0;14899.0;26.0;14898.0;53.0;0.0;0.0;14901.0;26.0;14902.0;53.0;0.0;0.0;14900.0;17743.75
-1;10893.0;14900.0;111.0;0.0;0.0;0.0;0.0;14903.0;111.0;0.0;0.0;0.0;0.0;14901.5;17505.0
-1;10894.0;14898.0;81.0;0.0;0.0;0.0;0.0;14901.0;81.0;0.0;0.0;0.0;0.0;14899.5;17864.0
-1;10895.0;14900.0;85.0;0.0;0.0;0.0;0.0;14903.0;85.0;0.0;0.0;0.0;0.0;14901.5;17393.5
-1;10896.0;14902.0;111.0;0.0;0.0;0.0;0.0;14905.0;111.0;0.0;0.0;0.0;0.0;14903.5;17097.25
-1;10897.0;14903.0;63.0;14902.0;50.0;0.0;0.0;14905.0;37.0;14906.0;50.0;0.0;0.0;14904.0;16978.0
-1;10898.0;14904.0;26.0;14903.0;50.0;0.0;0.0;14907.0;76.0;0.0;0.0;0.0;0.0;14905.5;16746.75
-1;10899.0;14904.0;87.0;0.0;0.0;0.0;0.0;14907.0;87.0;0.0;0.0;0.0;0.0;14905.5;16646.5
-1;10900.0;14907.0;79.0;0.0;0.0;0.0;0.0;14910.0;79.0;0.0;0.0;0.0;0.0;14908.5;16135.0
-1;10901.0;14908.0;101.0;0.0;0.0;0.0;0.0;14911.0;101.0;0.0;0.0;0.0;0.0;14909.5;15865.25
-1;10902.0;14911.0;28.0;14910.0;50.0;0.0;0.0;14914.0;78.0;0.0;0.0;0.0;0.0;14912.5;15415.5
-1;10903.0;14907.0;94.0;0.0;0.0;0.0;0.0;14910.0;94.0;0.0;0.0;0.0;0.0;14908.5;16089.75
-1;10904.0;14904.0;24.0;14903.0;50.0;0.0;0.0;14907.0;74.0;0.0;0.0;0.0;0.0;14905.5;16752.0
-1;10905.0;14906.0;101.0;0.0;0.0;0.0;0.0;14909.0;101.0;0.0;0.0;0.0;0.0;14907.5;16304.5
-1;10906.0;14902.0;81.0;0.0;0.0;0.0;0.0;14905.0;81.0;0.0;0.0;0.0;0.0;14903.5;17022.75
-1;10907.0;14903.0;79.0;0.0;0.0;0.0;0.0;14906.0;79.0;0.0;0.0;0.0;0.0;14904.5;16838.75
-1;10908.0;14903.0;27.0;14902.0;59.0;0.0;0.0;14905.0;27.0;14906.0;59.0;0.0;0.0;14904.0;16970.75
-1;10909.0;14904.0;27.0;14903.0;63.0;0.0;0.0;14906.0;27.0;14907.0;63.0;0.0;0.0;14905.0;16788.5
-1;10910.0;14901.0;22.0;14900.0;61.0;0.0;0.0;14904.0;83.0;0.0;0.0;0.0;0.0;14902.5;17319.75
-1;10911.0;14900.0;78.0;0.0;0.0;0.0;0.0;14903.0;78.0;0.0;0.0;0.0;0.0;14901.5;17401.25
-1;10912.0;14899.0;110.0;0.0;0.0;0.0;0.0;14902.0;110.0;0.0;0.0;0.0;0.0;14900.5;17639.5
-1;10913.0;14899.0;102.0;0.0;0.0;0.0;0.0;14902.0;102.0;0.0;0.0;0.0;0.0;14900.5;17646.0
-1;10914.0;14899.0;96.0;0.0;0.0;0.0;0.0;14902.0;96.0;0.0;0.0;0.0;0.0;14900.5;17589.0
-1;10915.0;14896.0;107.0;0.0;0.0;0.0;0.0;14899.0;107.0;0.0;0.0;0.0;0.0;14897.5;18166.0
-1;10916.0;14900.0;33.0;14899.0;64.0;0.0;0.0;14902.0;33.0;14903.0;64.0;0.0;0.0;14901.0;17564.5
-1;10917.0;14900.0;33.0;14899.0;65.0;0.0;0.0;14902.0;33.0;14903.0;65.0;0.0;0.0;14901.0;17545.5
-1;10918.0;14898.0;102.0;0.0;0.0;0.0;0.0;14901.0;102.0;0.0;0.0;0.0;0.0;14899.5;17819.25
-1;10919.0;14903.0;36.0;14902.0;54.0;0.0;0.0;14906.0;90.0;0.0;0.0;0.0;0.0;14904.5;16942.25
-1;10920.0;14905.0;80.0;0.0;0.0;0.0;0.0;14908.0;80.0;0.0;0.0;0.0;0.0;14906.5;16552.75
-1;10921.0;14903.0;84.0;0.0;0.0;0.0;0.0;14906.0;84.0;0.0;0.0;0.0;0.0;14904.5;16934.75
-1;10922.0;14902.0;87.0;0.0;0.0;0.0;0.0;14905.0;87.0;0.0;0.0;0.0;0.0;14903.5;17105.25
-1;10923.0;14899.0;115.0;0.0;0.0;0.0;0.0;14902.0;115.0;0.0;0.0;0.0;0.0;14900.5;17598.5
-1;10924.0;14898.0;20.0;14897.0;51.0;0.0;0.0;14900.0;20.0;14901.0;51.0;0.0;0.0;14899.0;17913.5
-1;10925.0;14898.0;98.0;0.0;0.0;0.0;0.0;14901.0;98.0;0.0;0.0;0.0;0.0;14899.5;17809.25
-1;10926.0;14900.0;84.0;0.0;0.0;0.0;0.0;14903.0;84.0;0.0;0.0;0.0;0.0;14901.5;17451.75
-1;10927.0;14902.0;108.0;0.0;0.0;0.0;0.0;14905.0;108.0;0.0;0.0;0.0;0.0;14903.5;17099.5
-1;10928.0;14901.0;91.0;0.0;0.0;0.0;0.0;14904.0;91.0;0.0;0.0;0.0;0.0;14902.5;17314.5
-1;10929.0;14905.0;26.0;14904.0;67.0;0.0;0.0;14908.0;93.0;0.0;0.0;0.0;0.0;14906.5;16558.25
-1;10930.0;14905.0;86.0;0.0;0.0;0.0;0.0;14908.0;86.0;0.0;0.0;0.0;0.0;14906.5;16444.75
-1;10931.0;14908.0;99.0;0.0;0.0;0.0;0.0;14911.0;99.0;0.0;0.0;0.0;0.0;14909.5;15914.5
-1;10932.0;14909.0;35.0;14908.0;35.0;14907.0;67.0;14911.0;102.0;0.0;0.0;0.0;0.0;14910.0;15990.75
-1;10933.0;14908.0;24.0;14907.0;88.0;0.0;0.0;14910.0;88.0;0.0;0.0;0.0;0.0;14909.0;16096.0
-1;10934.0;14908.0;73.0;0.0;0.0;0.0;0.0;14911.0;73.0;0.0;0.0;0.0;0.0;14909.5;15869.25
-1;10935.0;14907.0;88.0;0.0;0.0;0.0;0.0;14910.0;88.0;0.0;0.0;0.0;0.0;14908.5;16098.0
-1;10936.0;14908.0;80.0;0.0;0.0;0.0;0.0;14911.0;80.0;0.0;0.0;0.0;0.0;14909.5;15896.0
-1;10937.0;14905.0;108.0;0.0;0.0;0.0;0.0;14908.0;108.0;0.0;0.0;0.0;0.0;14906.5;16473.75
-1;10938.0;14906.0;86.0;0.0;0.0;0.0;0.0;14909.0;86.0;0.0;0.0;0.0;0.0;14907.5;16350.75
-1;10939.0;14908.0;104.0;0.0;0.0;0.0;0.0;14911.0;104.0;0.0;0.0;0.0;0.0;14909.5;15875.75
-1;10940.0;14907.0;104.0;0.0;0.0;0.0;0.0;14910.0;35.0;14911.0;69.0;0.0;0.0;14908.5;16052.25
-1;10941.0;14905.0;21.0;14904.0;58.0;0.0;0.0;14907.0;21.0;14908.0;58.0;0.0;0.0;14906.0;16580.5
-1;10942.0;14903.0;96.0;0.0;0.0;0.0;0.0;14906.0;96.0;0.0;0.0;0.0;0.0;14904.5;16877.0
-1;10943.0;14905.0;92.0;0.0;0.0;0.0;0.0;14908.0;92.0;0.0;0.0;0.0;0.0;14906.5;16549.25
-1;10944.0;14905.0;38.0;14904.0;64.0;0.0;0.0;14908.0;102.0;0.0;0.0;0.0;0.0;14906.5;16571.5
-1;10945.0;14906.0;22.0;14905.0;61.0;0.0;0.0;14909.0;83.0;0.0;0.0;0.0;0.0;14907.5;16380.25
-1;10946.0;14906.0;90.0;0.0;0.0;0.0;0.0;14909.0;90.0;0.0;0.0;0.0;0.0;14907.5;16330.75
-1;10947.0;14907.0;23.0;14906.0;66.0;0.0;0.0;14909.0;23.0;14910.0;66.0;0.0;0.0;14908.0;16198.5
-1;10948.0;14907.0;85.0;0.0;0.0;0.0;0.0;14910.0;85.0;0.0;0.0;0.0;0.0;14908.5;16066.5
-1;10949.0;14910.0;38.0;14909.0;85.0;0.0;0.0;14912.0;85.0;0.0;0.0;0.0;0.0;14911.0;15717.5
-1;10950.0;14907.0;31.0;14906.0;60.0;0.0;0.0;14910.0;91.0;0.0;0.0;0.0;0.0;14908.5;16184.75
-1;10951.0;14910.0;87.0;0.0;0.0;0.0;0.0;14913.0;87.0;0.0;0.0;0.0;0.0;14911.5;15555.75
-1;10952.0;14912.0;27.0;14911.0;59.0;0.0;0.0;14914.0;27.0;14915.0;59.0;0.0;0.0;14913.0;15271.75
-1;10953.0;14909.0;24.0;14908.0;58.0;0.0;0.0;14911.0;24.0;14912.0;58.0;0.0;0.0;14910.0;15821.25
-1;10954.0;14914.0;99.0;0.0;0.0;0.0;0.0;14917.0;40.0;14918.0;59.0;0.0;0.0;14915.5;14718.25
-1;10955.0;14914.0;96.0;0.0;0.0;0.0;0.0;14917.0;96.0;0.0;0.0;0.0;0.0;14915.5;14771.25
-1;10956.0;14910.0;25.0;14909.0;67.0;0.0;0.0;14911.0;30.0;14913.0;92.0;0.0;0.0;14910.5;15610.5
-1;10957.0;14907.0;79.0;0.0;0.0;0.0;0.0;14910.0;79.0;0.0;0.0;0.0;0.0;14908.5;16148.5
-1;10958.0;14908.0;99.0;0.0;0.0;0.0;0.0;14911.0;99.0;0.0;0.0;0.0;0.0;14909.5;15906.0
-1;10959.0;14908.0;80.0;0.0;0.0;0.0;0.0;14909.0;32.0;14911.0;22.0;14912.0;58.0;14908.5;15857.75
-1;10960.0;14907.0;89.0;0.0;0.0;0.0;0.0;14910.0;89.0;0.0;0.0;0.0;0.0;14908.5;16164.0
-1;10961.0;14910.0;31.0;14909.0;55.0;0.0;0.0;14912.0;31.0;14913.0;55.0;0.0;0.0;14911.0;15618.25
-1;10962.0;14911.0;89.0;0.0;0.0;0.0;0.0;14914.0;89.0;0.0;0.0;0.0;0.0;14912.5;15324.5
-1;10963.0;14912.0;39.0;14911.0;59.0;0.0;0.0;14914.0;39.0;14915.0;59.0;0.0;0.0;14913.0;15262.5
-1;10964.0;14912.0;89.0;0.0;0.0;0.0;0.0;14915.0;89.0;0.0;0.0;0.0;0.0;14913.5;15143.0
-1;10965.0;14912.0;79.0;0.0;0.0;0.0;0.0;14915.0;79.0;0.0;0.0;0.0;0.0;14913.5;15206.25
-1;10966.0;14915.0;27.0;14914.0;68.0;0.0;0.0;14917.0;27.0;14918.0;68.0;0.0;0.0;14916.0;14693.5
-1;10967.0;14913.0;32.0;14912.0;75.0;0.0;0.0;14915.0;32.0;14916.0;75.0;0.0;0.0;14914.0;15070.0
-1;10968.0;14912.0;89.0;0.0;0.0;0.0;0.0;14915.0;89.0;0.0;0.0;0.0;0.0;14913.5;15121.0
-1;10969.0;14913.0;23.0;14912.0;57.0;0.0;0.0;14916.0;80.0;0.0;0.0;0.0;0.0;14914.5;15029.0
-1;10970.0;14916.0;33.0;14915.0;101.0;0.0;0.0;14918.0;38.0;14919.0;63.0;0.0;0.0;14917.0;14525.25
-1;10971.0;14913.0;105.0;0.0;0.0;0.0;0.0;14916.0;105.0;0.0;0.0;0.0;0.0;14914.5;14975.0
-1;10972.0;14912.0;97.0;0.0;0.0;0.0;0.0;14915.0;97.0;0.0;0.0;0.0;0.0;14913.5;15215.25
-1;10973.0;14912.0;99.0;0.0;0.0;0.0;0.0;14915.0;99.0;0.0;0.0;0.0;0.0;14913.5;15207.75
-1;10974.0;14911.0;83.0;0.0;0.0;0.0;0.0;14914.0;83.0;0.0;0.0;0.0;0.0;14912.5;15397.75
-1;10975.0;14914.0;25.0;14913.0;62.0;0.0;0.0;14915.0;31.0;14916.0;25.0;14917.0;62.0;14914.5;14860.25
-1;10976.0;14914.0;20.0;14913.0;63.0;0.0;0.0;14916.0;20.0;14917.0;63.0;0.0;0.0;14915.0;14853.5
-1;10977.0;14915.0;95.0;0.0;0.0;0.0;0.0;14918.0;95.0;0.0;0.0;0.0;0.0;14916.5;14534.0
-1;10978.0;14915.0;101.0;0.0;0.0;0.0;0.0;14918.0;101.0;0.0;0.0;0.0;0.0;14916.5;14631.0
-1;10979.0;14917.0;39.0;14916.0;29.0;14915.0;62.0;14918.0;29.0;14919.0;62.0;0.0;0.0;14917.5;14479.5
-1;10980.0;14916.0;80.0;0.0;0.0;0.0;0.0;14919.0;80.0;0.0;0.0;0.0;0.0;14917.5;14344.5
-1;10981.0;14915.0;22.0;14914.0;60.0;0.0;0.0;14918.0;82.0;0.0;0.0;0.0;0.0;14916.5;14650.0
-1;10982.0;14914.0;77.0;0.0;0.0;0.0;0.0;14917.0;23.0;14918.0;54.0;0.0;0.0;14915.5;14712.25
-1;10983.0;14913.0;24.0;14912.0;50.0;0.0;0.0;14915.0;24.0;14916.0;50.0;0.0;0.0;14914.0;15082.75
-1;10984.0;14912.0;86.0;0.0;0.0;0.0;0.0;14915.0;34.0;14916.0;52.0;0.0;0.0;14913.5;15099.25
-1;10985.0;14913.0;25.0;14912.0;84.0;0.0;0.0;14915.0;84.0;0.0;0.0;0.0;0.0;14914.0;15176.5
-1;10986.0;14915.0;77.0;0.0;0.0;0.0;0.0;14918.0;77.0;0.0;0.0;0.0;0.0;14916.5;14557.25
-1;10987.0;14919.0;89.0;0.0;0.0;0.0;0.0;14922.0;89.0;0.0;0.0;0.0;0.0;14920.5;13828.25
-1;10988.0;14918.0;93.0;0.0;0.0;0.0;0.0;14921.0;20.0;14922.0;73.0;0.0;0.0;14919.5;13948.75
-1;10989.0;14916.0;82.0;0.0;0.0;0.0;0.0;14919.0;82.0;0.0;0.0;0.0;0.0;14917.5;14403.0
-1;10990.0;14920.0;88.0;0.0;0.0;0.0;0.0;14923.0;88.0;0.0;0.0;0.0;0.0;14921.5;13687.75
-1;10991.0;14925.0;103.0;0.0;0.0;0.0;0.0;14928.0;103.0;0.0;0.0;0.0;0.0;14926.5;12698.0
-1;10992.0;14926.0;22.0;14925.0;104.0;0.0;0.0;14928.0;104.0;0.0;0.0;0.0;0.0;14927.0;12637.5
-1;10993.0;14923.0;73.0;0.0;0.0;0.0;0.0;14926.0;20.0;14927.0;53.0;0.0;0.0;14924.5;12990.25
-1;10994.0;14923.0;103.0;0.0;0.0;0.0;0.0;14926.0;103.0;0.0;0.0;0.0;0.0;14924.5;13052.5
-1;10995.0;14923.0;37.0;14922.0;50.0;0.0;0.0;14925.0;37.0;14926.0;50.0;0.0;0.0;14924.0;13169.75
-1;10996.0;14925.0;21.0;14924.0;73.0;0.0;0.0;14928.0;94.0;0.0;0.0;0.0;0.0;14926.5;12735.0
-1;10997.0;14925.0;104.0;0.0;0.0;0.0;0.0;14928.0;104.0;0.0;0.0;0.0;0.0;14926.5;12620.25
-1;10998.0;14924.0;34.0;14923.0;72.0;0.0;0.0;14927.0;106.0;0.0;0.0;0.0;0.0;14925.5;12936.25
-1;10999.0;14928.0;83.0;0.0;0.0;0.0;0.0;14931.0;32.0;14932.0;51.0;0.0;0.0;14929.5;12042.0
-1;11000.0;14929.0;88.0;0.0;0.0;0.0;0.0;14932.0;29.0;14933.0;59.0;0.0;0.0;14930.5;11845.25
-1;11001.0;14929.0;110.0;0.0;0.0;0.0;0.0;14932.0;39.0;14933.0;71.0;0.0;0.0;14930.5;11849.5
-1;11002.0;14928.0;101.0;0.0;0.0;0.0;0.0;14929.0;34.0;14931.0;101.0;0.0;0.0;14928.5;12048.5
-1;11003.0;14930.0;35.0;14929.0;75.0;0.0;0.0;14932.0;35.0;14933.0;75.0;0.0;0.0;14931.0;11832.0
-1;11004.0;14932.0;88.0;0.0;0.0;0.0;0.0;14935.0;88.0;0.0;0.0;0.0;0.0;14933.5;11323.75
-1;11005.0;14937.0;84.0;0.0;0.0;0.0;0.0;14940.0;84.0;0.0;0.0;0.0;0.0;14938.5;10389.0
-1;11006.0;14938.0;92.0;0.0;0.0;0.0;0.0;14941.0;92.0;0.0;0.0;0.0;0.0;14939.5;10171.75
-1;11007.0;14938.0;98.0;0.0;0.0;0.0;0.0;14941.0;98.0;0.0;0.0;0.0;0.0;14939.5;10243.25
-1;11008.0;14936.0;95.0;0.0;0.0;0.0;0.0;14939.0;95.0;0.0;0.0;0.0;0.0;14937.5;10595.5
-1;11009.0;14936.0;2.0;14935.0;52.0;0.0;0.0;14938.0;25.0;14939.0;52.0;0.0;0.0;14937.0;10668.0
-1;11010.0;14935.0;75.0;0.0;0.0;0.0;0.0;14938.0;75.0;0.0;0.0;0.0;0.0;14936.5;10807.25
-1;11011.0;14938.0;88.0;0.0;0.0;0.0;0.0;14941.0;88.0;0.0;0.0;0.0;0.0;14939.5;10073.5
-1;11012.0;14938.0;91.0;0.0;0.0;0.0;0.0;14941.0;91.0;0.0;0.0;0.0;0.0;14939.5;10152.75
-1;11013.0;14938.0;30.0;14937.0;67.0;0.0;0.0;14941.0;97.0;0.0;0.0;0.0;0.0;14939.5;10189.0
-1;11014.0;14936.0;103.0;0.0;0.0;0.0;0.0;14939.0;103.0;0.0;0.0;0.0;0.0;14937.5;10580.25
-1;11015.0;14940.0;92.0;0.0;0.0;0.0;0.0;14943.0;92.0;0.0;0.0;0.0;0.0;14941.5;9705.0
-1;11016.0;14941.0;36.0;14940.0;68.0;0.0;0.0;14944.0;104.0;0.0;0.0;0.0;0.0;14942.5;9549.0
-1;11017.0;14941.0;29.0;14940.0;64.0;0.0;0.0;14943.0;29.0;14944.0;64.0;0.0;0.0;14942.0;9559.75
-1;11018.0;14939.0;110.0;0.0;0.0;0.0;0.0;14942.0;38.0;14943.0;72.0;0.0;0.0;14940.5;9827.75
-1;11019.0;14938.0;114.0;0.0;0.0;0.0;0.0;14939.0;22.0;14941.0;40.0;14942.0;74.0;14938.5;10039.75
-1;11020.0;14938.0;86.0;0.0;0.0;0.0;0.0;14941.0;86.0;0.0;0.0;0.0;0.0;14939.5;10152.5
-1;11021.0;14938.0;76.0;0.0;0.0;0.0;0.0;14941.0;76.0;0.0;0.0;0.0;0.0;14939.5;10158.25
-1;11022.0;14938.0;78.0;0.0;0.0;0.0;0.0;14941.0;78.0;0.0;0.0;0.0;0.0;14939.5;10177.0
-1;11023.0;14932.0;84.0;0.0;0.0;0.0;0.0;14935.0;23.0;14936.0;61.0;0.0;0.0;14933.5;11321.75
-1;11024.0;14933.0;77.0;0.0;0.0;0.0;0.0;14936.0;77.0;0.0;0.0;0.0;0.0;14934.5;11119.0
-1;11025.0;14935.0;95.0;0.0;0.0;0.0;0.0;14938.0;95.0;0.0;0.0;0.0;0.0;14936.5;10768.5
-1;11026.0;14934.0;71.0;0.0;0.0;0.0;0.0;14937.0;21.0;14938.0;50.0;0.0;0.0;14935.5;10885.25
-1;11027.0;14932.0;30.0;14931.0;58.0;0.0;0.0;14934.0;30.0;14935.0;58.0;0.0;0.0;14933.0;11523.0
-1;11028.0;14933.0;38.0;14932.0;60.0;0.0;0.0;14935.0;38.0;14936.0;60.0;0.0;0.0;14934.0;11309.75
-1;11029.0;14930.0;33.0;14929.0;74.0;0.0;0.0;14932.0;33.0;14933.0;74.0;0.0;0.0;14931.0;11942.0
-1;11030.0;14931.0;90.0;0.0;0.0;0.0;0.0;14934.0;90.0;0.0;0.0;0.0;0.0;14932.5;11559.5
-1;11031.0;14932.0;21.0;14931.0;56.0;0.0;0.0;14935.0;77.0;0.0;0.0;0.0;0.0;14933.5;11471.0
-1;11032.0;14937.0;83.0;0.0;0.0;0.0;0.0;14940.0;31.0;14941.0;52.0;0.0;0.0;14938.5;10248.0
-1;11033.0;14938.0;91.0;0.0;0.0;0.0;0.0;14941.0;91.0;0.0;0.0;0.0;0.0;14939.5;10140.5
-1;11034.0;14939.0;77.0;0.0;0.0;0.0;0.0;14942.0;77.0;0.0;0.0;0.0;0.0;14940.5;9839.75
-1;11035.0;14940.0;32.0;14939.0;53.0;0.0;0.0;14942.0;32.0;14943.0;53.0;0.0;0.0;14941.0;9806.5
-1;11036.0;14940.0;90.0;0.0;0.0;0.0;0.0;14943.0;90.0;0.0;0.0;0.0;0.0;14941.5;9746.5
-1;11037.0;14936.0;98.0;0.0;0.0;0.0;0.0;14939.0;98.0;0.0;0.0;0.0;0.0;14937.5;10601.0
-1;11038.0;14935.0;95.0;0.0;0.0;0.0;0.0;14938.0;95.0;0.0;0.0;0.0;0.0;14936.5;10737.75
-1;11039.0;14935.0;108.0;0.0;0.0;0.0;0.0;14938.0;108.0;0.0;0.0;0.0;0.0;14936.5;10711.25
-1;11040.0;14932.0;99.0;0.0;0.0;0.0;0.0;14935.0;99.0;0.0;0.0;0.0;0.0;14933.5;11400.25
-1;11041.0;14935.0;63.0;14934.0;58.0;0.0;0.0;14937.0;23.0;14938.0;58.0;0.0;0.0;14936.0;10877.75
-1;11042.0;14934.0;88.0;0.0;0.0;0.0;0.0;14937.0;88.0;0.0;0.0;0.0;0.0;14935.5;10929.0
-1;11043.0;14937.0;102.0;0.0;0.0;0.0;0.0;14940.0;30.0;14941.0;72.0;0.0;0.0;14938.5;10248.25
-1;11044.0;14936.0;31.0;14935.0;62.0;0.0;0.0;14938.0;31.0;14939.0;62.0;0.0;0.0;14937.0;10642.5
-1;11045.0;14934.0;108.0;0.0;0.0;0.0;0.0;14937.0;39.0;14938.0;69.0;0.0;0.0;14935.5;10886.75
-1;11046.0;14933.0;105.0;0.0;0.0;0.0;0.0;14936.0;105.0;0.0;0.0;0.0;0.0;14934.5;11221.25
-1;11047.0;14934.0;30.0;14933.0;69.0;0.0;0.0;14936.0;30.0;14937.0;69.0;0.0;0.0;14935.0;11083.25
-1;11048.0;14932.0;95.0;0.0;0.0;0.0;0.0;14935.0;95.0;0.0;0.0;0.0;0.0;14933.5;11341.75
-1;11049.0;14932.0;95.0;0.0;0.0;0.0;0.0;14935.0;95.0;0.0;0.0;0.0;0.0;14933.5;11346.5
-1;11050.0;14933.0;90.0;0.0;0.0;0.0;0.0;14936.0;90.0;0.0;0.0;0.0;0.0;14934.5;11209.0
-1;11051.0;14935.0;85.0;0.0;0.0;0.0;0.0;14938.0;28.0;14939.0;57.0;0.0;0.0;14936.5;10682.25
-1;11052.0;14941.0;27.0;14940.0;52.0;0.0;0.0;14943.0;27.0;14944.0;52.0;0.0;0.0;14942.0;9564.0
-1;11053.0;14943.0;112.0;0.0;0.0;0.0;0.0;14946.0;112.0;0.0;0.0;0.0;0.0;14944.5;9094.25
-1;11054.0;14943.0;97.0;0.0;0.0;0.0;0.0;14946.0;97.0;0.0;0.0;0.0;0.0;14944.5;9056.0
-1;11055.0;14944.0;23.0;14943.0;103.0;0.0;0.0;14946.0;38.0;14947.0;65.0;0.0;0.0;14945.0;8960.75
-1;11056.0;14943.0;24.0;14942.0;69.0;0.0;0.0;14945.0;24.0;14946.0;69.0;0.0;0.0;14944.0;9136.75
-1;11057.0;14938.0;102.0;0.0;0.0;0.0;0.0;14941.0;102.0;0.0;0.0;0.0;0.0;14939.5;10156.25
-1;11058.0;14939.0;28.0;14938.0;56.0;0.0;0.0;14942.0;84.0;0.0;0.0;0.0;0.0;14940.5;9969.75
-1;11059.0;14936.0;112.0;0.0;0.0;0.0;0.0;14939.0;112.0;0.0;0.0;0.0;0.0;14937.5;10555.75
-1;11060.0;14937.0;91.0;0.0;0.0;0.0;0.0;14940.0;91.0;0.0;0.0;0.0;0.0;14938.5;10311.25
-1;11061.0;14935.0;102.0;0.0;0.0;0.0;0.0;14938.0;28.0;14939.0;74.0;0.0;0.0;14936.5;10683.0
-1;11062.0;14938.0;97.0;0.0;0.0;0.0;0.0;14939.0;36.0;14941.0;97.0;0.0;0.0;14938.5;10089.25
-1;11063.0;14937.0;80.0;0.0;0.0;0.0;0.0;14940.0;80.0;0.0;0.0;0.0;0.0;14938.5;10327.75
-1;11064.0;14936.0;87.0;0.0;0.0;0.0;0.0;14939.0;87.0;0.0;0.0;0.0;0.0;14937.5;10606.5
-1;11065.0;14935.0;100.0;0.0;0.0;0.0;0.0;14938.0;27.0;14939.0;73.0;0.0;0.0;14936.5;10671.5
-1;11066.0;14938.0;98.0;0.0;0.0;0.0;0.0;14941.0;39.0;14942.0;59.0;0.0;0.0;14939.5;10032.0
-1;11067.0;14940.0;90.0;0.0;0.0;0.0;0.0;14943.0;90.0;0.0;0.0;0.0;0.0;14941.5;9723.75
-1;11068.0;14941.0;92.0;0.0;0.0;0.0;0.0;14944.0;92.0;0.0;0.0;0.0;0.0;14942.5;9516.75
-1;11069.0;14939.0;85.0;0.0;0.0;0.0;0.0;14942.0;85.0;0.0;0.0;0.0;0.0;14940.5;9870.25
-1;11070.0;14940.0;35.0;14939.0;52.0;0.0;0.0;14942.0;35.0;14943.0;52.0;0.0;0.0;14941.0;9773.25
-1;11071.0;14941.0;104.0;0.0;0.0;0.0;0.0;14944.0;104.0;0.0;0.0;0.0;0.0;14942.5;9531.75
-1;11072.0;14944.0;101.0;0.0;0.0;0.0;0.0;14947.0;101.0;0.0;0.0;0.0;0.0;14945.5;8894.0
-1;11073.0;14942.0;99.0;0.0;0.0;0.0;0.0;14945.0;99.0;0.0;0.0;0.0;0.0;14943.5;9213.25
-1;11074.0;14944.0;27.0;14943.0;74.0;0.0;0.0;14946.0;27.0;14947.0;74.0;0.0;0.0;14945.0;8941.5
-1;11075.0;14943.0;100.0;0.0;0.0;0.0;0.0;14946.0;100.0;0.0;0.0;0.0;0.0;14944.5;9064.75
-1;11076.0;14943.0;20.0;14942.0;67.0;0.0;0.0;14946.0;87.0;0.0;0.0;0.0;0.0;14944.5;9116.0
-1;11077.0;14941.0;97.0;0.0;0.0;0.0;0.0;14944.0;97.0;0.0;0.0;0.0;0.0;14942.5;9418.5
-1;11078.0;14944.0;21.0;14943.0;57.0;0.0;0.0;14946.0;21.0;14947.0;57.0;0.0;0.0;14945.0;8927.5
-1;11079.0;14944.0;85.0;0.0;0.0;0.0;0.0;14947.0;85.0;0.0;0.0;0.0;0.0;14945.5;8812.25
-1;11080.0;14942.0;114.0;0.0;0.0;0.0;0.0;14945.0;114.0;0.0;0.0;0.0;0.0;14943.5;9211.75
-1;11081.0;14944.0;100.0;0.0;0.0;0.0;0.0;14945.0;22.0;14947.0;100.0;0.0;0.0;14944.5;8818.75
-1;11082.0;14945.0;98.0;0.0;0.0;0.0;0.0;14948.0;98.0;0.0;0.0;0.0;0.0;14946.5;8606.0
-1;11083.0;14943.0;34.0;14942.0;55.0;0.0;0.0;14945.0;34.0;14946.0;55.0;0.0;0.0;14944.0;9150.75
-1;11084.0;14943.0;29.0;14942.0;73.0;0.0;0.0;14946.0;102.0;0.0;0.0;0.0;0.0;14944.5;9114.75
-1;11085.0;14943.0;100.0;0.0;0.0;0.0;0.0;14946.0;100.0;0.0;0.0;0.0;0.0;14944.5;9005.5
-1;11086.0;14942.0;85.0;0.0;0.0;0.0;0.0;14945.0;85.0;0.0;0.0;0.0;0.0;14943.5;9291.25
-1;11087.0;14946.0;39.0;14945.0;53.0;0.0;0.0;14948.0;39.0;14949.0;53.0;0.0;0.0;14947.0;8526.25
-1;11088.0;14947.0;79.0;0.0;0.0;0.0;0.0;14950.0;24.0;14951.0;55.0;0.0;0.0;14948.5;8116.25
-1;11089.0;14949.0;95.0;0.0;0.0;0.0;0.0;14952.0;33.0;14953.0;62.0;0.0;0.0;14950.5;7676.5
-1;11090.0;14953.0;26.0;14952.0;54.0;0.0;0.0;14955.0;26.0;14956.0;54.0;0.0;0.0;14954.0;7019.75
-1;11091.0;14950.0;104.0;0.0;0.0;0.0;0.0;14953.0;104.0;0.0;0.0;0.0;0.0;14951.5;7502.0
-1;11092.0;14954.0;95.0;0.0;0.0;0.0;0.0;14957.0;95.0;0.0;0.0;0.0;0.0;14955.5;6688.25
-1;11093.0;14955.0;23.0;14954.0;63.0;0.0;0.0;14958.0;86.0;0.0;0.0;0.0;0.0;14956.5;6547.0
-1;11094.0;14952.0;95.0;0.0;0.0;0.0;0.0;14955.0;30.0;14956.0;65.0;0.0;0.0;14953.5;7040.75
-1;11095.0;14951.0;101.0;0.0;0.0;0.0;0.0;14954.0;101.0;0.0;0.0;0.0;0.0;14952.5;7310.75
-1;11096.0;14946.0;31.0;14945.0;69.0;0.0;0.0;14949.0;100.0;0.0;0.0;0.0;0.0;14947.5;8466.75
-1;11097.0;14946.0;81.0;0.0;0.0;0.0;0.0;14949.0;81.0;0.0;0.0;0.0;0.0;14947.5;8445.0
-1;11098.0;14945.0;33.0;14944.0;92.0;0.0;0.0;14947.0;92.0;0.0;0.0;0.0;0.0;14946.0;8803.0
-1;11099.0;14948.0;87.0;0.0;0.0;0.0;0.0;14951.0;87.0;0.0;0.0;0.0;0.0;14949.5;7968.5
-1;11100.0;14948.0;37.0;14947.0;51.0;0.0;0.0;14950.0;37.0;14951.0;51.0;0.0;0.0;14949.0;8063.5
-1;11101.0;14949.0;92.0;0.0;0.0;0.0;0.0;14952.0;92.0;0.0;0.0;0.0;0.0;14950.5;7741.5
-1;11102.0;14949.0;94.0;0.0;0.0;0.0;0.0;14952.0;38.0;14953.0;56.0;0.0;0.0;14950.5;7692.0
-1;11103.0;14949.0;103.0;0.0;0.0;0.0;0.0;14952.0;30.0;14953.0;73.0;0.0;0.0;14950.5;7684.5
-1;11104.0;14949.0;107.0;0.0;0.0;0.0;0.0;14952.0;40.0;14953.0;67.0;0.0;0.0;14950.5;7688.75
-1;11105.0;14949.0;14.0;14948.0;56.0;0.0;0.0;14951.0;25.0;14952.0;56.0;0.0;0.0;14950.0;7865.0
-1;11106.0;14950.0;100.0;0.0;0.0;0.0;0.0;14953.0;100.0;0.0;0.0;0.0;0.0;14951.5;7505.25
-1;11107.0;14951.0;104.0;0.0;0.0;0.0;0.0;14954.0;104.0;0.0;0.0;0.0;0.0;14952.5;7235.5
-1;11108.0;14953.0;40.0;14952.0;75.0;0.0;0.0;14955.0;40.0;14956.0;75.0;0.0;0.0;14954.0;6964.25
-1;11109.0;14957.0;20.0;14956.0;53.0;0.0;0.0;14959.0;20.0;14960.0;53.0;0.0;0.0;14958.0;6052.25
-1;11110.0;14954.0;98.0;0.0;0.0;0.0;0.0;14957.0;98.0;0.0;0.0;0.0;0.0;14955.5;6625.5
-1;11111.0;14952.0;78.0;0.0;0.0;0.0;0.0;14955.0;78.0;0.0;0.0;0.0;0.0;14953.5;7090.0
-1;11112.0;14955.0;28.0;14954.0;51.0;0.0;0.0;14957.0;28.0;14958.0;51.0;0.0;0.0;14956.0;6494.5
-1;11113.0;14956.0;99.0;0.0;0.0;0.0;0.0;14959.0;99.0;0.0;0.0;0.0;0.0;14957.5;6119.0
-1;11114.0;14956.0;106.0;0.0;0.0;0.0;0.0;14959.0;106.0;0.0;0.0;0.0;0.0;14957.5;6202.0
-1;11115.0;14957.0;28.0;14956.0;97.0;0.0;0.0;14959.0;97.0;0.0;0.0;0.0;0.0;14958.0;6193.0
-1;11116.0;14956.0;38.0;14955.0;96.0;0.0;0.0;14958.0;96.0;0.0;0.0;0.0;0.0;14957.0;6447.75
-1;11117.0;14956.0;40.0;14955.0;55.0;0.0;0.0;14958.0;40.0;14959.0;55.0;0.0;0.0;14957.0;6281.0
-1;11118.0;14956.0;84.0;0.0;0.0;0.0;0.0;14959.0;84.0;0.0;0.0;0.0;0.0;14957.5;6118.5
-1;11119.0;14953.0;28.0;14952.0;71.0;0.0;0.0;14955.0;28.0;14956.0;71.0;0.0;0.0;14954.0;6963.0
-1;11120.0;14954.0;102.0;0.0;0.0;0.0;0.0;14957.0;102.0;0.0;0.0;0.0;0.0;14955.5;6642.25
-1;11121.0;14955.0;99.0;0.0;0.0;0.0;0.0;14958.0;99.0;0.0;0.0;0.0;0.0;14956.5;6453.75
-1;11122.0;14960.0;24.0;14959.0;34.0;14958.0;55.0;14961.0;34.0;14962.0;55.0;0.0;0.0;14960.5;5597.75
-1;11123.0;14953.0;90.0;0.0;0.0;0.0;0.0;14956.0;90.0;0.0;0.0;0.0;0.0;14954.5;6895.25
