day;timestamp;bid_price_1;bid_volume_1;bid_price_2;bid_volume_2;bid_price_3;bid_volume_3;ask_price_1;ask_volume_1;ask_price_2;ask_volume_2;ask_price_3;ask_volume_3;mid_price;profit_and_loss
-1;10001.0;14999;38;14998.0;53.0;0.0;0.0;15001;38;15002.0;53.0;0.0;0.0;15000.0;0.0
-1;10002.0;14999;31;14998.0;64.0;0.0;0.0;15001;31;15002.0;64.0;0.0;0.0;15000.0;0.0
-1;10003.0;14998;106;0.0;0.0;0.0;0.0;15001;106;0.0;0.0;0.0;0.0;14999.5;0.0
-1;10004.0;14999;35;14998.0;67.0;0.0;0.0;15001;35;15002.0;67.0;0.0;0.0;15000.0;0.0
-1;10005.0;14998;38;14997.0;69.0;0.0;0.0;15000;38;15001.0;69.0;0.0;0.0;14999.0;0.0
-1;10006.0;14997;27;14996.0;52.0;0.0;0.0;15000;79;0.0;0.0;0.0;0.0;14998.5;0.0
-1;10007.0;14998;93;0.0;0.0;0.0;0.0;15001;93;0.0;0.0;0.0;0.0;14999.5;0.0
-1;10008.0;15001;103;0.0;0.0;0.0;0.0;15004;103;0.0;0.0;0.0;0.0;15002.5;0.0
-1;10009.0;15001;106;0.0;0.0;0.0;0.0;15004;106;0.0;0.0;0.0;0.0;15002.5;0.0
-1;10010.0;15000;93;0.0;0.0;0.0;0.0;15003;93;0.0;0.0;0.0;0.0;15001.5;0.0
-1;10011.0;15005;86;0.0;0.0;0.0;0.0;15008;86;0.0;0.0;0.0;0.0;15006.5;0.0
-1;10012.0;15005;37;15004.0;74.0;0.0;0.0;15007;37;15008.0;74.0;0.0;0.0;15006.0;0.0
-1;10013.0;15006;33;15005.0;56.0;0.0;0.0;15009;89;0.0;0.0;0.0;0.0;15007.5;0.0
-1;10014.0;15008;90;0.0;0.0;0.0;0.0;15011;90;0.0;0.0;0.0;0.0;15009.5;0.0
-1;10015.0;15006;80;0.0;0.0;0.0;0.0;15009;29;15010.0;51.0;0.0;0.0;15007.5;0.0
-1;10016.0;15009;109;0.0;0.0;0.0;0.0;15012;35;15013.0;74.0;0.0;0.0;15010.5;0.0
-1;10017.0;15012;30;15011.0;60.0;0.0;0.0;15014;30;15015.0;60.0;0.0;0.0;15013.0;0.0
-1;10018.0;15011;83;0.0;0.0;0.0;0.0;15014;83;0.0;0.0;0.0;0.0;15012.5;0.0
-1;10019.0;15012;110;0.0;0.0;0.0;0.0;15015;110;0.0;0.0;0.0;0.0;15013.5;0.0
-1;10020.0;15010;72;0.0;0.0;0.0;0.0;15013;72;0.0;0.0;0.0;0.0;15011.5;0.0
-1;10021.0;15014;28;15013.0;82.0;0.0;0.0;15016;82;0.0;0.0;0.0;0.0;15015.0;0.0
-1;10022.0;15014;82;0.0;0.0;0.0;0.0;15017;82;0.0;0.0;0.0;0.0;15015.5;0.0
-1;10023.0;15010;86;0.0;0.0;0.0;0.0;15013;20;15014.0;66.0;0.0;0.0;15011.5;0.0
-1;10024.0;15010;93;0.0;0.0;0.0;0.0;15013;24;15014.0;69.0;0.0;0.0;15011.5;0.0
-1;10025.0;15009;87;0.0;0.0;0.0;0.0;15012;87;0.0;0.0;0.0;0.0;15010.5;0.0
-1;10026.0;15011;38;15010.0;93.0;0.0;0.0;15013;93;0.0;0.0;0.0;0.0;15012.0;0.0
-1;10027.0;15009;27;15008.0;74.0;0.0;0.0;15011;27;15012.0;74.0;0.0;0.0;15010.0;0.0
-1;10028.0;15012;75;0.0;0.0;0.0;0.0;15015;75;0.0;0.0;0.0;0.0;15013.5;0.0
-1;10029.0;15007;92;0.0;0.0;0.0;0.0;15010;92;0.0;0.0;0.0;0.0;15008.5;0.0
-1;10030.0;15007;89;0.0;0.0;0.0;0.0;15010;89;0.0;0.0;0.0;0.0;15008.5;0.0
-1;10031.0;15004;22;15003.0;69.0;0.0;0.0;15007;91;0.0;0.0;0.0;0.0;15005.5;0.0
-1;10032.0;15005;95;0.0;0.0;0.0;0.0;15008;20;15009.0;75.0;0.0;0.0;15006.5;0.0
-1;10033.0;15006;36;15005.0;66.0;0.0;0.0;15008;36;15009.0;66.0;0.0;0.0;15007.0;0.0
-1;10034.0;15004;98;0.0;0.0;0.0;0.0;15007;98;0.0;0.0;0.0;0.0;15005.5;0.0
-1;10035.0;15002;84;0.0;0.0;0.0;0.0;15005;21;15006.0;63.0;0.0;0.0;15003.5;0.0
-1;10036.0;15004;35;15003.0;57.0;0.0;0.0;15006;35;15007.0;57.0;0.0;0.0;15005.0;0.0
-1;10037.0;15003;97;0.0;0.0;0.0;0.0;15006;97;0.0;0.0;0.0;0.0;15004.5;0.0
-1;10038.0;15004;71;0.0;0.0;0.0;0.0;15007;71;0.0;0.0;0.0;0.0;15005.5;0.0
-1;10039.0;15005;71;0.0;0.0;0.0;0.0;15008;71;0.0;0.0;0.0;0.0;15006.5;0.0
-1;10040.0;15007;29;15006.0;51.0;0.0;0.0;15010;80;0.0;0.0;0.0;0.0;15008.5;0.0
-1;10041.0;15009;30;15008.0;94.0;0.0;0.0;15011;94;0.0;0.0;0.0;0.0;15010.0;0.0
-1;10042.0;15009;81;0.0;0.0;0.0;0.0;15012;81;0.0;0.0;0.0;0.0;15010.5;0.0
-1;10043.0;15008;102;0.0;0.0;0.0;0.0;15009;25;15011.0;102.0;0.0;0.0;15008.5;0.0
-1;10044.0;15007;102;0.0;0.0;0.0;0.0;15010;102;0.0;0.0;0.0;0.0;15008.5;0.0
-1;10045.0;15009;112;0.0;0.0;0.0;0.0;15012;38;15013.0;74.0;0.0;0.0;15010.5;0.0
-1;10046.0;15009;85;0.0;0.0;0.0;0.0;15012;30;15013.0;55.0;0.0;0.0;15010.5;0.0
-1;10047.0;15007;74;15006.0;58.0;0.0;0.0;15009;36;15010.0;58.0;0.0;0.0;15008.0;0.0
-1;10048.0;15006;37;15005.0;73.0;0.0;0.0;15008;37;15009.0;73.0;0.0;0.0;15007.0;0.0
-1;10049.0;15006;79;0.0;0.0;0.0;0.0;15009;79;0.0;0.0;0.0;0.0;15007.5;0.0
-1;10050.0;15005;75;0.0;0.0;0.0;0.0;15008;25;15009.0;50.0;0.0;0.0;15006.5;0.0
-1;10051.0;15003;81;0.0;0.0;0.0;0.0;15006;21;15007.0;60.0;0.0;0.0;15004.5;0.0
-1;10052.0;15003;79;0.0;0.0;0.0;0.0;15006;79;0.0;0.0;0.0;0.0;15004.5;0.0
-1;10053.0;15004;87;0.0;0.0;0.0;0.0;15007;87;0.0;0.0;0.0;0.0;15005.5;0.0
-1;10054.0;15003;20;15002.0;75.0;0.0;0.0;15005;20;15006.0;75.0;0.0;0.0;15004.0;0.0
-1;10055.0;15002;29;15001.0;74.0;0.0;0.0;15004;29;15005.0;74.0;0.0;0.0;15003.0;0.0
-1;10056.0;14999;112;0.0;0.0;0.0;0.0;15002;112;0.0;0.0;0.0;0.0;15000.5;0.0
-1;10057.0;14999;85;0.0;0.0;0.0;0.0;15000;27;15002.0;21.0;15003.0;64.0;14999.5;0.0
-1;10058.0;14998;90;0.0;0.0;0.0;0.0;15001;90;0.0;0.0;0.0;0.0;14999.5;0.0
-1;10059.0;14996;104;0.0;0.0;0.0;0.0;14999;104;0.0;0.0;0.0;0.0;14997.5;0.0
-1;10060.0;14993;89;0.0;0.0;0.0;0.0;14996;89;0.0;0.0;0.0;0.0;14994.5;0.0
-1;10061.0;14992;84;0.0;0.0;0.0;0.0;14995;84;0.0;0.0;0.0;0.0;14993.5;0.0
-1;10062.0;14995;36;14994.0;57.0;0.0;0.0;14998;93;0.0;0.0;0.0;0.0;14996.5;0.0
-1;10063.0;14995;93;0.0;0.0;0.0;0.0;14998;32;14999.0;61.0;0.0;0.0;14996.5;0.0
-1;10064.0;14999;35;14998.0;73.0;0.0;0.0;15002;108;0.0;0.0;0.0;0.0;15000.5;0.0
-1;10065.0;15004;100;0.0;0.0;0.0;0.0;15007;100;0.0;0.0;0.0;0.0;15005.5;0.0
-1;10066.0;15006;39;15005.0;54.0;0.0;0.0;15008;39;15009.0;54.0;0.0;0.0;15007.0;0.0
-1;10067.0;15007;93;0.0;0.0;0.0;0.0;15010;93;0.0;0.0;0.0;0.0;15008.5;0.0
-1;10068.0;15008;92;0.0;0.0;0.0;0.0;15011;92;0.0;0.0;0.0;0.0;15009.5;0.0
-1;10069.0;15013;99;0.0;0.0;0.0;0.0;15016;99;0.0;0.0;0.0;0.0;15014.5;0.0
-1;10070.0;15012;92;0.0;0.0;0.0;0.0;15015;92;0.0;0.0;0.0;0.0;15013.5;0.0
-1;10071.0;15010;95;0.0;0.0;0.0;0.0;15013;95;0.0;0.0;0.0;0.0;15011.5;0.0
-1;10072.0;15012;38;15011.0;55.0;0.0;0.0;15014;38;15015.0;55.0;0.0;0.0;15013.0;0.0
-1;10073.0;15012;91;0.0;0.0;0.0;0.0;15015;91;0.0;0.0;0.0;0.0;15013.5;0.0
-1;10074.0;15015;40;15014.0;56.0;0.0;0.0;15017;40;15018.0;56.0;0.0;0.0;15016.0;-3.66015625
-1;10075.0;15012;88;0.0;0.0;0.0;0.0;15015;31;15016.0;57.0;0.0;0.0;15013.5;4.40625
-1;10076.0;15014;100;0.0;0.0;0.0;0.0;15017;100;0.0;0.0;0.0;0.0;15015.5;-3.16796875
-1;10077.0;15016;113;0.0;0.0;0.0;0.0;15019;113;0.0;0.0;0.0;0.0;15017.5;-10.5078125
-1;10078.0;15016;87;0.0;0.0;0.0;0.0;15019;87;0.0;0.0;0.0;0.0;15017.5;-9.9765625
-1;10079.0;15014;30;15013.0;59.0;0.0;0.0;15016;30;15017.0;59.0;0.0;0.0;15015.0;0.34375
-1;10080.0;15011;109;0.0;0.0;0.0;0.0;15014;109;0.0;0.0;0.0;0.0;15012.5;10.33203125
-1;10081.0;15013;105;0.0;0.0;0.0;0.0;15016;38;15017.0;67.0;0.0;0.0;15014.5;0.75
-1;10082.0;15011;24;15010.0;72.0;0.0;0.0;15013;30;15014.0;72.0;0.0;0.0;15012.0;6.09375
-1;10083.0;15010;87;0.0;0.0;0.0;0.0;15013;87;0.0;0.0;0.0;0.0;15011.5;11.34375
-1;10084.0;15011;97;0.0;0.0;0.0;0.0;15014;97;0.0;0.0;0.0;0.0;15012.5;1.953125
-1;10085.0;15014;30;15013.0;75.0;0.0;0.0;15016;30;15017.0;75.0;0.0;0.0;15015.0;-23.53125
-1;10086.0;15013;36;15012.0;65.0;0.0;0.0;15015;36;15016.0;65.0;0.0;0.0;15014.0;-13.515625
-1;10087.0;15012;93;0.0;0.0;0.0;0.0;15015;32;15016.0;61.0;0.0;0.0;15013.5;-12.5625
-1;10088.0;15012;100;0.0;0.0;0.0;0.0;15015;100;0.0;0.0;0.0;0.0;15013.5;-9.3125
-1;10089.0;15014;83;0.0;0.0;0.0;0.0;15017;83;0.0;0.0;0.0;0.0;15015.5;-28.84375
-1;10090.0;15015;112;0.0;0.0;0.0;0.0;15018;112;0.0;0.0;0.0;0.0;15016.5;-39.5
-1;10091.0;15011;93;0.0;0.0;0.0;0.0;15014;93;0.0;0.0;0.0;0.0;15012.5;1.625
-1;10092.0;15012;89;0.0;0.0;0.0;0.0;15015;89;0.0;0.0;0.0;0.0;15013.5;-9.5625
-1;10093.0;15015;84;0.0;0.0;0.0;0.0;15018;84;0.0;0.0;0.0;0.0;15016.5;-36.28125
-1;10094.0;15019;40;15018.0;68.0;0.0;0.0;15022;108;0.0;0.0;0.0;0.0;15020.5;-75.609375
-1;10095.0;15017;76;0.0;0.0;0.0;0.0;15020;76;0.0;0.0;0.0;0.0;15018.5;-56.65625
-1;10096.0;15019;100;0.0;0.0;0.0;0.0;15022;100;0.0;0.0;0.0;0.0;15020.5;-77.796875
-1;10097.0;15021;25;15020.0;57.0;0.0;0.0;15023;25;15024.0;57.0;0.0;0.0;15022.0;-93.5625
-1;10098.0;15019;27;15018.0;62.0;0.0;0.0;15022;89;0.0;0.0;0.0;0.0;15020.5;-75.03125
-1;10099.0;15020;30;15019.0;66.0;0.0;0.0;15022;30;15023.0;66.0;0.0;0.0;15021.0;-84.65625
-1;10100.0;15020;86;0.0;0.0;0.0;0.0;15023;23;15024.0;63.0;0.0;0.0;15021.5;-92.296875
-1;10101.0;15021;91;0.0;0.0;0.0;0.0;15024;91;0.0;0.0;0.0;0.0;15022.5;-100.859375
-1;10102.0;15023;97;0.0;0.0;0.0;0.0;15026;97;0.0;0.0;0.0;0.0;15024.5;-118.15625
-1;10103.0;15027;98;0.0;0.0;0.0;0.0;15030;98;0.0;0.0;0.0;0.0;15028.5;-160.03125
-1;10104.0;15027;95;0.0;0.0;0.0;0.0;15030;34;15031.0;61.0;0.0;0.0;15028.5;-162.59375
-1;10105.0;15027;34;15026.0;54.0;0.0;0.0;15030;88;0.0;0.0;0.0;0.0;15028.5;-160.5
-1;10106.0;15029;39;15028.0;66.0;0.0;0.0;15031;39;15032.0;66.0;0.0;0.0;15030.0;-186.4375
-1;10107.0;15030;31;15029.0;68.0;0.0;0.0;15032;31;15033.0;68.0;0.0;0.0;15031.0;-198.8125
-1;10108.0;15031;31;15030.0;62.0;0.0;0.0;15033;31;15034.0;62.0;0.0;0.0;15032.0;-214.875
-1;10109.0;15030;33;15029.0;59.0;0.0;0.0;15032;33;15033.0;59.0;0.0;0.0;15031.0;-199.203125
-1;10110.0;15031;98;0.0;0.0;0.0;0.0;15034;98;0.0;0.0;0.0;0.0;15032.5;-217.65625
-1;10111.0;15030;94;0.0;0.0;0.0;0.0;15033;94;0.0;0.0;0.0;0.0;15031.5;-209.109375
-1;10112.0;15030;90;0.0;0.0;0.0;0.0;15033;90;0.0;0.0;0.0;0.0;15031.5;-208.453125
-1;10113.0;15027;84;0.0;0.0;0.0;0.0;15030;20;15031.0;64.0;0.0;0.0;15028.5;-170.09375
-1;10114.0;15028;39;15027.0;73.0;0.0;0.0;15030;39;15031.0;73.0;0.0;0.0;15029.0;-171.15625
-1;10115.0;15030;94;0.0;0.0;0.0;0.0;15033;94;0.0;0.0;0.0;0.0;15031.5;-207.265625
-1;10116.0;15028;26;15027.0;64.0;0.0;0.0;15030;26;15031.0;64.0;0.0;0.0;15029.0;-172.5
-1;10117.0;15025;99;0.0;0.0;0.0;0.0;15028;39;15029.0;60.0;0.0;0.0;15026.5;-141.25
-1;10118.0;15026;33;15025.0;55.0;0.0;0.0;15027;23;15028.0;33.0;15029.0;55.0;15026.5;-144.03125
-1;10119.0;15022;93;0.0;0.0;0.0;0.0;15023;25;15025.0;21.0;15026.0;72.0;15022.5;-99.21875
-1;10120.0;15024;36;15023.0;66.0;0.0;0.0;15027;102;0.0;0.0;0.0;0.0;15025.5;-118.03125
-1;10121.0;15026;37;15025.0;62.0;0.0;0.0;15028;37;15029.0;62.0;0.0;0.0;15027.0;-144.0625
-1;10122.0;15025;98;0.0;0.0;0.0;0.0;15028;98;0.0;0.0;0.0;0.0;15026.5;-133.328125
-1;10123.0;15027;39;15026.0;58.0;0.0;0.0;15029;39;15030.0;58.0;0.0;0.0;15028.0;-159.3125
-1;10124.0;15026;111;0.0;0.0;0.0;0.0;15029;111;0.0;0.0;0.0;0.0;15027.5;-150.109375
-1;10125.0;15028;35;15027.0;64.0;0.0;0.0;15030;35;15031.0;64.0;0.0;0.0;15029.0;-171.21875
-1;10126.0;15024;40;15023.0;63.0;0.0;0.0;15027;103;0.0;0.0;0.0;0.0;15025.5;-118.515625
-1;10127.0;15024;101;0.0;0.0;0.0;0.0;15027;101;0.0;0.0;0.0;0.0;15025.5;-120.6875
-1;10128.0;15027;34;15026.0;68.0;0.0;0.0;15030;102;0.0;0.0;0.0;0.0;15028.5;-160.484375
-1;10129.0;15025;84;0.0;0.0;0.0;0.0;15028;27;15029.0;57.0;0.0;0.0;15026.5;-141.53125
-1;10130.0;15025;30;15024.0;69.0;0.0;0.0;15028;99;0.0;0.0;0.0;0.0;15026.5;-131.390625
-1;10131.0;15026;23;15025.0;54.0;0.0;0.0;15028;23;15029.0;54.0;0.0;0.0;15027.0;-143.84375
-1;10132.0;15025;93;0.0;0.0;0.0;0.0;15028;93;0.0;0.0;0.0;0.0;15026.5;-134.984375
-1;10133.0;15028;25;15027.0;57.0;0.0;0.0;15030;25;15031.0;57.0;0.0;0.0;15029.0;-173.21875
-1;10134.0;15027;100;0.0;0.0;0.0;0.0;15028;29;15030.0;100.0;0.0;0.0;15027.5;-161.390625
-1;10135.0;15028;94;0.0;0.0;0.0;0.0;15031;94;0.0;0.0;0.0;0.0;15029.5;-182.78125
-1;10136.0;15027;101;0.0;0.0;0.0;0.0;15030;101;0.0;0.0;0.0;0.0;15028.5;-167.0625
-1;10137.0;15029;96;0.0;0.0;0.0;0.0;15032;26;15033.0;70.0;0.0;0.0;15030.5;-198.25
-1;10138.0;15031;87;0.0;0.0;0.0;0.0;15034;87;0.0;0.0;0.0;0.0;15032.5;-218.75
-1;10139.0;15031;20;15030.0;95.0;0.0;0.0;15033;95;0.0;0.0;0.0;0.0;15032.0;-203.109375
-1;10140.0;15026;87;0.0;0.0;0.0;0.0;15029;87;0.0;0.0;0.0;0.0;15027.5;-147.78125
-1;10141.0;15027;21;15026.0;69.0;0.0;0.0;15029;21;15030.0;69.0;0.0;0.0;15028.0;-158.75
-1;10142.0;15024;90;0.0;0.0;0.0;0.0;15027;90;0.0;0.0;0.0;0.0;15025.5;-123.65625
-1;10143.0;15023;30;15022.0;55.0;0.0;0.0;15025;30;15026.0;55.0;0.0;0.0;15024.0;-103.03125
-1;10144.0;15022;24;15021.0;61.0;0.0;0.0;15025;85;0.0;0.0;0.0;0.0;15023.5;-90.75
-1;10145.0;15022;32;15021.0;61.0;0.0;0.0;15025;93;0.0;0.0;0.0;0.0;15023.5;-90.1875
-1;10146.0;15025;23;15024.0;67.0;0.0;0.0;15027;23;15028.0;67.0;0.0;0.0;15026.0;-130.6875
-1;10147.0;15025;90;0.0;0.0;0.0;0.0;15028;90;0.0;0.0;0.0;0.0;15026.5;-136.40625
-1;10148.0;15025;12;15024.0;72.0;0.0;0.0;15027;20;15028.0;72.0;0.0;0.0;15026.0;-139.46875
-1;10149.0;15025;29;15024.0;53.0;0.0;0.0;15026;23;15027.0;29.0;15028.0;53.0;15025.5;-139.25
-1;10150.0;15026;37;15025.0;74.0;0.0;0.0;15029;111;0.0;0.0;0.0;0.0;15027.5;-162.65625
-1;10151.0;15025;104;0.0;0.0;0.0;0.0;15028;104;0.0;0.0;0.0;0.0;15026.5;-152.15625
-1;10152.0;15026;32;15025.0;72.0;0.0;0.0;15028;32;15029.0;72.0;0.0;0.0;15027.0;-158.9375
-1;10153.0;15025;91;0.0;0.0;0.0;0.0;15028;91;0.0;0.0;0.0;0.0;15026.5;-148.0
-1;10154.0;15028;95;0.0;0.0;0.0;0.0;15031;95;0.0;0.0;0.0;0.0;15029.5;-214.6875
-1;10155.0;15028;33;15027.0;74.0;0.0;0.0;15031;107;0.0;0.0;0.0;0.0;15029.5;-208.21875
-1;10156.0;15031;85;0.0;0.0;0.0;0.0;15034;85;0.0;0.0;0.0;0.0;15032.5;-277.53125
-1;10157.0;15034;91;0.0;0.0;0.0;0.0;15037;91;0.0;0.0;0.0;0.0;15035.5;-343.1875
-1;10158.0;15031;20;15030.0;52.0;0.0;0.0;15033;20;15034.0;52.0;0.0;0.0;15032.0;-270.28125
-1;10159.0;15034;40;15033.0;69.0;0.0;0.0;15036;40;15037.0;69.0;0.0;0.0;15035.0;-337.78125
-1;10160.0;15035;82;0.0;0.0;0.0;0.0;15038;82;0.0;0.0;0.0;0.0;15036.5;-367.875
-1;10161.0;15035;93;0.0;0.0;0.0;0.0;15038;93;0.0;0.0;0.0;0.0;15036.5;-366.90625
-1;10162.0;15037;29;15036.0;52.0;0.0;0.0;15039;29;15040.0;52.0;0.0;0.0;15038.0;-402.0625
-1;10163.0;15032;23;15031.0;64.0;0.0;0.0;15034;23;15035.0;64.0;0.0;0.0;15033.0;-291.3125
-1;10164.0;15031;26;15030.0;57.0;0.0;0.0;15033;26;15034.0;57.0;0.0;0.0;15032.0;-269.21875
-1;10165.0;15032;24;15031.0;69.0;0.0;0.0;15034;24;15035.0;69.0;0.0;0.0;15033.0;-293.46875
-1;10166.0;15032;94;0.0;0.0;0.0;0.0;15035;38;15036.0;56.0;0.0;0.0;15033.5;-310.5625
-1;10167.0;15036;104;0.0;0.0;0.0;0.0;15039;104;0.0;0.0;0.0;0.0;15037.5;-397.21875
-1;10168.0;15036;10;15035.0;64.0;0.0;0.0;15038;40;15039.0;64.0;0.0;0.0;15037.0;-406.625
-1;10169.0;15033;24;15032.0;58.0;0.0;0.0;15036;82;0.0;0.0;0.0;0.0;15034.5;-264.4375
-1;10170.0;15035;79;0.0;0.0;0.0;0.0;15038;79;0.0;0.0;0.0;0.0;15036.5;-375.6875
-1;10171.0;15036;72;0.0;0.0;0.0;0.0;15039;72;0.0;0.0;0.0;0.0;15037.5;-428.6875
-1;10172.0;15034;101;0.0;0.0;0.0;0.0;15037;101;0.0;0.0;0.0;0.0;15035.5;-316.9375
-1;10173.0;15036;11;15034.0;87.0;0.0;0.0;15037;87;0.0;0.0;0.0;0.0;15036.5;-324.25
-1;10174.0;15032;91;0.0;0.0;0.0;0.0;15035;91;0.0;0.0;0.0;0.0;15033.5;-207.5625
-1;10175.0;15031;97;0.0;0.0;0.0;0.0;15034;97;0.0;0.0;0.0;0.0;15032.5;-142.5625
-1;10176.0;15030;25;15029.0;59.0;0.0;0.0;15033;84;0.0;0.0;0.0;0.0;15031.5;-52.875
-1;10177.0;15030;93;0.0;0.0;0.0;0.0;15033;93;0.0;0.0;0.0;0.0;15031.5;-75.625
-1;10178.0;15025;35;15024.0;61.0;0.0;0.0;15027;35;15028.0;61.0;0.0;0.0;15026.0;274.5
-1;10179.0;15025;77;0.0;0.0;0.0;0.0;15028;77;0.0;0.0;0.0;0.0;15026.5;246.75
-1;10180.0;15027;21;15026.0;56.0;0.0;0.0;15029;21;15030.0;56.0;0.0;0.0;15028.0;151.875
-1;10181.0;15023;38;15022.0;54.0;0.0;0.0;15026;92;0.0;0.0;0.0;0.0;15024.5;388.625
-1;10182.0;15026;89;0.0;0.0;0.0;0.0;15029;89;0.0;0.0;0.0;0.0;15027.5;169.5
-1;10183.0;15025;82;0.0;0.0;0.0;0.0;15028;82;0.0;0.0;0.0;0.0;15026.5;238.9375
-1;10184.0;15025;90;0.0;0.0;0.0;0.0;15028;90;0.0;0.0;0.0;0.0;15026.5;248.0625
-1;10185.0;15023;103;0.0;0.0;0.0;0.0;15026;103;0.0;0.0;0.0;0.0;15024.5;369.25
-1;10186.0;15021;89;0.0;0.0;0.0;0.0;15024;89;0.0;0.0;0.0;0.0;15022.5;493.9375
-1;10187.0;15021;84;0.0;0.0;0.0;0.0;15024;84;0.0;0.0;0.0;0.0;15022.5;491.5625
-1;10188.0;15023;36;15022.0;56.0;0.0;0.0;15025;36;15026.0;56.0;0.0;0.0;15024.0;392.75
-1;10189.0;15021;101;0.0;0.0;0.0;0.0;15024;101;0.0;0.0;0.0;0.0;15022.5;481.0
-1;10190.0;15023;82;0.0;0.0;0.0;0.0;15026;82;0.0;0.0;0.0;0.0;15024.5;358.0
-1;10191.0;15023;90;0.0;0.0;0.0;0.0;15026;90;0.0;0.0;0.0;0.0;15024.5;348.125
-1;10192.0;15024;92;0.0;0.0;0.0;0.0;15027;92;0.0;0.0;0.0;0.0;15025.5;318.1875
-1;10193.0;15022;100;0.0;0.0;0.0;0.0;15025;100;0.0;0.0;0.0;0.0;15023.5;412.6875
-1;10194.0;15020;97;0.0;0.0;0.0;0.0;15023;97;0.0;0.0;0.0;0.0;15021.5;564.0625
-1;10195.0;15019;21;15018.0;55.0;0.0;0.0;15021;21;15022.0;55.0;0.0;0.0;15020.0;647.4375
-1;10196.0;15020;25;15019.0;67.0;0.0;0.0;15023;92;0.0;0.0;0.0;0.0;15021.5;580.625
-1;10197.0;15018;79;0.0;0.0;0.0;0.0;15021;79;0.0;0.0;0.0;0.0;15019.5;678.1875
-1;10198.0;15017;102;0.0;0.0;0.0;0.0;15020;102;0.0;0.0;0.0;0.0;15018.5;761.0625
-1;10199.0;15020;95;0.0;0.0;0.0;0.0;15023;95;0.0;0.0;0.0;0.0;15021.5;539.125
-1;10200.0;15023;110;0.0;0.0;0.0;0.0;15026;110;0.0;0.0;0.0;0.0;15024.5;356.125
-1;10201.0;15023;85;0.0;0.0;0.0;0.0;15026;85;0.0;0.0;0.0;0.0;15024.5;361.0
-1;10202.0;15026;36;15025.0;75.0;0.0;0.0;15029;111;0.0;0.0;0.0;0.0;15027.5;198.875
-1;10203.0;15026;82;0.0;0.0;0.0;0.0;15029;82;0.0;0.0;0.0;0.0;15027.5;165.5
-1;10204.0;15026;87;0.0;0.0;0.0;0.0;15029;22;15030.0;65.0;0.0;0.0;15027.5;152.5
-1;10205.0;15027;90;0.0;0.0;0.0;0.0;15030;90;0.0;0.0;0.0;0.0;15028.5;131.6875
-1;10206.0;15025;81;0.0;0.0;0.0;0.0;15028;81;0.0;0.0;0.0;0.0;15026.5;239.5625
-1;10207.0;15027;39;15026.0;68.0;0.0;0.0;15029;39;15030.0;68.0;0.0;0.0;15028.0;140.875
-1;10208.0;15026;100;0.0;0.0;0.0;0.0;15029;100;0.0;0.0;0.0;0.0;15027.5;184.0625
-1;10209.0;15027;94;0.0;0.0;0.0;0.0;15030;100;0.0;0.0;0.0;0.0;15028.5;116.5
-1;10210.0;15027;85;0.0;0.0;0.0;0.0;15030;85;0.0;0.0;0.0;0.0;15028.5;123.125
-1;10211.0;15026;101;0.0;0.0;0.0;0.0;15027;20;15029.0;101.0;0.0;0.0;15026.5;159.0625
-1;10212.0;15028;101;0.0;0.0;0.0;0.0;15031;101;0.0;0.0;0.0;0.0;15029.5;47.5
-1;10213.0;15029;88;0.0;0.0;0.0;0.0;15032;88;0.0;0.0;0.0;0.0;15030.5;-19.1875
-1;10214.0;15023;80;0.0;0.0;0.0;0.0;15024;21;15026.0;26.0;15027.0;54.0;15023.5;346.75
-1;10215.0;15026;78;0.0;0.0;0.0;0.0;15029;78;0.0;0.0;0.0;0.0;15027.5;140.375
-1;10216.0;15024;111;0.0;0.0;0.0;0.0;15027;111;0.0;0.0;0.0;0.0;15025.5;279.25
-1;10217.0;15026;81;0.0;0.0;0.0;0.0;15029;81;0.0;0.0;0.0;0.0;15027.5;131.625
-1;10218.0;15025;108;0.0;0.0;0.0;0.0;15026;22;15028.0;34.0;15029.0;74.0;15025.5;179.625
-1;10219.0;15022;89;0.0;0.0;0.0;0.0;15025;89;0.0;0.0;0.0;0.0;15023.5;442.125
-1;10220.0;15019;76;0.0;0.0;0.0;0.0;15022;76;0.0;0.0;0.0;0.0;15020.5;684.625
-1;10221.0;15018;75;0.0;0.0;0.0;0.0;15021;20;15022.0;55.0;0.0;0.0;15019.5;760.375
-1;10222.0;15020;80;0.0;0.0;0.0;0.0;15023;80;0.0;0.0;0.0;0.0;15021.5;610.125
-1;10223.0;15023;91;0.0;0.0;0.0;0.0;15026;31;15027.0;60.0;0.0;0.0;15024.5;344.0
-1;10224.0;15022;102;0.0;0.0;0.0;0.0;15025;102;0.0;0.0;0.0;0.0;15023.5;467.125
-1;10225.0;15023;94;0.0;0.0;0.0;0.0;15026;94;0.0;0.0;0.0;0.0;15024.5;372.75
-1;10226.0;15021;36;15020.0;58.0;0.0;0.0;15023;36;15024.0;58.0;0.0;0.0;15022.0;578.5
-1;10227.0;15022;93;0.0;0.0;0.0;0.0;15025;93;0.0;0.0;0.0;0.0;15023.5;437.375
-1;10228.0;15027;89;0.0;0.0;0.0;0.0;15030;89;0.0;0.0;0.0;0.0;15028.5;34.0
-1;10229.0;15027;34;15026.0;62.0;0.0;0.0;15029;34;15030.0;62.0;0.0;0.0;15028.0;82.5
-1;10230.0;15028;94;0.0;0.0;0.0;0.0;15031;94;0.0;0.0;0.0;0.0;15029.5;-29.125
-1;10231.0;15025;78;0.0;0.0;0.0;0.0;15028;28;15029.0;50.0;0.0;0.0;15026.5;182.75
-1;10232.0;15024;97;0.0;0.0;0.0;0.0;15027;97;0.0;0.0;0.0;0.0;15025.5;314.875
-1;10233.0;15023;84;0.0;0.0;0.0;0.0;15026;84;0.0;0.0;0.0;0.0;15024.5;367.875
-1;10234.0;15021;89;0.0;0.0;0.0;0.0;15024;89;0.0;0.0;0.0;0.0;15022.5;528.375
-1;10235.0;15019;83;0.0;0.0;0.0;0.0;15022;83;0.0;0.0;0.0;0.0;15020.5;708.875
-1;10236.0;15020;39;15019.0;20.0;15018.0;51.0;15022;71;0.0;0.0;0.0;0.0;15021.0;737.5
-1;10237.0;15019;93;0.0;0.0;0.0;0.0;15020;30;15022.0;93.0;0.0;0.0;15019.5;685.375
-1;10238.0;15017;86;0.0;0.0;0.0;0.0;15020;86;0.0;0.0;0.0;0.0;15018.5;873.25
-1;10239.0;15018;95;0.0;0.0;0.0;0.0;15021;30;15022.0;65.0;0.0;0.0;15019.5;762.5
-1;10240.0;15018;83;0.0;0.0;0.0;0.0;15021;83;0.0;0.0;0.0;0.0;15019.5;788.625
-1;10241.0;15020;35;15019.0;58.0;0.0;0.0;15022;35;15023.0;58.0;0.0;0.0;15021.0;661.875
-1;10242.0;15020;85;0.0;0.0;0.0;0.0;15023;85;0.0;0.0;0.0;0.0;15021.5;641.75
-1;10243.0;15019;80;0.0;0.0;0.0;0.0;15022;80;0.0;0.0;0.0;0.0;15020.5;703.375
-1;10244.0;15021;31;15020.0;75.0;0.0;0.0;15023;31;15024.0;75.0;0.0;0.0;15022.0;577.625
-1;10245.0;15028;27;15027.0;61.0;0.0;0.0;15030;27;15031.0;61.0;0.0;0.0;15029.0;5.25
-1;10246.0;15029;31;15028.0;68.0;0.0;0.0;15031;31;15032.0;68.0;0.0;0.0;15030.0;-76.375
-1;10247.0;15026;22;15025.0;61.0;0.0;0.0;15028;22;15029.0;61.0;0.0;0.0;15027.0;163.875
-1;10248.0;15025;74;0.0;0.0;0.0;0.0;15028;74;0.0;0.0;0.0;0.0;15026.5;199.0
-1;10249.0;15026;87;0.0;0.0;0.0;0.0;15029;87;0.0;0.0;0.0;0.0;15027.5;101.125
-1;10250.0;15023;30;15022.0;96.0;0.0;0.0;15025;96;0.0;0.0;0.0;0.0;15024.0;446.0
-1;10251.0;15028;110;0.0;0.0;0.0;0.0;15031;110;0.0;0.0;0.0;0.0;15029.5;-15.75
-1;10252.0;15024;103;0.0;0.0;0.0;0.0;15027;103;0.0;0.0;0.0;0.0;15025.5;285.625
-1;10253.0;15022;34;15021.0;69.0;0.0;0.0;15024;34;15025.0;69.0;0.0;0.0;15023.0;494.25
-1;10254.0;15021;25;15020.0;59.0;0.0;0.0;15024;84;0.0;0.0;0.0;0.0;15022.5;570.125
-1;10255.0;15022;34;15021.0;69.0;0.0;0.0;15025;103;0.0;0.0;0.0;0.0;15023.5;483.0
-1;10256.0;15023;98;0.0;0.0;0.0;0.0;15026;39;15027.0;59.0;0.0;0.0;15024.5;344.5
-1;10257.0;15021;100;0.0;0.0;0.0;0.0;15024;100;0.0;0.0;0.0;0.0;15022.5;546.25
-1;10258.0;15023;24;15022.0;61.0;0.0;0.0;15025;24;15026.0;61.0;0.0;0.0;15024.0;418.75
-1;10259.0;15023;36;15022.0;57.0;0.0;0.0;15026;93;0.0;0.0;0.0;0.0;15024.5;399.5
-1;10260.0;15028;96;0.0;0.0;0.0;0.0;15031;96;0.0;0.0;0.0;0.0;15029.5;-17.0
-1;10261.0;15033;98;0.0;0.0;0.0;0.0;15036;98;0.0;0.0;0.0;0.0;15034.5;-442.0
-1;10262.0;15033;29;15032.0;70.0;0.0;0.0;15035;29;15036.0;70.0;0.0;0.0;15034.0;-419.375
-1;10263.0;15032;103;0.0;0.0;0.0;0.0;15035;103;0.0;0.0;0.0;0.0;15033.5;-365.625
-1;10264.0;15033;96;0.0;0.0;0.0;0.0;15036;96;0.0;0.0;0.0;0.0;15034.5;-434.125
-1;10265.0;15032;84;0.0;0.0;0.0;0.0;15035;84;0.0;0.0;0.0;0.0;15033.5;-361.5
-1;10266.0;15033;36;15032.0;54.0;0.0;0.0;15035;36;15036.0;54.0;0.0;0.0;15034.0;-406.625
-1;10267.0;15029;39;15028.0;61.0;0.0;0.0;15032;100;0.0;0.0;0.0;0.0;15030.5;-94.375
-1;10268.0;15028;77;0.0;0.0;0.0;0.0;15031;77;0.0;0.0;0.0;0.0;15029.5;-36.75
-1;10269.0;15029;94;0.0;0.0;0.0;0.0;15032;94;0.0;0.0;0.0;0.0;15030.5;-131.375
-1;10270.0;15028;81;0.0;0.0;0.0;0.0;15031;81;0.0;0.0;0.0;0.0;15029.5;-59.375
-1;10271.0;15030;32;15029.0;55.0;0.0;0.0;15032;32;15033.0;55.0;0.0;0.0;15031.0;-171.75
-1;10272.0;15027;87;0.0;0.0;0.0;0.0;15030;87;0.0;0.0;0.0;0.0;15028.5;50.25
-1;10273.0;15025;84;0.0;0.0;0.0;0.0;15028;84;0.0;0.0;0.0;0.0;15026.5;184.0
-1;10274.0;15025;26;15024.0;67.0;0.0;0.0;15027;26;15028.0;67.0;0.0;0.0;15026.0;252.25
-1;10275.0;15025;33;15024.0;69.0;0.0;0.0;15027;33;15028.0;69.0;0.0;0.0;15026.0;257.375
-1;10276.0;15023;96;0.0;0.0;0.0;0.0;15026;96;0.0;0.0;0.0;0.0;15024.5;370.375
-1;10277.0;15022;93;0.0;0.0;0.0;0.0;15025;93;0.0;0.0;0.0;0.0;15023.5;452.25
-1;10278.0;15018;112;0.0;0.0;0.0;0.0;15021;37;15022.0;75.0;0.0;0.0;15019.5;768.75
-1;10279.0;15018;86;0.0;0.0;0.0;0.0;15021;86;0.0;0.0;0.0;0.0;15019.5;808.5
-1;10280.0;15021;29;15020.0;55.0;0.0;0.0;15023;29;15024.0;55.0;0.0;0.0;15022.0;590.375
-1;10281.0;15015;72;0.0;0.0;0.0;0.0;15018;72;0.0;0.0;0.0;0.0;15016.5;1040.875
-1;10282.0;15017;77;0.0;0.0;0.0;0.0;15020;77;0.0;0.0;0.0;0.0;15018.5;874.875
-1;10283.0;15016;91;0.0;0.0;0.0;0.0;15019;91;0.0;0.0;0.0;0.0;15017.5;978.125
-1;10284.0;15018;72;0.0;0.0;0.0;0.0;15021;72;0.0;0.0;0.0;0.0;15019.5;772.625
-1;10285.0;15014;98;0.0;0.0;0.0;0.0;15017;98;0.0;0.0;0.0;0.0;15015.5;1127.0
-1;10286.0;15015;85;0.0;0.0;0.0;0.0;15018;85;0.0;0.0;0.0;0.0;15016.5;1026.5
-1;10287.0;15017;22;15016.0;74.0;0.0;0.0;15020;96;0.0;0.0;0.0;0.0;15018.5;914.875
-1;10288.0;15018;103;0.0;0.0;0.0;0.0;15021;33;15022.0;70.0;0.0;0.0;15019.5;769.25
-1;10289.0;15015;90;0.0;0.0;0.0;0.0;15018;90;0.0;0.0;0.0;0.0;15016.5;1046.375
-1;10290.0;15019;90;0.0;0.0;0.0;0.0;15022;90;0.0;0.0;0.0;0.0;15020.5;689.875
-1;10291.0;15019;98;0.0;0.0;0.0;0.0;15022;98;0.0;0.0;0.0;0.0;15020.5;725.5
-1;10292.0;15018;94;0.0;0.0;0.0;0.0;15021;33;15022.0;61.0;0.0;0.0;15019.5;762.75
-1;10293.0;15019;22;15018.0;65.0;0.0;0.0;15022;87;0.0;0.0;0.0;0.0;15020.5;738.375
-1;10294.0;15019;106;0.0;0.0;0.0;0.0;15022;31;15023.0;75.0;0.0;0.0;15020.5;683.5
-1;10295.0;15019;96;0.0;0.0;0.0;0.0;15022;96;0.0;0.0;0.0;0.0;15020.5;702.25
-1;10296.0;15019;99;0.0;0.0;0.0;0.0;15022;99;0.0;0.0;0.0;0.0;15020.5;707.375
-1;10297.0;15020;97;0.0;0.0;0.0;0.0;15023;97;0.0;0.0;0.0;0.0;15021.5;605.875
-1;10298.0;15017;38;15016.0;64.0;0.0;0.0;15018;24;15020.0;102.0;0.0;0.0;15017.5;913.625
-1;10299.0;15013;38;15012.0;66.0;0.0;0.0;15016;104;0.0;0.0;0.0;0.0;15014.5;1248.0
-1;10300.0;15014;88;0.0;0.0;0.0;0.0;15017;88;0.0;0.0;0.0;0.0;15015.5;1151.5
-1;10301.0;15008;32;15007.0;72.0;0.0;0.0;15010;32;15011.0;72.0;0.0;0.0;15009.0;1687.25
-1;10302.0;15008;89;0.0;0.0;0.0;0.0;15011;89;0.0;0.0;0.0;0.0;15009.5;1657.5
-1;10303.0;15005;112;0.0;0.0;0.0;0.0;15008;112;0.0;0.0;0.0;0.0;15006.5;1876.5
-1;10304.0;15008;24;15007.0;72.0;0.0;0.0;15011;96;0.0;0.0;0.0;0.0;15009.5;1673.75
-1;10305.0;15006;95;0.0;0.0;0.0;0.0;15009;95;0.0;0.0;0.0;0.0;15007.5;1833.5
-1;10306.0;15004;107;0.0;0.0;0.0;0.0;15005;30;15007.0;107.0;0.0;0.0;15004.5;1964.875
-1;10307.0;15003;79;0.0;0.0;0.0;0.0;15006;79;0.0;0.0;0.0;0.0;15004.5;2093.25
-1;10308.0;15002;38;15001.0;63.0;0.0;0.0;15004;38;15005.0;63.0;0.0;0.0;15003.0;2203.125
-1;10309.0;15002;78;0.0;0.0;0.0;0.0;15005;78;0.0;0.0;0.0;0.0;15003.5;2163.25
-1;10310.0;15003;20;15002.0;59.0;0.0;0.0;15005;20;15006.0;59.0;0.0;0.0;15004.0;2106.625
-1;10311.0;15004;86;0.0;0.0;0.0;0.0;15007;86;0.0;0.0;0.0;0.0;15005.5;1964.625
-1;10312.0;15004;30;15003.0;61.0;0.0;0.0;15005;25;15007.0;91.0;0.0;0.0;15004.5;2019.5
-1;10313.0;15001;104;0.0;0.0;0.0;0.0;15004;31;15005.0;73.0;0.0;0.0;15002.5;2211.25
-1;10314.0;15002;99;0.0;0.0;0.0;0.0;15005;99;0.0;0.0;0.0;0.0;15003.5;2164.875
-1;10315.0;15002;92;0.0;0.0;0.0;0.0;15005;33;15006.0;59.0;0.0;0.0;15003.5;2128.75
-1;10316.0;15002;114;0.0;0.0;0.0;0.0;15005;114;0.0;0.0;0.0;0.0;15003.5;2159.875
-1;10317.0;15003;88;0.0;0.0;0.0;0.0;15006;88;0.0;0.0;0.0;0.0;15004.5;2084.75
-1;10318.0;15003;63;0.0;0.0;0.0;0.0;15004;3;15006.0;34.0;15007.0;63.0;15003.5;2004.875
-1;10319.0;15006;38;15005.0;67.0;0.0;0.0;15008;38;15009.0;67.0;0.0;0.0;15007.0;1756.625
-1;10320.0;15005;91;0.0;0.0;0.0;0.0;15008;91;0.0;0.0;0.0;0.0;15006.5;1818.875
-1;10321.0;15005;35;15004.0;56.0;0.0;0.0;15008;91;0.0;0.0;0.0;0.0;15006.5;1859.0
-1;10322.0;15001;99;0.0;0.0;0.0;0.0;15004;99;0.0;0.0;0.0;0.0;15002.5;2294.5
-1;10323.0;14999;36;14998.0;64.0;0.0;0.0;15001;36;15002.0;64.0;0.0;0.0;15000.0;2601.125
-1;10324.0;14999;33;14998.0;74.0;0.0;0.0;15001;33;15002.0;74.0;0.0;0.0;15000.0;2578.625
-1;10325.0;14998;94;0.0;0.0;0.0;0.0;15001;94;0.0;0.0;0.0;0.0;14999.5;2617.75
-1;10326.0;14998;81;0.0;0.0;0.0;0.0;15001;81;0.0;0.0;0.0;0.0;14999.5;2634.875
-1;10327.0;15000;89;0.0;0.0;0.0;0.0;15003;89;0.0;0.0;0.0;0.0;15001.5;2422.75
-1;10328.0;14998;82;0.0;0.0;0.0;0.0;15001;82;0.0;0.0;0.0;0.0;14999.5;2650.625
-1;10329.0;14998;84;0.0;0.0;0.0;0.0;15001;84;0.0;0.0;0.0;0.0;14999.5;2653.25
-1;10330.0;14994;39;14993.0;64.0;0.0;0.0;14997;103;0.0;0.0;0.0;0.0;14995.5;3164.375
-1;10331.0;14997;21;14996.0;61.0;0.0;0.0;14999;21;15000.0;61.0;0.0;0.0;14998.0;2835.5
-1;10332.0;14995;39;14994.0;68.0;0.0;0.0;14996;26;14997.0;39.0;14998.0;68.0;14995.5;3060.375
-1;10333.0;14995;39;14994.0;54.0;0.0;0.0;14997;39;14998.0;54.0;0.0;0.0;14996.0;3057.375
-1;10334.0;14990;92;0.0;0.0;0.0;0.0;14993;27;14994.0;65.0;0.0;0.0;14991.5;3555.875
-1;10335.0;14986;91;0.0;0.0;0.0;0.0;14989;24;14990.0;67.0;0.0;0.0;14987.5;4035.875
-1;10336.0;14985;78;0.0;0.0;0.0;0.0;14988;78;0.0;0.0;0.0;0.0;14986.5;4170.875
-1;10337.0;14984;81;0.0;0.0;0.0;0.0;14985;34;14987.0;81.0;0.0;0.0;14984.5;4280.875
-1;10338.0;14981;97;0.0;0.0;0.0;0.0;14984;31;14985.0;66.0;0.0;0.0;14982.5;4625.5
-1;10339.0;14985;94;0.0;0.0;0.0;0.0;14988;94;0.0;0.0;0.0;0.0;14986.5;4213.375
-1;10340.0;14989;91;0.0;0.0;0.0;0.0;14992;91;0.0;0.0;0.0;0.0;14990.5;3741.0
-1;10341.0;14987;21;14986.0;56.0;0.0;0.0;14989;21;14990.0;56.0;0.0;0.0;14988.0;4014.0
-1;10342.0;14984;99;0.0;0.0;0.0;0.0;14987;99;0.0;0.0;0.0;0.0;14985.5;4283.75
-1;10343.0;14983;84;0.0;0.0;0.0;0.0;14986;84;0.0;0.0;0.0;0.0;14984.5;4399.625
-1;10344.0;14982;97;0.0;0.0;0.0;0.0;14985;97;0.0;0.0;0.0;0.0;14983.5;4576.5
-1;10345.0;14985;89;0.0;0.0;0.0;0.0;14988;30;14989.0;59.0;0.0;0.0;14986.5;4150.75
-1;10346.0;14983;80;0.0;0.0;0.0;0.0;14984;28;14986.0;80.0;0.0;0.0;14983.5;4420.5
-1;10347.0;14986;88;0.0;0.0;0.0;0.0;14989;88;0.0;0.0;0.0;0.0;14987.5;4098.0
-1;10348.0;14984;74;0.0;0.0;0.0;0.0;14987;74;0.0;0.0;0.0;0.0;14985.5;4317.625
-1;10349.0;14985;21;14984.0;53.0;0.0;0.0;14987;21;14988.0;53.0;0.0;0.0;14986.0;4265.375
-1;10350.0;14985;92;0.0;0.0;0.0;0.0;14988;92;0.0;0.0;0.0;0.0;14986.5;4197.125
-1;10351.0;14987;39;14986.0;56.0;0.0;0.0;14990;95;0.0;0.0;0.0;0.0;14988.5;4001.375
-1;10352.0;14987;36;14986.0;72.0;0.0;0.0;14989;36;14990.0;72.0;0.0;0.0;14988.0;4024.375
-1;10353.0;14983;76;0.0;0.0;0.0;0.0;14986;76;0.0;0.0;0.0;0.0;14984.5;4465.375
-1;10354.0;14980;37;14979.0;69.0;0.0;0.0;14983;106;0.0;0.0;0.0;0.0;14981.5;4829.5
-1;10355.0;14978;20;14977.0;61.0;0.0;0.0;14980;20;14981.0;61.0;0.0;0.0;14979.0;5090.75
-1;10356.0;14977;114;0.0;0.0;0.0;0.0;14980;114;0.0;0.0;0.0;0.0;14978.5;5149.5
-1;10357.0;14975;79;0.0;0.0;0.0;0.0;14978;79;0.0;0.0;0.0;0.0;14976.5;5354.75
-1;10358.0;14977;27;14976.0;60.0;0.0;0.0;14979;27;14980.0;60.0;0.0;0.0;14978.0;5201.875
-1;10359.0;14977;35;14976.0;50.0;0.0;0.0;14980;85;0.0;0.0;0.0;0.0;14978.5;5185.375
-1;10360.0;14975;30;14974.0;100.0;0.0;0.0;14977;100;0.0;0.0;0.0;0.0;14976.0;5504.875
-1;10361.0;14973;109;0.0;0.0;0.0;0.0;14976;109;0.0;0.0;0.0;0.0;14974.5;5618.625
-1;10362.0;14976;77;0.0;0.0;0.0;0.0;14979;77;0.0;0.0;0.0;0.0;14977.5;5273.125
-1;10363.0;14975;91;0.0;0.0;0.0;0.0;14978;91;0.0;0.0;0.0;0.0;14976.5;5420.75
-1;10364.0;14975;75;0.0;0.0;0.0;0.0;14978;23;14979.0;52.0;0.0;0.0;14976.5;5345.375
-1;10365.0;14976;106;0.0;0.0;0.0;0.0;14979;40;14980.0;66.0;0.0;0.0;14977.5;5225.375
-1;10366.0;14976;82;0.0;0.0;0.0;0.0;14979;82;0.0;0.0;0.0;0.0;14977.5;5240.625
-1;10367.0;14974;115;0.0;0.0;0.0;0.0;14977;115;0.0;0.0;0.0;0.0;14975.5;5516.25
-1;10368.0;14971;85;0.0;0.0;0.0;0.0;14974;85;0.0;0.0;0.0;0.0;14972.5;5887.625
-1;10369.0;14973;21;14972.0;66.0;0.0;0.0;14974;23;14975.0;33.0;14976.0;66.0;14973.5;5660.125
-1;10370.0;14973;109;0.0;0.0;0.0;0.0;14976;109;0.0;0.0;0.0;0.0;14974.5;5598.125
-1;10371.0;14974;84;0.0;0.0;0.0;0.0;14977;84;0.0;0.0;0.0;0.0;14975.5;5508.75
-1;10372.0;14974;88;0.0;0.0;0.0;0.0;14977;88;0.0;0.0;0.0;0.0;14975.5;5503.375
-1;10373.0;14974;97;0.0;0.0;0.0;0.0;14977;97;0.0;0.0;0.0;0.0;14975.5;5502.25
-1;10374.0;14973;102;0.0;0.0;0.0;0.0;14976;31;14977.0;71.0;0.0;0.0;14974.5;5555.75
-1;10375.0;14973;39;14972.0;75.0;0.0;0.0;14975;39;14976.0;75.0;0.0;0.0;14974.0;5673.0
-1;10376.0;14974;74;0.0;0.0;0.0;0.0;14977;21;14978.0;53.0;0.0;0.0;14975.5;5434.125
-1;10377.0;14973;97;0.0;0.0;0.0;0.0;14976;97;0.0;0.0;0.0;0.0;14974.5;5636.75
-1;10378.0;14972;89;0.0;0.0;0.0;0.0;14975;89;0.0;0.0;0.0;0.0;14973.5;5710.0
-1;10379.0;14974;77;0.0;0.0;0.0;0.0;14977;77;0.0;0.0;0.0;0.0;14975.5;5438.75
-1;10380.0;14975;86;0.0;0.0;0.0;0.0;14978;86;0.0;0.0;0.0;0.0;14976.5;5377.875
-1;10381.0;14976;103;0.0;0.0;0.0;0.0;14979;103;0.0;0.0;0.0;0.0;14977.5;5229.625
-1;10382.0;14978;26;14977.0;101.0;0.0;0.0;14980;101;0.0;0.0;0.0;0.0;14979.0;5079.25
-1;10383.0;14976;101;0.0;0.0;0.0;0.0;14979;101;0.0;0.0;0.0;0.0;14977.5;5225.875
-1;10384.0;14976;107;0.0;0.0;0.0;0.0;14979;107;0.0;0.0;0.0;0.0;14977.5;5226.125
-1;10385.0;14977;82;0.0;0.0;0.0;0.0;14980;82;0.0;0.0;0.0;0.0;14978.5;5081.875
-1;10386.0;14975;98;0.0;0.0;0.0;0.0;14978;98;0.0;0.0;0.0;0.0;14976.5;5328.75
-1;10387.0;14978;100;0.0;0.0;0.0;0.0;14981;27;14982.0;73.0;0.0;0.0;14979.5;4888.875
-1;10388.0;14979;104;0.0;0.0;0.0;0.0;14982;104;0.0;0.0;0.0;0.0;14980.5;4809.125
-1;10389.0;14975;95;0.0;0.0;0.0;0.0;14978;95;0.0;0.0;0.0;0.0;14976.5;5316.125
-1;10390.0;14976;94;0.0;0.0;0.0;0.0;14979;94;0.0;0.0;0.0;0.0;14977.5;5246.875
-1;10391.0;14977;98;0.0;0.0;0.0;0.0;14980;98;0.0;0.0;0.0;0.0;14978.5;5103.625
-1;10392.0;14977;25;14976.0;103.0;0.0;0.0;14979;103;0.0;0.0;0.0;0.0;14978.0;5235.625
-1;10393.0;14979;111;0.0;0.0;0.0;0.0;14982;111;0.0;0.0;0.0;0.0;14980.5;4824.75
-1;10394.0;14977;108;0.0;0.0;0.0;0.0;14980;108;0.0;0.0;0.0;0.0;14978.5;5079.125
-1;10395.0;14976;100;0.0;0.0;0.0;0.0;14979;28;14980.0;72.0;0.0;0.0;14977.5;5159.125
-1;10396.0;14977;32;14976.0;50.0;0.0;0.0;14980;82;0.0;0.0;0.0;0.0;14978.5;5120.5
-1;10397.0;14982;23;14981.0;62.0;0.0;0.0;14984;23;14985.0;62.0;0.0;0.0;14983.0;4471.5
-1;10398.0;14984;92;0.0;0.0;0.0;0.0;14987;92;0.0;0.0;0.0;0.0;14985.5;4117.875
-1;10399.0;14985;32;14984.0;82.0;0.0;0.0;14987;82;0.0;0.0;0.0;0.0;14986.0;4089.25
-1;10400.0;14983;76;0.0;0.0;0.0;0.0;14986;26;14987.0;50.0;0.0;0.0;14984.5;4215.75
-1;10401.0;14982;23;14981.0;62.0;0.0;0.0;14983;33;14984.0;23.0;14985.0;62.0;14982.5;4456.125
-1;10402.0;14982;35;14981.0;72.0;0.0;0.0;14984;35;14985.0;72.0;0.0;0.0;14983.0;4458.875
-1;10403.0;14981;27;14980.0;50.0;0.0;0.0;14984;77;0.0;0.0;0.0;0.0;14982.5;4582.625
-1;10404.0;14981;104;0.0;0.0;0.0;0.0;14984;104;0.0;0.0;0.0;0.0;14982.5;4563.5
-1;10405.0;14981;74;0.0;0.0;0.0;0.0;14984;74;0.0;0.0;0.0;0.0;14982.5;4539.875
-1;10406.0;14979;22;14978.0;64.0;0.0;0.0;14981;22;14982.0;64.0;0.0;0.0;14980.0;4860.125
-1;10407.0;14980;73;0.0;0.0;0.0;0.0;14983;73;0.0;0.0;0.0;0.0;14981.5;4683.0
-1;10408.0;14978;82;0.0;0.0;0.0;0.0;14981;82;0.0;0.0;0.0;0.0;14979.5;4922.75
-1;10409.0;14975;98;0.0;0.0;0.0;0.0;14978;98;0.0;0.0;0.0;0.0;14976.5;5380.875
-1;10410.0;14974;24;14973.0;69.0;0.0;0.0;14976;24;14977.0;69.0;0.0;0.0;14975.0;5555.25
-1;10411.0;14971;30;14970.0;50.0;0.0;0.0;14972;39;14974.0;80.0;0.0;0.0;14971.5;5923.75
-1;10412.0;14971;31;14970.0;54.0;0.0;0.0;14973;31;14974.0;54.0;0.0;0.0;14972.0;5961.875
-1;10413.0;14972;78;0.0;0.0;0.0;0.0;14975;78;0.0;0.0;0.0;0.0;14973.5;5779.5
-1;10414.0;14972;77;0.0;0.0;0.0;0.0;14975;77;0.0;0.0;0.0;0.0;14973.5;5773.0
-1;10415.0;14976;39;14975.0;59.0;0.0;0.0;14978;39;14979.0;59.0;0.0;0.0;14977.0;5280.125
-1;10416.0;14978;27;14977.0;74.0;0.0;0.0;14980;27;14981.0;74.0;0.0;0.0;14979.0;5000.125
-1;10417.0;14975;32;14974.0;74.0;0.0;0.0;14978;106;0.0;0.0;0.0;0.0;14976.5;5390.625
-1;10418.0;14975;27;14974.0;71.0;0.0;0.0;14978;98;0.0;0.0;0.0;0.0;14976.5;5392.75
-1;10419.0;14979;74;0.0;0.0;0.0;0.0;14982;74;0.0;0.0;0.0;0.0;14980.5;4833.125
-1;10420.0;14978;26;14977.0;74.0;0.0;0.0;14980;26;14981.0;74.0;0.0;0.0;14979.0;4995.5
-1;10421.0;14974;98;0.0;0.0;0.0;0.0;14975;39;14977.0;98.0;0.0;0.0;14974.5;5467.25
-1;10422.0;14977;81;0.0;0.0;0.0;0.0;14980;81;0.0;0.0;0.0;0.0;14978.5;5074.375
-1;10423.0;14977;90;0.0;0.0;0.0;0.0;14980;90;0.0;0.0;0.0;0.0;14978.5;5064.5
-1;10424.0;14980;94;0.0;0.0;0.0;0.0;14983;94;0.0;0.0;0.0;0.0;14981.5;4660.625
-1;10425.0;14980;80;0.0;0.0;0.0;0.0;14983;80;0.0;0.0;0.0;0.0;14981.5;4641.625
-1;10426.0;14981;93;0.0;0.0;0.0;0.0;14984;93;0.0;0.0;0.0;0.0;14982.5;4554.375
-1;10427.0;14980;106;0.0;0.0;0.0;0.0;14983;32;14984.0;74.0;0.0;0.0;14981.5;4620.125
-1;10428.0;14980;105;0.0;0.0;0.0;0.0;14983;34;14984.0;71.0;0.0;0.0;14981.5;4617.25
-1;10429.0;14976;97;0.0;0.0;0.0;0.0;14979;97;0.0;0.0;0.0;0.0;14977.5;5239.625
-1;10430.0;14973;81;0.0;0.0;0.0;0.0;14976;81;0.0;0.0;0.0;0.0;14974.5;5578.625
-1;10431.0;14973;89;0.0;0.0;0.0;0.0;14976;89;0.0;0.0;0.0;0.0;14974.5;5582.875
-1;10432.0;14971;88;0.0;0.0;0.0;0.0;14974;88;0.0;0.0;0.0;0.0;14972.5;5909.875
-1;10433.0;14974;24;14973.0;57.0;0.0;0.0;14976;24;14977.0;57.0;0.0;0.0;14975.0;5535.0
-1;10434.0;14975;101;0.0;0.0;0.0;0.0;14978;101;0.0;0.0;0.0;0.0;14976.5;5355.375
-1;10435.0;14977;86;0.0;0.0;0.0;0.0;14978;28;14980.0;86.0;0.0;0.0;14977.5;5097.625
-1;10436.0;14979;24;14978.0;57.0;0.0;0.0;14981;24;14982.0;57.0;0.0;0.0;14980.0;4871.625
-1;10437.0;14979;77;0.0;0.0;0.0;0.0;14982;77;0.0;0.0;0.0;0.0;14980.5;4826.625
-1;10438.0;14976;99;0.0;0.0;0.0;0.0;14979;99;0.0;0.0;0.0;0.0;14977.5;5178.375
-1;10439.0;14980;110;0.0;0.0;0.0;0.0;14983;40;14984.0;70.0;0.0;0.0;14981.5;4617.875
-1;10440.0;14980;100;0.0;0.0;0.0;0.0;14983;100;0.0;0.0;0.0;0.0;14981.5;4643.0
-1;10441.0;14984;34;14983.0;54.0;0.0;0.0;14986;34;14987.0;54.0;0.0;0.0;14985.0;4182.625
-1;10442.0;14982;101;0.0;0.0;0.0;0.0;14985;101;0.0;0.0;0.0;0.0;14983.5;4371.875
-1;10443.0;14979;100;0.0;0.0;0.0;0.0;14982;100;0.0;0.0;0.0;0.0;14980.5;4834.375
-1;10444.0;14979;86;0.0;0.0;0.0;0.0;14980;21;14982.0;86.0;0.0;0.0;14979.5;4768.75
-1;10445.0;14979;25;14978.0;72.0;0.0;0.0;14981;25;14982.0;72.0;0.0;0.0;14980.0;4882.375
-1;10446.0;14978;86;0.0;0.0;0.0;0.0;14981;86;0.0;0.0;0.0;0.0;14979.5;4965.75
-1;10447.0;14977;90;0.0;0.0;0.0;0.0;14980;35;14981.0;55.0;0.0;0.0;14978.5;5030.0
-1;10448.0;14979;89;0.0;0.0;0.0;0.0;14982;89;0.0;0.0;0.0;0.0;14980.5;4832.875
-1;10449.0;14974;25;14973.0;70.0;0.0;0.0;14976;25;14977.0;70.0;0.0;0.0;14975.0;5556.125
-1;10450.0;14973;90;0.0;0.0;0.0;0.0;14976;90;0.0;0.0;0.0;0.0;14974.5;5582.0
-1;10451.0;14977;35;14976.0;104.0;0.0;0.0;14979;104;0.0;0.0;0.0;0.0;14978.0;5195.875
-1;10452.0;14971;99;0.0;0.0;0.0;0.0;14974;99;0.0;0.0;0.0;0.0;14972.5;5874.0
-1;10453.0;14972;21;14971.0;56.0;0.0;0.0;14974;21;14975.0;56.0;0.0;0.0;14973.0;5811.5
-1;10454.0;14967;20;14966.0;53.0;0.0;0.0;14970;73;0.0;0.0;0.0;0.0;14968.5;6464.125
-1;10455.0;14961;95;0.0;0.0;0.0;0.0;14964;95;0.0;0.0;0.0;0.0;14962.5;7218.0
-1;10456.0;14959;37;14958.0;55.0;0.0;0.0;14962;92;0.0;0.0;0.0;0.0;14960.5;7547.75
-1;10457.0;14956;76;0.0;0.0;0.0;0.0;14959;24;14960.0;52.0;0.0;0.0;14957.5;7863.25
-1;10458.0;14956;102;0.0;0.0;0.0;0.0;14959;102;0.0;0.0;0.0;0.0;14957.5;7937.5
-1;10459.0;14952;34;14951.0;58.0;0.0;0.0;14954;34;14955.0;58.0;0.0;0.0;14953.0;8526.25
-1;10460.0;14951;94;0.0;0.0;0.0;0.0;14954;94;0.0;0.0;0.0;0.0;14952.5;8617.75
-1;10461.0;14952;96;0.0;0.0;0.0;0.0;14955;96;0.0;0.0;0.0;0.0;14953.5;8473.0
-1;10462.0;14949;84;0.0;0.0;0.0;0.0;14952;84;0.0;0.0;0.0;0.0;14950.5;8867.375
-1;10463.0;14949;36;14948.0;75.0;0.0;0.0;14952;111;0.0;0.0;0.0;0.0;14950.5;8896.5
-1;10464.0;14950;22;14949.0;63.0;0.0;0.0;14952;22;14953.0;63.0;0.0;0.0;14951.0;8789.875
-1;10465.0;14949;107;0.0;0.0;0.0;0.0;14952;107;0.0;0.0;0.0;0.0;14950.5;8876.875
-1;10466.0;14950;115;0.0;0.0;0.0;0.0;14953;115;0.0;0.0;0.0;0.0;14951.5;8703.5
-1;10467.0;14950;82;0.0;0.0;0.0;0.0;14953;82;0.0;0.0;0.0;0.0;14951.5;8680.25
-1;10468.0;14954;40;14953.0;65.0;0.0;0.0;14957;105;0.0;0.0;0.0;0.0;14955.5;8222.625
-1;10469.0;14954;98;0.0;0.0;0.0;0.0;14957;98;0.0;0.0;0.0;0.0;14955.5;8155.25
-1;10470.0;14952;91;0.0;0.0;0.0;0.0;14953;27;14955.0;91.0;0.0;0.0;14952.5;8470.125
-1;10471.0;14951;95;0.0;0.0;0.0;0.0;14954;95;0.0;0.0;0.0;0.0;14952.5;8604.0
-1;10472.0;14951;78;0.0;0.0;0.0;0.0;14954;78;0.0;0.0;0.0;0.0;14952.5;8609.625
-1;10473.0;14957;29;14956.0;74.0;0.0;0.0;14959;29;14960.0;74.0;0.0;0.0;14958.0;7828.375
-1;10474.0;14954;96;0.0;0.0;0.0;0.0;14957;96;0.0;0.0;0.0;0.0;14955.5;8216.875
-1;10475.0;14953;23;14952.0;84.0;0.0;0.0;14955;30;14956.0;54.0;0.0;0.0;14954.0;8401.125
-1;10476.0;14952;24;14951.0;62.0;0.0;0.0;14953;38;14955.0;86.0;0.0;0.0;14952.5;8493.375
-1;10477.0;14951;80;0.0;0.0;0.0;0.0;14954;26;14955.0;54.0;0.0;0.0;14952.5;8536.875
-1;10478.0;14954;87;0.0;0.0;0.0;0.0;14957;25;14958.0;62.0;0.0;0.0;14955.5;8127.75
-1;10479.0;14957;25;14956.0;102.0;0.0;0.0;14959;102;0.0;0.0;0.0;0.0;14958.0;7941.25
-1;10480.0;14958;85;0.0;0.0;0.0;0.0;14961;85;0.0;0.0;0.0;0.0;14959.5;7669.875
-1;10481.0;14959;37;14958.0;61.0;0.0;0.0;14962;98;0.0;0.0;0.0;0.0;14960.5;7552.25
-1;10482.0;14962;77;0.0;0.0;0.0;0.0;14965;77;0.0;0.0;0.0;0.0;14963.5;7108.25
-1;10483.0;14959;39;14958.0;53.0;0.0;0.0;14962;92;0.0;0.0;0.0;0.0;14960.5;7554.0
-1;10484.0;14957;106;0.0;0.0;0.0;0.0;14960;106;0.0;0.0;0.0;0.0;14958.5;7795.25
-1;10485.0;14955;96;0.0;0.0;0.0;0.0;14958;96;0.0;0.0;0.0;0.0;14956.5;8080.375
-1;10486.0;14955;39;14954.0;51.0;0.0;0.0;14957;39;14958.0;51.0;0.0;0.0;14956.0;8115.5
-1;10487.0;14955;84;0.0;0.0;0.0;0.0;14958;28;14959.0;56.0;0.0;0.0;14956.5;7997.5
-1;10488.0;14958;98;0.0;0.0;0.0;0.0;14961;98;0.0;0.0;0.0;0.0;14959.5;7665.0
-1;10489.0;14959;107;0.0;0.0;0.0;0.0;14962;107;0.0;0.0;0.0;0.0;14960.5;7488.0
-1;10490.0;14962;27;14961.0;52.0;0.0;0.0;14963;35;14965.0;79.0;0.0;0.0;14962.5;7144.125
-1;10491.0;14962;96;0.0;0.0;0.0;0.0;14965;96;0.0;0.0;0.0;0.0;14963.5;7090.75
-1;10492.0;14962;23;14961.0;52.0;0.0;0.0;14964;23;14965.0;52.0;0.0;0.0;14963.0;7152.5
-1;10493.0;14961;88;0.0;0.0;0.0;0.0;14964;88;0.0;0.0;0.0;0.0;14962.5;7252.625
-1;10494.0;14959;110;0.0;0.0;0.0;0.0;14962;110;0.0;0.0;0.0;0.0;14960.5;7496.75
-1;10495.0;14957;20;14956.0;62.0;0.0;0.0;14959;20;14960.0;62.0;0.0;0.0;14958.0;7850.625
-1;10496.0;14954;83;0.0;0.0;0.0;0.0;14957;83;0.0;0.0;0.0;0.0;14955.5;8147.25
-1;10497.0;14953;82;0.0;0.0;0.0;0.0;14956;82;0.0;0.0;0.0;0.0;14954.5;8279.625
-1;10498.0;14955;93;0.0;0.0;0.0;0.0;14958;93;0.0;0.0;0.0;0.0;14956.5;8006.625
-1;10499.0;14959;27;14958.0;67.0;0.0;0.0;14961;27;14962.0;67.0;0.0;0.0;14960.0;7581.75
-1;10500.0;14960;113;0.0;0.0;0.0;0.0;14963;113;0.0;0.0;0.0;0.0;14961.5;7391.0
-1;10501.0;14965;91;0.0;0.0;0.0;0.0;14968;91;0.0;0.0;0.0;0.0;14966.5;6654.125
-1;10502.0;14966;28;14965.0;75.0;0.0;0.0;14968;28;14969.0;75.0;0.0;0.0;14967.0;6630.375
-1;10503.0;14963;76;0.0;0.0;0.0;0.0;14966;76;0.0;0.0;0.0;0.0;14964.5;6974.625
-1;10504.0;14962;81;0.0;0.0;0.0;0.0;14965;81;0.0;0.0;0.0;0.0;14963.5;7110.25
-1;10505.0;14962;103;0.0;0.0;0.0;0.0;14965;103;0.0;0.0;0.0;0.0;14963.5;7089.375
-1;10506.0;14962;88;0.0;0.0;0.0;0.0;14965;88;0.0;0.0;0.0;0.0;14963.5;7109.625
-1;10507.0;14963;90;0.0;0.0;0.0;0.0;14966;90;0.0;0.0;0.0;0.0;14964.5;6965.125
-1;10508.0;14963;80;0.0;0.0;0.0;0.0;14966;80;0.0;0.0;0.0;0.0;14964.5;6935.625
-1;10509.0;14962;38;14961.0;69.0;0.0;0.0;14965;107;0.0;0.0;0.0;0.0;14963.5;7149.0
-1;10510.0;14959;59;0.0;0.0;0.0;0.0;14960;4;14962.0;28.0;14963.0;59.0;14959.5;7422.0
-1;10511.0;14957;35;14956.0;61.0;0.0;0.0;14960;96;0.0;0.0;0.0;0.0;14958.5;7877.0
-1;10512.0;14952;98;0.0;0.0;0.0;0.0;14955;98;0.0;0.0;0.0;0.0;14953.5;8651.25
-1;10513.0;14950;78;0.0;0.0;0.0;0.0;14953;78;0.0;0.0;0.0;0.0;14951.5;8908.75
-1;10514.0;14951;89;0.0;0.0;0.0;0.0;14954;89;0.0;0.0;0.0;0.0;14952.5;8743.75
-1;10515.0;14950;37;14949.0;59.0;0.0;0.0;14952;37;14953.0;59.0;0.0;0.0;14951.0;9043.75
-1;10516.0;14948;89;0.0;0.0;0.0;0.0;14951;89;0.0;0.0;0.0;0.0;14949.5;9250.75
-1;10517.0;14950;76;0.0;0.0;0.0;0.0;14953;76;0.0;0.0;0.0;0.0;14951.5;8919.0
-1;10518.0;14948;95;0.0;0.0;0.0;0.0;14951;95;0.0;0.0;0.0;0.0;14949.5;9302.75
-1;10519.0;14949;101;0.0;0.0;0.0;0.0;14952;101;0.0;0.0;0.0;0.0;14950.5;9166.25
-1;10520.0;14948;98;0.0;0.0;0.0;0.0;14951;98;0.0;0.0;0.0;0.0;14949.5;9286.5
-1;10521.0;14951;90;0.0;0.0;0.0;0.0;14954;90;0.0;0.0;0.0;0.0;14952.5;8765.75
-1;10522.0;14953;99;0.0;0.0;0.0;0.0;14956;99;0.0;0.0;0.0;0.0;14954.5;8460.25
-1;10523.0;14950;76;0.0;0.0;0.0;0.0;14953;76;0.0;0.0;0.0;0.0;14951.5;8956.25
-1;10524.0;14951;38;14950.0;58.0;0.0;0.0;14953;38;14954.0;58.0;0.0;0.0;14952.0;8888.0
-1;10525.0;14950;92;0.0;0.0;0.0;0.0;14953;92;0.0;0.0;0.0;0.0;14951.5;8957.0
-1;10526.0;14952;77;0.0;0.0;0.0;0.0;14955;77;0.0;0.0;0.0;0.0;14953.5;8649.0
-1;10527.0;14953;86;0.0;0.0;0.0;0.0;14954;39;14956.0;86.0;0.0;0.0;14953.5;8481.25
-1;10528.0;14955;75;0.0;0.0;0.0;0.0;14958;75;0.0;0.0;0.0;0.0;14956.5;8111.75
-1;10529.0;14954;80;0.0;0.0;0.0;0.0;14957;80;0.0;0.0;0.0;0.0;14955.5;8277.75
-1;10530.0;14949;97;0.0;0.0;0.0;0.0;14952;26;14953.0;71.0;0.0;0.0;14950.5;9065.75
-1;10531.0;14950;23;14949.0;86.0;0.0;0.0;14952;86;0.0;0.0;0.0;0.0;14951.0;9167.0
-1;10532.0;14949;90;0.0;0.0;0.0;0.0;14952;90;0.0;0.0;0.0;0.0;14950.5;9123.5
-1;10533.0;14951;28;14950.0;64.0;0.0;0.0;14952;26;14954.0;92.0;0.0;0.0;14951.5;8849.75
-1;10534.0;14951;39;14950.0;72.0;0.0;0.0;14953;39;14954.0;72.0;0.0;0.0;14952.0;8882.25
-1;10535.0;14954;32;14953.0;70.0;0.0;0.0;14956;32;14957.0;70.0;0.0;0.0;14955.0;8378.0
-1;10536.0;14953;93;0.0;0.0;0.0;0.0;14956;93;0.0;0.0;0.0;0.0;14954.5;8438.25
-1;10537.0;14954;79;0.0;0.0;0.0;0.0;14957;79;0.0;0.0;0.0;0.0;14955.5;8295.75
-1;10538.0;14952;40;14951.0;62.0;0.0;0.0;14955;102;0.0;0.0;0.0;0.0;14953.5;8680.5
-1;10539.0;14953;98;0.0;0.0;0.0;0.0;14956;98;0.0;0.0;0.0;0.0;14954.5;8507.5
-1;10540.0;14950;77;0.0;0.0;0.0;0.0;14953;77;0.0;0.0;0.0;0.0;14951.5;8951.0
-1;10541.0;14949;83;0.0;0.0;0.0;0.0;14952;83;0.0;0.0;0.0;0.0;14950.5;9114.75
-1;10542.0;14952;34;14951.0;73.0;0.0;0.0;14954;34;14955.0;73.0;0.0;0.0;14953.0;8716.0
-1;10543.0;14952;27;14951.0;72.0;0.0;0.0;14954;27;14955.0;72.0;0.0;0.0;14953.0;8709.75
-1;10544.0;14955;87;0.0;0.0;0.0;0.0;14958;87;0.0;0.0;0.0;0.0;14956.5;8148.0
-1;10545.0;14955;85;0.0;0.0;0.0;0.0;14958;85;0.0;0.0;0.0;0.0;14956.5;8158.25
-1;10546.0;14957;40;14956.0;53.0;0.0;0.0;14959;40;14960.0;53.0;0.0;0.0;14958.0;7898.75
-1;10547.0;14952;102;0.0;0.0;0.0;0.0;14955;102;0.0;0.0;0.0;0.0;14953.5;8636.25
-1;10548.0;14952;84;0.0;0.0;0.0;0.0;14955;84;0.0;0.0;0.0;0.0;14953.5;8634.0
-1;10549.0;14950;93;0.0;0.0;0.0;0.0;14953;93;0.0;0.0;0.0;0.0;14951.5;9000.75
-1;10550.0;14950;88;0.0;0.0;0.0;0.0;14953;88;0.0;0.0;0.0;0.0;14951.5;8971.0
-1;10551.0;14951;21;14950.0;53.0;0.0;0.0;14953;21;14954.0;53.0;0.0;0.0;14952.0;8870.0
-1;10552.0;14950;83;0.0;0.0;0.0;0.0;14953;83;0.0;0.0;0.0;0.0;14951.5;8980.0
-1;10553.0;14950;105;0.0;0.0;0.0;0.0;14953;105;0.0;0.0;0.0;0.0;14951.5;8966.75
-1;10554.0;14948;29;14947.0;64.0;0.0;0.0;14950;29;14951.0;64.0;0.0;0.0;14949.0;9352.25
-1;10555.0;14945;107;0.0;0.0;0.0;0.0;14948;107;0.0;0.0;0.0;0.0;14946.5;9805.25
-1;10556.0;14945;38;14944.0;20.0;14943.0;53.0;14946;20;14947.0;53.0;0.0;0.0;14945.5;10001.75
-1;10557.0;14941;97;0.0;0.0;0.0;0.0;14944;97;0.0;0.0;0.0;0.0;14942.5;10435.5
-1;10558.0;14942;94;0.0;0.0;0.0;0.0;14945;94;0.0;0.0;0.0;0.0;14943.5;10290.75
-1;10559.0;14941;101;0.0;0.0;0.0;0.0;14944;33;14945.0;68.0;0.0;0.0;14942.5;10365.0
-1;10560.0;14938;91;0.0;0.0;0.0;0.0;14941;91;0.0;0.0;0.0;0.0;14939.5;10958.0
-1;10561.0;14939;40;14938.0;65.0;0.0;0.0;14941;40;14942.0;65.0;0.0;0.0;14940.0;10829.0
-1;10562.0;14940;24;14939.0;62.0;0.0;0.0;14943;86;0.0;0.0;0.0;0.0;14941.5;10637.5
-1;10563.0;14941;24;14940.0;51.0;0.0;0.0;14943;24;14944.0;51.0;0.0;0.0;14942.0;10514.25
-1;10564.0;14937;106;0.0;0.0;0.0;0.0;14940;106;0.0;0.0;0.0;0.0;14938.5;11068.0
-1;10565.0;14934;94;0.0;0.0;0.0;0.0;14937;94;0.0;0.0;0.0;0.0;14935.5;11598.75
-1;10566.0;14936;83;0.0;0.0;0.0;0.0;14939;83;0.0;0.0;0.0;0.0;14937.5;11240.5
-1;10567.0;14934;93;0.0;0.0;0.0;0.0;14937;36;14938.0;57.0;0.0;0.0;14935.5;11510.25
-1;10568.0;14928;75;0.0;0.0;0.0;0.0;14931;75;0.0;0.0;0.0;0.0;14929.5;12567.25
-1;10569.0;14930;78;0.0;0.0;0.0;0.0;14933;78;0.0;0.0;0.0;0.0;14931.5;12204.5
-1;10570.0;14931;24;14930.0;36.0;14929.0;60.0;14932;36;14933.0;60.0;0.0;0.0;14931.5;12296.5
-1;10571.0;14929;100;0.0;0.0;0.0;0.0;14932;100;0.0;0.0;0.0;0.0;14930.5;12365.0
-1;10572.0;14925;96;0.0;0.0;0.0;0.0;14928;96;0.0;0.0;0.0;0.0;14926.5;13013.5
-1;10573.0;14927;75;0.0;0.0;0.0;0.0;14930;75;0.0;0.0;0.0;0.0;14928.5;12747.25
-1;10574.0;14924;67;14923.0;69.0;0.0;0.0;14926;35;14927.0;69.0;0.0;0.0;14925.0;13279.0
-1;10575.0;14923;86;0.0;0.0;0.0;0.0;14926;86;0.0;0.0;0.0;0.0;14924.5;13332.25
-1;10576.0;14923;60;0.0;0.0;0.0;0.0;14926;72;0.0;0.0;0.0;0.0;14924.5;13340.5
-1;10577.0;14923;83;0.0;0.0;0.0;0.0;14926;83;0.0;0.0;0.0;0.0;14924.5;13315.5
-1;10578.0;14920;95;0.0;0.0;0.0;0.0;14923;95;0.0;0.0;0.0;0.0;14921.5;13869.25
-1;10579.0;14922;103;0.0;0.0;0.0;0.0;14925;103;0.0;0.0;0.0;0.0;14923.5;13481.25
-1;10580.0;14918;89;0.0;0.0;0.0;0.0;14921;89;0.0;0.0;0.0;0.0;14919.5;14200.75
-1;10581.0;14922;20;14921.0;86.0;0.0;0.0;14924;86;0.0;0.0;0.0;0.0;14923.0;13706.25
-1;10582.0;14922;85;0.0;0.0;0.0;0.0;14925;85;0.0;0.0;0.0;0.0;14923.5;13498.0
-1;10583.0;14923;79;0.0;0.0;0.0;0.0;14926;79;0.0;0.0;0.0;0.0;14924.5;13383.0
-1;10584.0;14922;25;14921.0;63.0;0.0;0.0;14924;25;14925.0;63.0;0.0;0.0;14923.0;13616.75
-1;10585.0;14922;100;0.0;0.0;0.0;0.0;14925;100;0.0;0.0;0.0;0.0;14923.5;13555.25
-1;10586.0;14919;24;14918.0;71.0;0.0;0.0;14922;95;0.0;0.0;0.0;0.0;14920.5;14101.75
-1;10587.0;14917;75;0.0;0.0;0.0;0.0;14920;75;0.0;0.0;0.0;0.0;14918.5;14422.25
-1;10588.0;14916;79;0.0;0.0;0.0;0.0;14919;79;0.0;0.0;0.0;0.0;14917.5;14593.25
-1;10589.0;14915;32;14914.0;54.0;0.0;0.0;14918;86;0.0;0.0;0.0;0.0;14916.5;14805.0
-1;10590.0;14915;104;0.0;0.0;0.0;0.0;14918;104;0.0;0.0;0.0;0.0;14916.5;14791.75
-1;10591.0;14916;99;0.0;0.0;0.0;0.0;14919;99;0.0;0.0;0.0;0.0;14917.5;14578.25
-1;10592.0;14913;101;0.0;0.0;0.0;0.0;14916;101;0.0;0.0;0.0;0.0;14914.5;15092.5
-1;10593.0;14909;32;14908.0;68.0;0.0;0.0;14911;32;14912.0;68.0;0.0;0.0;14910.0;15868.25
-1;10594.0;14910;85;0.0;0.0;0.0;0.0;14913;85;0.0;0.0;0.0;0.0;14911.5;15631.5
-1;10595.0;14912;98;0.0;0.0;0.0;0.0;14915;98;0.0;0.0;0.0;0.0;14913.5;15302.25
-1;10596.0;14914;106;0.0;0.0;0.0;0.0;14917;106;0.0;0.0;0.0;0.0;14915.5;14949.0
-1;10597.0;14912;89;0.0;0.0;0.0;0.0;14915;89;0.0;0.0;0.0;0.0;14913.5;15258.0
-1;10598.0;14909;94;0.0;0.0;0.0;0.0;14912;94;0.0;0.0;0.0;0.0;14910.5;15745.25
-1;10599.0;14910;82;0.0;0.0;0.0;0.0;14913;82;0.0;0.0;0.0;0.0;14911.5;15571.0
-1;10600.0;14909;21;14908.0;56.0;0.0;0.0;14912;77;0.0;0.0;0.0;0.0;14910.5;15851.5
-1;10601.0;14908;93;0.0;0.0;0.0;0.0;14911;93;0.0;0.0;0.0;0.0;14909.5;15984.5
-1;10602.0;14909;100;0.0;0.0;0.0;0.0;14912;100;0.0;0.0;0.0;0.0;14910.5;15741.75
-1;10603.0;14911;29;14910.0;70.0;0.0;0.0;14914;99;0.0;0.0;0.0;0.0;14912.5;15496.0
-1;10604.0;14912;34;14911.0;53.0;0.0;0.0;14914;34;14915.0;53.0;0.0;0.0;14913.0;15346.75
-1;10605.0;14910;109;0.0;0.0;0.0;0.0;14913;109;0.0;0.0;0.0;0.0;14911.5;15563.75
-1;10606.0;14911;85;0.0;0.0;0.0;0.0;14914;85;0.0;0.0;0.0;0.0;14912.5;15408.0
-1;10607.0;14911;33;14910.0;67.0;0.0;0.0;14914;100;0.0;0.0;0.0;0.0;14912.5;15504.0
-1;10608.0;14912;102;0.0;0.0;0.0;0.0;14915;102;0.0;0.0;0.0;0.0;14913.5;15268.25
-1;10609.0;14911;92;0.0;0.0;0.0;0.0;14914;92;0.0;0.0;0.0;0.0;14912.5;15426.25
-1;10610.0;14913;29;14912.0;62.0;0.0;0.0;14916;91;0.0;0.0;0.0;0.0;14914.5;15145.25
-1;10611.0;14911;100;0.0;0.0;0.0;0.0;14914;100;0.0;0.0;0.0;0.0;14912.5;15441.5
-1;10612.0;14913;109;0.0;0.0;0.0;0.0;14916;109;0.0;0.0;0.0;0.0;14914.5;15113.5
-1;10613.0;14913;99;0.0;0.0;0.0;0.0;14916;99;0.0;0.0;0.0;0.0;14914.5;15057.5
-1;10614.0;14912;82;0.0;0.0;0.0;0.0;14915;82;0.0;0.0;0.0;0.0;14913.5;15223.75
-1;10615.0;14909;85;0.0;0.0;0.0;0.0;14912;85;0.0;0.0;0.0;0.0;14910.5;15802.0
-1;10616.0;14907;83;0.0;0.0;0.0;0.0;14910;83;0.0;0.0;0.0;0.0;14908.5;16149.5
-1;10617.0;14906;75;0.0;0.0;0.0;0.0;14909;21;14910.0;54.0;0.0;0.0;14907.5;16254.25
-1;10618.0;14910;95;0.0;0.0;0.0;0.0;14913;23;14914.0;72.0;0.0;0.0;14911.5;15547.5
-1;10619.0;14911;88;0.0;0.0;0.0;0.0;14914;88;0.0;0.0;0.0;0.0;14912.5;15483.75
-1;10620.0;14908;87;0.0;0.0;0.0;0.0;14911;87;0.0;0.0;0.0;0.0;14909.5;15964.0
-1;10621.0;14909;21;14908.0;28.0;14907.0;60.0;14910;28;14911.0;60.0;0.0;0.0;14909.5;16045.75
-1;10622.0;14908;26;14907.0;58.0;0.0;0.0;14910;26;14911.0;58.0;0.0;0.0;14909.0;16043.5
-1;10623.0;14907;100;0.0;0.0;0.0;0.0;14910;100;0.0;0.0;0.0;0.0;14908.5;16176.75
-1;10624.0;14906;101;0.0;0.0;0.0;0.0;14909;101;0.0;0.0;0.0;0.0;14907.5;16339.75
-1;10625.0;14904;78;0.0;0.0;0.0;0.0;14907;78;0.0;0.0;0.0;0.0;14905.5;16663.75
-1;10626.0;14903;105;0.0;0.0;0.0;0.0;14906;105;0.0;0.0;0.0;0.0;14904.5;16875.5
-1;10627.0;14902;95;0.0;0.0;0.0;0.0;14905;37;14906.0;58.0;0.0;0.0;14903.5;16953.75
-1;10628.0;14903;109;0.0;0.0;0.0;0.0;14906;109;0.0;0.0;0.0;0.0;14904.5;16826.75
-1;10629.0;14902;113;0.0;0.0;0.0;0.0;14905;113;0.0;0.0;0.0;0.0;14903.5;16992.75
-1;10630.0;14900;91;0.0;0.0;0.0;0.0;14903;91;0.0;0.0;0.0;0.0;14901.5;17331.25
-1;10631.0;14903;22;14902.0;99.0;0.0;0.0;14905;99;0.0;0.0;0.0;0.0;14904.0;17045.25
-1;10632.0;14901;27;14900.0;74.0;0.0;0.0;14903;27;14904.0;74.0;0.0;0.0;14902.0;17264.25
-1;10633.0;14897;93;0.0;0.0;0.0;0.0;14900;93;0.0;0.0;0.0;0.0;14898.5;17850.5
-1;10634.0;14897;34;14896.0;50.0;0.0;0.0;14899;34;14900.0;50.0;0.0;0.0;14898.0;17965.0
-1;10635.0;14896;99;0.0;0.0;0.0;0.0;14899;99;0.0;0.0;0.0;0.0;14897.5;18111.5
-1;10636.0;14896;101;0.0;0.0;0.0;0.0;14899;101;0.0;0.0;0.0;0.0;14897.5;18029.0
-1;10637.0;14897;40;14896.0;52.0;0.0;0.0;14899;40;14900.0;52.0;0.0;0.0;14898.0;17988.75
-1;10638.0;14893;93;0.0;0.0;0.0;0.0;14896;93;0.0;0.0;0.0;0.0;14894.5;18600.0
-1;10639.0;14891;99;0.0;0.0;0.0;0.0;14894;29;14895.0;70.0;0.0;0.0;14892.5;18874.5
-1;10640.0;14892;31;14891.0;63.0;0.0;0.0;14894;31;14895.0;63.0;0.0;0.0;14893.0;18842.75
-1;10641.0;14893;104;0.0;0.0;0.0;0.0;14896;104;0.0;0.0;0.0;0.0;14894.5;18620.0
-1;10642.0;14890;79;0.0;0.0;0.0;0.0;14893;21;14894.0;58.0;0.0;0.0;14891.5;19053.25
-1;10643.0;14891;27;14890.0;54.0;0.0;0.0;14894;81;0.0;0.0;0.0;0.0;14892.5;18997.0
-1;10644.0;14889;72;0.0;0.0;0.0;0.0;14892;72;0.0;0.0;0.0;0.0;14890.5;19298.75
-1;10645.0;14888;39;14887.0;36.0;14886.0;61.0;14890;97;0.0;0.0;0.0;0.0;14889.0;19706.25
-1;10646.0;14887;35;14886.0;27.0;14885.0;55.0;14888;27;14889.0;55.0;0.0;0.0;14887.5;19895.75
-1;10647.0;14885;38;14884.0;66.0;0.0;0.0;14887;38;14888.0;66.0;0.0;0.0;14886.0;20070.25
-1;10648.0;14886;25;14885.0;64.0;0.0;0.0;14888;25;14889.0;64.0;0.0;0.0;14887.0;19885.0
-1;10649.0;14888;85;0.0;0.0;0.0;0.0;14891;85;0.0;0.0;0.0;0.0;14889.5;19497.75
-1;10650.0;14886;37;14885.0;69.0;0.0;0.0;14888;37;14889.0;69.0;0.0;0.0;14887.0;19919.0
-1;10651.0;14884;92;0.0;0.0;0.0;0.0;14887;92;0.0;0.0;0.0;0.0;14885.5;20205.25
-1;10652.0;14885;99;0.0;0.0;0.0;0.0;14888;99;0.0;0.0;0.0;0.0;14886.5;19965.0
-1;10653.0;14885;24;14884.0;50.0;0.0;0.0;14888;74;0.0;0.0;0.0;0.0;14886.5;20052.25
-1;10654.0;14886;92;0.0;0.0;0.0;0.0;14889;92;0.0;0.0;0.0;0.0;14887.5;19811.5
-1;10655.0;14887;93;0.0;0.0;0.0;0.0;14890;93;0.0;0.0;0.0;0.0;14888.5;19584.75
-1;10656.0;14885;75;0.0;0.0;0.0;0.0;14888;75;0.0;0.0;0.0;0.0;14886.5;19969.5
-1;10657.0;14886;99;0.0;0.0;0.0;0.0;14887;21;14889.0;99.0;0.0;0.0;14886.5;19798.75
-1;10658.0;14887;88;0.0;0.0;0.0;0.0;14890;88;0.0;0.0;0.0;0.0;14888.5;19692.25
-1;10659.0;14891;102;0.0;0.0;0.0;0.0;14894;102;0.0;0.0;0.0;0.0;14892.5;18929.75
-1;10660.0;14885;97;0.0;0.0;0.0;0.0;14888;97;0.0;0.0;0.0;0.0;14886.5;19962.75
-1;10661.0;14885;108;0.0;0.0;0.0;0.0;14888;108;0.0;0.0;0.0;0.0;14886.5;19949.0
-1;10662.0;14885;92;0.0;0.0;0.0;0.0;14888;32;14889.0;60.0;0.0;0.0;14886.5;19924.0
-1;10663.0;14886;88;0.0;0.0;0.0;0.0;14887;30;14889.0;88.0;0.0;0.0;14886.5;19861.25
-1;10664.0;14888;89;0.0;0.0;0.0;0.0;14889;32;14891.0;22.0;14892.0;67.0;14888.5;19402.25
-1;10665.0;14891;112;0.0;0.0;0.0;0.0;14894;38;14895.0;74.0;0.0;0.0;14892.5;18883.25
-1;10666.0;14894;85;0.0;0.0;0.0;0.0;14897;85;0.0;0.0;0.0;0.0;14895.5;18368.5
-1;10667.0;14891;103;0.0;0.0;0.0;0.0;14894;103;0.0;0.0;0.0;0.0;14892.5;18915.75
-1;10668.0;14890;31;14889.0;85.0;0.0;0.0;14892;85;0.0;0.0;0.0;0.0;14891.0;19234.75
-1;10669.0;14888;83;0.0;0.0;0.0;0.0;14891;83;0.0;0.0;0.0;0.0;14889.5;19425.5
-1;10670.0;14889;33;14888.0;61.0;0.0;0.0;14891;33;14892.0;61.0;0.0;0.0;14890.0;19369.0
-1;10671.0;14888;81;0.0;0.0;0.0;0.0;14889;34;14891.0;27.0;14892.0;54.0;14888.5;19401.5
-1;10672.0;14890;89;0.0;0.0;0.0;0.0;14893;89;0.0;0.0;0.0;0.0;14891.5;19081.75
-1;10673.0;14891;26;14890.0;71.0;0.0;0.0;14893;26;14894.0;71.0;0.0;0.0;14892.0;19030.75
-1;10674.0;14892;30;14891.0;65.0;0.0;0.0;14895;95;0.0;0.0;0.0;0.0;14893.5;18824.5
-1;10675.0;14892;96;0.0;0.0;0.0;0.0;14895;96;0.0;0.0;0.0;0.0;14893.5;18802.5
-1;10676.0;14893;35;14892.0;52.0;0.0;0.0;14895;35;14896.0;52.0;0.0;0.0;14894.0;18687.75
-1;10677.0;14893;105;0.0;0.0;0.0;0.0;14896;34;14897.0;71.0;0.0;0.0;14894.5;18525.75
-1;10678.0;14897;20;14896.0;63.0;0.0;0.0;14899;20;14900.0;63.0;0.0;0.0;14898.0;17960.5
-1;10679.0;14899;97;0.0;0.0;0.0;0.0;14902;97;0.0;0.0;0.0;0.0;14900.5;17583.75
-1;10680.0;14901;111;0.0;0.0;0.0;0.0;14904;111;0.0;0.0;0.0;0.0;14902.5;17160.0
-1;10681.0;14902;77;0.0;0.0;0.0;0.0;14905;77;0.0;0.0;0.0;0.0;14903.5;16973.5
-1;10682.0;14905;101;0.0;0.0;0.0;0.0;14908;101;0.0;0.0;0.0;0.0;14906.5;16464.5
-1;10683.0;14906;40;14905.0;64.0;0.0;0.0;14908;40;14909.0;64.0;0.0;0.0;14907.0;16414.25
-1;10684.0;14904;77;0.0;0.0;0.0;0.0;14907;77;0.0;0.0;0.0;0.0;14905.5;16612.75
-1;10685.0;14907;26;14906.0;72.0;0.0;0.0;14910;98;0.0;0.0;0.0;0.0;14908.5;16205.75
-1;10686.0;14911;40;14910.0;59.0;0.0;0.0;14913;40;14914.0;59.0;0.0;0.0;14912.0;15520.25
-1;10687.0;14912;24;14911.0;70.0;0.0;0.0;14914;24;14915.0;70.0;0.0;0.0;14913.0;15348.5
-1;10688.0;14910;95;0.0;0.0;0.0;0.0;14913;95;0.0;0.0;0.0;0.0;14911.5;15566.0
-1;10689.0;14911;108;0.0;0.0;0.0;0.0;14914;108;0.0;0.0;0.0;0.0;14912.5;15409.75
-1;10690.0;14912;86;0.0;0.0;0.0;0.0;14913;37;14915.0;86.0;0.0;0.0;14912.5;15290.5
-1;10691.0;14913;33;14912.0;64.0;0.0;0.0;14915;33;14916.0;64.0;0.0;0.0;14914.0;15163.75
-1;10692.0;14911;81;0.0;0.0;0.0;0.0;14914;81;0.0;0.0;0.0;0.0;14912.5;15414.5
-1;10693.0;14913;102;0.0;0.0;0.0;0.0;14916;102;0.0;0.0;0.0;0.0;14914.5;15089.5
-1;10694.0;14911;95;0.0;0.0;0.0;0.0;14914;95;0.0;0.0;0.0;0.0;14912.5;15479.75
-1;10695.0;14908;99;0.0;0.0;0.0;0.0;14911;99;0.0;0.0;0.0;0.0;14909.5;16011.75
-1;10696.0;14906;99;0.0;0.0;0.0;0.0;14909;34;14910.0;65.0;0.0;0.0;14907.5;16253.0
-1;10697.0;14911;97;0.0;0.0;0.0;0.0;14914;97;0.0;0.0;0.0;0.0;14912.5;15421.5
-1;10698.0;14911;32;14910.0;52.0;0.0;0.0;14914;84;0.0;0.0;0.0;0.0;14912.5;15499.75
-1;10699.0;14910;87;0.0;0.0;0.0;0.0;14913;87;0.0;0.0;0.0;0.0;14911.5;15578.0
-1;10700.0;14911;76;0.0;0.0;0.0;0.0;14914;76;0.0;0.0;0.0;0.0;14912.5;15445.25
-1;10701.0;14912;94;0.0;0.0;0.0;0.0;14915;94;0.0;0.0;0.0;0.0;14913.5;15303.75
-1;10702.0;14913;104;0.0;0.0;0.0;0.0;14916;104;0.0;0.0;0.0;0.0;14914.5;15105.5
-1;10703.0;14909;80;0.0;0.0;0.0;0.0;14912;80;0.0;0.0;0.0;0.0;14910.5;15737.75
-1;10704.0;14906;83;0.0;0.0;0.0;0.0;14909;83;0.0;0.0;0.0;0.0;14907.5;16366.75
-1;10705.0;14906;96;0.0;0.0;0.0;0.0;14909;96;0.0;0.0;0.0;0.0;14907.5;16328.25
-1;10706.0;14908;87;0.0;0.0;0.0;0.0;14911;87;0.0;0.0;0.0;0.0;14909.5;15975.75
-1;10707.0;14908;95;0.0;0.0;0.0;0.0;14911;95;0.0;0.0;0.0;0.0;14909.5;16004.25
-1;10708.0;14906;108;0.0;0.0;0.0;0.0;14909;108;0.0;0.0;0.0;0.0;14907.5;16300.25
-1;10709.0;14906;95;0.0;0.0;0.0;0.0;14909;95;0.0;0.0;0.0;0.0;14907.5;16284.0
-1;10710.0;14907;88;0.0;0.0;0.0;0.0;14908;24;14910.0;23.0;14911.0;65.0;14907.5;16079.5
-1;10711.0;14908;33;14907.0;61.0;0.0;0.0;14910;33;14911.0;61.0;0.0;0.0;14909.0;16045.75
-1;10712.0;14904;101;0.0;0.0;0.0;0.0;14907;101;0.0;0.0;0.0;0.0;14905.5;16698.25
-1;10713.0;14908;36;14907.0;75.0;0.0;0.0;14910;36;14911.0;75.0;0.0;0.0;14909.0;16039.25
-1;10714.0;14906;27;14905.0;60.0;0.0;0.0;14907;37;14909.0;87.0;0.0;0.0;14906.5;16369.25
-1;10715.0;14907;91;0.0;0.0;0.0;0.0;14910;91;0.0;0.0;0.0;0.0;14908.5;16123.0
-1;10716.0;14907;105;0.0;0.0;0.0;0.0;14910;105;0.0;0.0;0.0;0.0;14908.5;16114.0
-1;10717.0;14908;38;14907.0;64.0;0.0;0.0;14910;38;14911.0;64.0;0.0;0.0;14909.0;16054.0
-1;10718.0;14910;22;14909.0;73.0;0.0;0.0;14912;22;14913.0;73.0;0.0;0.0;14911.0;15710.25
-1;10719.0;14911;28;14910.0;65.0;0.0;0.0;14913;28;14914.0;65.0;0.0;0.0;14912.0;15524.0
-1;10720.0;14909;95;0.0;0.0;0.0;0.0;14912;95;0.0;0.0;0.0;0.0;14910.5;15742.75
-1;10721.0;14910;77;0.0;0.0;0.0;0.0;14913;77;0.0;0.0;0.0;0.0;14911.5;15639.0
-1;10722.0;14907;99;0.0;0.0;0.0;0.0;14910;29;14911.0;70.0;0.0;0.0;14908.5;16081.0
-1;10723.0;14904;96;0.0;0.0;0.0;0.0;14907;38;14908.0;58.0;0.0;0.0;14905.5;16597.25
-1;10724.0;14904;82;0.0;0.0;0.0;0.0;14907;82;0.0;0.0;0.0;0.0;14905.5;16653.5
-1;10725.0;14900;109;0.0;0.0;0.0;0.0;14903;109;0.0;0.0;0.0;0.0;14901.5;17324.0
-1;10726.0;14901;91;0.0;0.0;0.0;0.0;14904;91;0.0;0.0;0.0;0.0;14902.5;17139.0
-1;10727.0;14900;97;0.0;0.0;0.0;0.0;14903;97;0.0;0.0;0.0;0.0;14901.5;17320.0
-1;10728.0;14902;86;0.0;0.0;0.0;0.0;14905;86;0.0;0.0;0.0;0.0;14903.5;16989.75
-1;10729.0;14902;86;0.0;0.0;0.0;0.0;14905;86;0.0;0.0;0.0;0.0;14903.5;17016.75
-1;10730.0;14903;81;0.0;0.0;0.0;0.0;14906;81;0.0;0.0;0.0;0.0;14904.5;16888.25
-1;10731.0;14901;92;0.0;0.0;0.0;0.0;14904;92;0.0;0.0;0.0;0.0;14902.5;17139.75
-1;10732.0;14902;79;0.0;0.0;0.0;0.0;14905;79;0.0;0.0;0.0;0.0;14903.5;17010.25
-1;10733.0;14900;91;0.0;0.0;0.0;0.0;14903;91;0.0;0.0;0.0;0.0;14901.5;17340.0
-1;10734.0;14900;87;0.0;0.0;0.0;0.0;14903;87;0.0;0.0;0.0;0.0;14901.5;17323.5
-1;10735.0;14899;96;0.0;0.0;0.0;0.0;14902;22;14903.0;74.0;0.0;0.0;14900.5;17478.75
-1;10736.0;14903;25;14902.0;88.0;0.0;0.0;14905;88;0.0;0.0;0.0;0.0;14904.0;17045.5
-1;10737.0;14904;103;0.0;0.0;0.0;0.0;14907;103;0.0;0.0;0.0;0.0;14905.5;16627.25
-1;10738.0;14901;100;0.0;0.0;0.0;0.0;14904;100;0.0;0.0;0.0;0.0;14902.5;17241.75
-1;10739.0;14902;88;0.0;0.0;0.0;0.0;14905;88;0.0;0.0;0.0;0.0;14903.5;17027.0
-1;10740.0;14903;93;0.0;0.0;0.0;0.0;14906;93;0.0;0.0;0.0;0.0;14904.5;16848.75
-1;10741.0;14903;98;0.0;0.0;0.0;0.0;14906;98;0.0;0.0;0.0;0.0;14904.5;16828.5
-1;10742.0;14903;34;14902.0;67.0;0.0;0.0;14905;34;14906.0;67.0;0.0;0.0;14904.0;16915.75
-1;10743.0;14903;29;14902.0;61.0;0.0;0.0;14905;29;14906.0;61.0;0.0;0.0;14904.0;16933.25
-1;10744.0;14903;27;14902.0;53.0;0.0;0.0;14905;27;14906.0;53.0;0.0;0.0;14904.0;16930.0
-1;10745.0;14902;87;0.0;0.0;0.0;0.0;14905;21;14906.0;66.0;0.0;0.0;14903.5;16948.0
-1;10746.0;14906;83;0.0;0.0;0.0;0.0;14909;83;0.0;0.0;0.0;0.0;14907.5;16320.0
-1;10747.0;14912;22;14911.0;70.0;0.0;0.0;14914;22;14915.0;70.0;0.0;0.0;14913.0;15337.75
-1;10748.0;14912;39;14911.0;58.0;0.0;0.0;14913;24;14915.0;97.0;0.0;0.0;14912.5;15331.5
-1;10749.0;14907;24;14906.0;86.0;0.0;0.0;14909;86;0.0;0.0;0.0;0.0;14908.0;16290.25
-1;10750.0;14910;26;14909.0;73.0;0.0;0.0;14913;99;0.0;0.0;0.0;0.0;14911.5;15672.75
-1;10751.0;14913;35;14912.0;56.0;0.0;0.0;14916;91;0.0;0.0;0.0;0.0;14914.5;15133.25
-1;10752.0;14916;82;0.0;0.0;0.0;0.0;14919;82;0.0;0.0;0.0;0.0;14917.5;14554.5
-1;10753.0;14915;91;0.0;0.0;0.0;0.0;14918;91;0.0;0.0;0.0;0.0;14916.5;14677.75
-1;10754.0;14919;20;14918.0;65.0;0.0;0.0;14921;20;14922.0;65.0;0.0;0.0;14920.0;14098.75
-1;10755.0;14914;104;0.0;0.0;0.0;0.0;14915;24;14917.0;32.0;14918.0;72.0;14914.5;14831.75
-1;10756.0;14914;102;0.0;0.0;0.0;0.0;14917;102;0.0;0.0;0.0;0.0;14915.5;14849.25
-1;10757.0;14917;30;14916.0;73.0;0.0;0.0;14920;103;0.0;0.0;0.0;0.0;14918.5;14432.25
-1;10758.0;14917;79;0.0;0.0;0.0;0.0;14920;79;0.0;0.0;0.0;0.0;14918.5;14351.5
-1;10759.0;14916;96;0.0;0.0;0.0;0.0;14919;96;0.0;0.0;0.0;0.0;14917.5;14589.5
-1;10760.0;14915;81;0.0;0.0;0.0;0.0;14918;81;0.0;0.0;0.0;0.0;14916.5;14776.5
-1;10761.0;14915;99;0.0;0.0;0.0;0.0;14918;99;0.0;0.0;0.0;0.0;14916.5;14728.5
-1;10762.0;14914;85;0.0;0.0;0.0;0.0;14915;38;14917.0;20.0;14918.0;65.0;14914.5;14841.5
-1;10763.0;14908;90;0.0;0.0;0.0;0.0;14911;90;0.0;0.0;0.0;0.0;14909.5;15908.5
-1;10764.0;14909;21;14908.0;54.0;0.0;0.0;14911;21;14912.0;54.0;0.0;0.0;14910.0;15888.75
-1;10765.0;14910;94;0.0;0.0;0.0;0.0;14913;94;0.0;0.0;0.0;0.0;14911.5;15574.5
-1;10766.0;14912;5;14910.0;72.0;0.0;0.0;14913;72;0.0;0.0;0.0;0.0;14912.5;15586.5
-1;10767.0;14910;70;0.0;0.0;0.0;0.0;14913;70;0.0;0.0;0.0;0.0;14911.5;15649.0
-1;10768.0;14913;94;0.0;0.0;0.0;0.0;14916;94;0.0;0.0;0.0;0.0;14914.5;15024.25
-1;10769.0;14915;85;0.0;0.0;0.0;0.0;14918;85;0.0;0.0;0.0;0.0;14916.5;14755.75
-1;10770.0;14911;88;0.0;0.0;0.0;0.0;14914;88;0.0;0.0;0.0;0.0;14912.5;15482.25
-1;10771.0;14912;85;0.0;0.0;0.0;0.0;14915;85;0.0;0.0;0.0;0.0;14913.5;15282.75
-1;10772.0;14911;30;14910.0;74.0;0.0;0.0;14913;30;14914.0;74.0;0.0;0.0;14912.0;15512.75
-1;10773.0;14909;96;0.0;0.0;0.0;0.0;14912;96;0.0;0.0;0.0;0.0;14910.5;15829.5
-1;10774.0;14905;23;14904.0;70.0;0.0;0.0;14907;23;14908.0;70.0;0.0;0.0;14906.0;16586.75
-1;10775.0;14905;102;0.0;0.0;0.0;0.0;14908;102;0.0;0.0;0.0;0.0;14906.5;16533.5
-1;10776.0;14903;81;0.0;0.0;0.0;0.0;14906;81;0.0;0.0;0.0;0.0;14904.5;16816.75
-1;10777.0;14900;105;0.0;0.0;0.0;0.0;14901;22;14903.0;105.0;0.0;0.0;14900.5;17338.75
-1;10778.0;14900;32;14899.0;52.0;0.0;0.0;14902;32;14903.0;52.0;0.0;0.0;14901.0;17459.75
-1;10779.0;14901;78;0.0;0.0;0.0;0.0;14904;21;14905.0;57.0;0.0;0.0;14902.5;17136.0
-1;10780.0;14900;22;14899.0;54.0;0.0;0.0;14902;22;14903.0;54.0;0.0;0.0;14901.0;17462.75
-1;10781.0;14898;102;0.0;0.0;0.0;0.0;14901;102;0.0;0.0;0.0;0.0;14899.5;17770.75
-1;10782.0;14898;24;14897.0;65.0;0.0;0.0;14900;24;14901.0;65.0;0.0;0.0;14899.0;17840.5
-1;10783.0;14898;25;14897.0;53.0;0.0;0.0;14900;25;14901.0;53.0;0.0;0.0;14899.0;17821.25
-1;10784.0;14901;89;0.0;0.0;0.0;0.0;14904;89;0.0;0.0;0.0;0.0;14902.5;17191.25
-1;10785.0;14902;93;0.0;0.0;0.0;0.0;14905;93;0.0;0.0;0.0;0.0;14903.5;16963.25
-1;10786.0;14904;96;0.0;0.0;0.0;0.0;14905;31;14907.0;96.0;0.0;0.0;14904.5;16616.0
-1;10787.0;14901;91;0.0;0.0;0.0;0.0;14904;91;0.0;0.0;0.0;0.0;14902.5;17151.5
-1;10788.0;14901;35;14900.0;56.0;0.0;0.0;14903;35;14904.0;56.0;0.0;0.0;14902.0;17302.5
-1;10789.0;14901;34;14900.0;54.0;0.0;0.0;14904;88;0.0;0.0;0.0;0.0;14902.5;17264.25
-1;10790.0;14903;99;0.0;0.0;0.0;0.0;14906;99;0.0;0.0;0.0;0.0;14904.5;16795.75
-1;10791.0;14902;113;0.0;0.0;0.0;0.0;14905;113;0.0;0.0;0.0;0.0;14903.5;17065.25
-1;10792.0;14904;26;14903.0;90.0;0.0;0.0;14906;90;0.0;0.0;0.0;0.0;14905.0;16816.5
-1;10793.0;14906;20;14905.0;53.0;0.0;0.0;14908;20;14909.0;53.0;0.0;0.0;14907.0;16372.75
-1;10794.0;14905;38;14904.0;67.0;0.0;0.0;14907;38;14908.0;67.0;0.0;0.0;14906.0;16574.25
-1;10795.0;14905;100;0.0;0.0;0.0;0.0;14908;100;0.0;0.0;0.0;0.0;14906.5;16459.75
-1;10796.0;14902;91;0.0;0.0;0.0;0.0;14905;91;0.0;0.0;0.0;0.0;14903.5;17001.0
-1;10797.0;14901;98;0.0;0.0;0.0;0.0;14904;98;0.0;0.0;0.0;0.0;14902.5;17143.75
-1;10798.0;14900;33;14899.0;60.0;0.0;0.0;14902;33;14903.0;60.0;0.0;0.0;14901.0;17473.25
-1;10799.0;14896;112;0.0;0.0;0.0;0.0;14899;112;0.0;0.0;0.0;0.0;14897.5;18056.0
-1;10800.0;14898;90;0.0;0.0;0.0;0.0;14901;24;14902.0;66.0;0.0;0.0;14899.5;17678.5
-1;10801.0;14900;94;0.0;0.0;0.0;0.0;14903;94;0.0;0.0;0.0;0.0;14901.5;17392.0
-1;10802.0;14899;37;14898.0;70.0;0.0;0.0;14901;37;14902.0;70.0;0.0;0.0;14900.0;17642.25
-1;10803.0;14894;75;0.0;0.0;0.0;0.0;14897;75;0.0;0.0;0.0;0.0;14895.5;18501.0
-1;10804.0;14897;94;0.0;0.0;0.0;0.0;14900;94;0.0;0.0;0.0;0.0;14898.5;17930.5
-1;10805.0;14894;92;0.0;0.0;0.0;0.0;14897;92;0.0;0.0;0.0;0.0;14895.5;18416.75
-1;10806.0;14895;90;0.0;0.0;0.0;0.0;14898;90;0.0;0.0;0.0;0.0;14896.5;18231.0
-1;10807.0;14896;104;0.0;0.0;0.0;0.0;14899;37;14900.0;67.0;0.0;0.0;14897.5;18038.5
-1;10808.0;14897;91;0.0;0.0;0.0;0.0;14900;91;0.0;0.0;0.0;0.0;14898.5;17935.25
-1;10809.0;14897;36;14896.0;54.0;0.0;0.0;14899;36;14900.0;54.0;0.0;0.0;14898.0;18019.25
-1;10810.0;14899;81;0.0;0.0;0.0;0.0;14902;81;0.0;0.0;0.0;0.0;14900.5;17517.25
-1;10811.0;14900;88;0.0;0.0;0.0;0.0;14903;88;0.0;0.0;0.0;0.0;14901.5;17349.0
-1;10812.0;14902;97;0.0;0.0;0.0;0.0;14905;97;0.0;0.0;0.0;0.0;14903.5;17003.75
-1;10813.0;14903;26;14902.0;74.0;0.0;0.0;14905;26;14906.0;74.0;0.0;0.0;14904.0;16939.75
-1;10814.0;14899;21;14898.0;54.0;0.0;0.0;14902;75;0.0;0.0;0.0;0.0;14900.5;17620.75
-1;10815.0;14899;37;14898.0;75.0;0.0;0.0;14901;37;14902.0;75.0;0.0;0.0;14900.0;17656.75
-1;10816.0;14901;81;0.0;0.0;0.0;0.0;14904;81;0.0;0.0;0.0;0.0;14902.5;17174.25
-1;10817.0;14902;93;0.0;0.0;0.0;0.0;14903;25;14905.0;93.0;0.0;0.0;14902.5;17057.25
-1;10818.0;14901;84;0.0;0.0;0.0;0.0;14904;84;0.0;0.0;0.0;0.0;14902.5;17200.0
-1;10819.0;14900;104;0.0;0.0;0.0;0.0;14903;104;0.0;0.0;0.0;0.0;14901.5;17420.0
-1;10820.0;14901;32;14900.0;53.0;0.0;0.0;14904;85;0.0;0.0;0.0;0.0;14902.5;17262.75
-1;10821.0;14902;99;0.0;0.0;0.0;0.0;14905;99;0.0;0.0;0.0;0.0;14903.5;17013.0
-1;10822.0;14902;82;0.0;0.0;0.0;0.0;14905;82;0.0;0.0;0.0;0.0;14903.5;17027.5
-1;10823.0;14905;82;0.0;0.0;0.0;0.0;14908;82;0.0;0.0;0.0;0.0;14906.5;16428.25
-1;10824.0;14905;89;0.0;0.0;0.0;0.0;14908;89;0.0;0.0;0.0;0.0;14906.5;16507.25
-1;10825.0;14908;89;0.0;0.0;0.0;0.0;14911;89;0.0;0.0;0.0;0.0;14909.5;15877.0
-1;10826.0;14908;104;0.0;0.0;0.0;0.0;14911;104;0.0;0.0;0.0;0.0;14909.5;15951.25
-1;10827.0;14911;95;0.0;0.0;0.0;0.0;14914;95;0.0;0.0;0.0;0.0;14912.5;15417.0
-1;10828.0;14915;24;14914.0;56.0;0.0;0.0;14918;80;0.0;0.0;0.0;0.0;14916.5;14695.25
-1;10829.0;14915;84;0.0;0.0;0.0;0.0;14918;84;0.0;0.0;0.0;0.0;14916.5;14629.25
-1;10830.0;14915;21;14914.0;65.0;0.0;0.0;14917;21;14918.0;65.0;0.0;0.0;14916.0;14722.25
-1;10831.0;14915;20;14914.0;71.0;0.0;0.0;14918;91;0.0;0.0;0.0;0.0;14916.5;14702.25
-1;10832.0;14913;91;0.0;0.0;0.0;0.0;14916;91;0.0;0.0;0.0;0.0;14914.5;14970.5
-1;10833.0;14911;97;0.0;0.0;0.0;0.0;14914;97;0.0;0.0;0.0;0.0;14912.5;15417.0
-1;10834.0;14914;104;0.0;0.0;0.0;0.0;14917;31;14918.0;73.0;0.0;0.0;14915.5;14749.5
-1;10835.0;14918;37;14917.0;66.0;0.0;0.0;14921;103;0.0;0.0;0.0;0.0;14919.5;14136.5
-1;10836.0;14921;76;0.0;0.0;0.0;0.0;14924;76;0.0;0.0;0.0;0.0;14922.5;13557.25
-1;10837.0;14921;24;14920.0;74.0;0.0;0.0;14923;24;14924.0;74.0;0.0;0.0;14922.0;13615.0
-1;10838.0;14921;27;14920.0;72.0;0.0;0.0;14922;29;14923.0;27.0;14924.0;72.0;14921.5;13606.25
-1;10839.0;14918;90;0.0;0.0;0.0;0.0;14921;90;0.0;0.0;0.0;0.0;14919.5;14031.25
-1;10840.0;14915;88;0.0;0.0;0.0;0.0;14918;88;0.0;0.0;0.0;0.0;14916.5;14656.25
-1;10841.0;14913;89;0.0;0.0;0.0;0.0;14916;89;0.0;0.0;0.0;0.0;14914.5;14963.75
-1;10842.0;14909;84;0.0;0.0;0.0;0.0;14912;84;0.0;0.0;0.0;0.0;14910.5;15717.0
-1;10843.0;14912;32;14911.0;58.0;0.0;0.0;14914;32;14915.0;58.0;0.0;0.0;14913.0;15276.75
-1;10844.0;14910;89;0.0;0.0;0.0;0.0;14913;89;0.0;0.0;0.0;0.0;14911.5;15523.25
-1;10845.0;14911;28;14910.0;52.0;0.0;0.0;14914;80;0.0;0.0;0.0;0.0;14912.5;15442.25
-1;10846.0;14913;96;0.0;0.0;0.0;0.0;14916;96;0.0;0.0;0.0;0.0;14914.5;14969.75
-1;10847.0;14915;94;0.0;0.0;0.0;0.0;14918;94;0.0;0.0;0.0;0.0;14916.5;14596.75
-1;10848.0;14916;94;0.0;0.0;0.0;0.0;14919;39;14920.0;55.0;0.0;0.0;14917.5;14391.75
-1;10849.0;14914;86;0.0;0.0;0.0;0.0;14917;86;0.0;0.0;0.0;0.0;14915.5;14847.0
-1;10850.0;14914;92;0.0;0.0;0.0;0.0;14917;32;14918.0;60.0;0.0;0.0;14915.5;14750.0
-1;10851.0;14914;91;0.0;0.0;0.0;0.0;14917;91;0.0;0.0;0.0;0.0;14915.5;14806.25
-1;10852.0;14919;90;0.0;0.0;0.0;0.0;14922;90;0.0;0.0;0.0;0.0;14920.5;13902.75
-1;10853.0;14919;96;0.0;0.0;0.0;0.0;14922;96;0.0;0.0;0.0;0.0;14920.5;13876.5
-1;10854.0;14917;22;14916.0;74.0;0.0;0.0;14919;22;14920.0;74.0;0.0;0.0;14918.0;14340.0
-1;10855.0;14918;93;0.0;0.0;0.0;0.0;14921;93;0.0;0.0;0.0;0.0;14919.5;14135.75
-1;10856.0;14916;90;0.0;0.0;0.0;0.0;14919;90;0.0;0.0;0.0;0.0;14917.5;14500.75
-1;10857.0;14918;26;14917.0;71.0;0.0;0.0;14920;26;14921.0;71.0;0.0;0.0;14919.0;14189.25
-1;10858.0;14917;101;0.0;0.0;0.0;0.0;14920;101;0.0;0.0;0.0;0.0;14918.5;14225.0
-1;10859.0;14919;81;0.0;0.0;0.0;0.0;14922;81;0.0;0.0;0.0;0.0;14920.5;13858.0
-1;10860.0;14916;98;0.0;0.0;0.0;0.0;14919;98;0.0;0.0;0.0;0.0;14917.5;14404.5
-1;10861.0;14916;21;14915.0;55.0;0.0;0.0;14918;21;14919.0;55.0;0.0;0.0;14917.0;14565.5
-1;10862.0;14913;26;14912.0;92.0;0.0;0.0;14915;92;0.0;0.0;0.0;0.0;14914.0;15155.0
-1;10863.0;14913;34;14912.0;50.0;0.0;0.0;14914;33;14915.0;34.0;14916.0;50.0;14913.5;15095.25
-1;10864.0;14908;39;14907.0;64.0;0.0;0.0;14910;39;14911.0;64.0;0.0;0.0;14909.0;16063.5
-1;10865.0;14906;97;0.0;0.0;0.0;0.0;14909;97;0.0;0.0;0.0;0.0;14907.5;16350.5
-1;10866.0;14907;91;0.0;0.0;0.0;0.0;14910;91;0.0;0.0;0.0;0.0;14908.5;16174.75
-1;10867.0;14907;22;14906.0;74.0;0.0;0.0;14909;22;14910.0;74.0;0.0;0.0;14908.0;16231.0
-1;10868.0;14905;94;0.0;0.0;0.0;0.0;14908;94;0.0;0.0;0.0;0.0;14906.5;16488.5
-1;10869.0;14903;40;14902.0;74.0;0.0;0.0;14905;40;14906.0;74.0;0.0;0.0;14904.0;17003.75
-1;10870.0;14901;82;0.0;0.0;0.0;0.0;14904;82;0.0;0.0;0.0;0.0;14902.5;17295.0
-1;10871.0;14901;77;0.0;0.0;0.0;0.0;14902;38;14904.0;77.0;0.0;0.0;14901.5;17242.75
-1;10872.0;14904;87;0.0;0.0;0.0;0.0;14907;87;0.0;0.0;0.0;0.0;14905.5;16764.5
-1;10873.0;14909;95;0.0;0.0;0.0;0.0;14912;95;0.0;0.0;0.0;0.0;14910.5;15726.75
-1;10874.0;14908;21;14907.0;52.0;0.0;0.0;14911;73;0.0;0.0;0.0;0.0;14909.5;16024.0
-1;10875.0;14911;40;14910.0;55.0;0.0;0.0;14913;40;14914.0;55.0;0.0;0.0;14912.0;15507.0
-1;10876.0;14912;97;0.0;0.0;0.0;0.0;14915;97;0.0;0.0;0.0;0.0;14913.5;15225.75
-1;10877.0;14914;83;0.0;0.0;0.0;0.0;14917;83;0.0;0.0;0.0;0.0;14915.5;14816.25
-1;10878.0;14914;84;0.0;0.0;0.0;0.0;14917;30;14918.0;54.0;0.0;0.0;14915.5;14762.5
-1;10879.0;14914;39;14913.0;60.0;0.0;0.0;14916;39;14917.0;60.0;0.0;0.0;14915.0;14906.75
-1;10880.0;14915;90;0.0;0.0;0.0;0.0;14918;90;0.0;0.0;0.0;0.0;14916.5;14649.75
-1;10881.0;14913;72;0.0;0.0;0.0;0.0;14916;72;0.0;0.0;0.0;0.0;14914.5;14988.25
-1;10882.0;14912;22;14911.0;52.0;0.0;0.0;14914;22;14915.0;52.0;0.0;0.0;14913.0;15289.25
-1;10883.0;14909;104;0.0;0.0;0.0;0.0;14912;104;0.0;0.0;0.0;0.0;14910.5;15718.5
-1;10884.0;14911;24;14910.0;64.0;0.0;0.0;14913;24;14914.0;64.0;0.0;0.0;14912.0;15471.5
-1;10885.0;14914;85;0.0;0.0;0.0;0.0;14917;24;14918.0;61.0;0.0;0.0;14915.5;14763.75
-1;10886.0;14912;107;0.0;0.0;0.0;0.0;14915;107;0.0;0.0;0.0;0.0;14913.5;15212.75
-1;10887.0;14913;83;0.0;0.0;0.0;0.0;14916;83;0.0;0.0;0.0;0.0;14914.5;15026.0
-1;10888.0;14913;86;0.0;0.0;0.0;0.0;14916;86;0.0;0.0;0.0;0.0;14914.5;15061.0
-1;10889.0;14914;24;14913.0;104.0;0.0;0.0;14916;104;0.0;0.0;0.0;0.0;14915.0;15026.0
-1;10890.0;14910;78;0.0;0.0;0.0;0.0;14913;78;0.0;0.0;0.0;0.0;14911.5;15591.5
-1;10891.0;14903;84;0.0;0.0;0.0;0.0;14906;25;14907.0;59.0;0.0;0.0;14904.5;16836.0
-1;10892.0;14899;26;14898.0;53.0;0.0;0.0;14901;26;14902.0;53.0;0.0;0.0;14900.0;17743.75
-1;10893.0;14900;111;0.0;0.0;0.0;0.0;14903;111;0.0;0.0;0.0;0.0;14901.5;17505.0
-1;10894.0;14898;81;0.0;0.0;0.0;0.0;14901;81;0.0;0.0;0.0;0.0;14899.5;17864.0
-1;10895.0;14900;85;0.0;0.0;0.0;0.0;14903;85;0.0;0.0;0.0;0.0;14901.5;17393.5
-1;10896.0;14902;111;0.0;0.0;0.0;0.0;14905;111;0.0;0.0;0.0;0.0;14903.5;17097.25
-1;10897.0;14903;63;14902.0;50.0;0.0;0.0;14905;37;14906.0;50.0;0.0;0.0;14904.0;16978.0
-1;10898.0;14904;26;14903.0;50.0;0.0;0.0;14907;76;0.0;0.0;0.0;0.0;14905.5;16746.75
-1;10899.0;14904;87;0.0;0.0;0.0;0.0;14907;87;0.0;0.0;0.0;0.0;14905.5;16646.5
-1;10900.0;14907;79;0.0;0.0;0.0;0.0;14910;79;0.0;0.0;0.0;0.0;14908.5;16135.0
-1;10901.0;14908;101;0.0;0.0;0.0;0.0;14911;101;0.0;0.0;0.0;0.0;14909.5;15865.25
-1;10902.0;14911;28;14910.0;50.0;0.0;0.0;14914;78;0.0;0.0;0.0;0.0;14912.5;15415.5
-1;10903.0;14907;94;0.0;0.0;0.0;0.0;14910;94;0.0;0.0;0.0;0.0;14908.5;16089.75
-1;10904.0;14904;24;14903.0;50.0;0.0;0.0;14907;74;0.0;0.0;0.0;0.0;14905.5;16752.0
-1;10905.0;14906;101;0.0;0.0;0.0;0.0;14909;101;0.0;0.0;0.0;0.0;14907.5;16304.5
-1;10906.0;14902;81;0.0;0.0;0.0;0.0;14905;81;0.0;0.0;0.0;0.0;14903.5;17022.75
-1;10907.0;14903;79;0.0;0.0;0.0;0.0;14906;79;0.0;0.0;0.0;0.0;14904.5;16838.75
-1;10908.0;14903;27;14902.0;59.0;0.0;0.0;14905;27;14906.0;59.0;0.0;0.0;14904.0;16970.75
-1;10909.0;14904;27;14903.0;63.0;0.0;0.0;14906;27;14907.0;63.0;0.0;0.0;14905.0;16788.5
-1;10910.0;14901;22;14900.0;61.0;0.0;0.0;14904;83;0.0;0.0;0.0;0.0;14902.5;17319.75
-1;10911.0;14900;78;0.0;0.0;0.0;0.0;14903;78;0.0;0.0;0.0;0.0;14901.5;17401.25
-1;10912.0;14899;110;0.0;0.0;0.0;0.0;14902;110;0.0;0.0;0.0;0.0;14900.5;17639.5
-1;10913.0;14899;102;0.0;0.0;0.0;0.0;14902;102;0.0;0.0;0.0;0.0;14900.5;17646.0
-1;10914.0;14899;96;0.0;0.0;0.0;0.0;14902;96;0.0;0.0;0.0;0.0;14900.5;17589.0
-1;10915.0;14896;107;0.0;0.0;0.0;0.0;14899;107;0.0;0.0;0.0;0.0;14897.5;18166.0
-1;10916.0;14900;33;14899.0;64.0;0.0;0.0;14902;33;14903.0;64.0;0.0;0.0;14901.0;17564.5
-1;10917.0;14900;33;14899.0;65.0;0.0;0.0;14902;33;14903.0;65.0;0.0;0.0;14901.0;17545.5
-1;10918.0;14898;102;0.0;0.0;0.0;0.0;14901;102;0.0;0.0;0.0;0.0;14899.5;17819.25
-1;10919.0;14903;36;14902.0;54.0;0.0;0.0;14906;90;0.0;0.0;0.0;0.0;14904.5;16942.25
-1;10920.0;14905;80;0.0;0.0;0.0;0.0;14908;80;0.0;0.0;0.0;0.0;14906.5;16552.75
-1;10921.0;14903;84;0.0;0.0;0.0;0.0;14906;84;0.0;0.0;0.0;0.0;14904.5;16934.75
-1;10922.0;14902;87;0.0;0.0;0.0;0.0;14905;87;0.0;0.0;0.0;0.0;14903.5;17105.25
-1;10923.0;14899;115;0.0;0.0;0.0;0.0;14902;115;0.0;0.0;0.0;0.0;14900.5;17598.5
-1;10924.0;14898;20;14897.0;51.0;0.0;0.0;14900;20;14901.0;51.0;0.0;0.0;14899.0;17913.5
-1;10925.0;14898;98;0.0;0.0;0.0;0.0;14901;98;0.0;0.0;0.0;0.0;14899.5;17809.25
-1;10926.0;14900;84;0.0;0.0;0.0;0.0;14903;84;0.0;0.0;0.0;0.0;14901.5;17451.75
-1;10927.0;14902;108;0.0;0.0;0.0;0.0;14905;108;0.0;0.0;0.0;0.0;14903.5;17099.5
-1;10928.0;14901;91;0.0;0.0;0.0;0.0;14904;91;0.0;0.0;0.0;0.0;14902.5;17314.5
-1;10929.0;14905;26;14904.0;67.0;0.0;0.0;14908;93;0.0;0.0;0.0;0.0;14906.5;16558.25
-1;10930.0;14905;86;0.0;0.0;0.0;0.0;14908;86;0.0;0.0;0.0;0.0;14906.5;16444.75
-1;10931.0;14908;99;0.0;0.0;0.0;0.0;14911;99;0.0;0.0;0.0;0.0;14909.5;15914.5
-1;10932.0;14909;35;14908.0;35.0;14907.0;67.0;14911;102;0.0;0.0;0.0;0.0;14910.0;15990.75
-1;10933.0;14908;24;14907.0;88.0;0.0;0.0;14910;88;0.0;0.0;0.0;0.0;14909.0;16096.0
-1;10934.0;14908;73;0.0;0.0;0.0;0.0;14911;73;0.0;0.0;0.0;0.0;14909.5;15869.25
-1;10935.0;14907;88;0.0;0.0;0.0;0.0;14910;88;0.0;0.0;0.0;0.0;14908.5;16098.0
-1;10936.0;14908;80;0.0;0.0;0.0;0.0;14911;80;0.0;0.0;0.0;0.0;14909.5;15896.0
-1;10937.0;14905;108;0.0;0.0;0.0;0.0;14908;108;0.0;0.0;0.0;0.0;14906.5;16473.75
-1;10938.0;14906;86;0.0;0.0;0.0;0.0;14909;86;0.0;0.0;0.0;0.0;14907.5;16350.75
-1;10939.0;14908;104;0.0;0.0;0.0;0.0;14911;104;0.0;0.0;0.0;0.0;14909.5;15875.75
-1;10940.0;14907;104;0.0;0.0;0.0;0.0;14910;35;14911.0;69.0;0.0;0.0;14908.5;16052.25
-1;10941.0;14905;21;14904.0;58.0;0.0;0.0;14907;21;14908.0;58.0;0.0;0.0;14906.0;16580.5
-1;10942.0;14903;96;0.0;0.0;0.0;0.0;14906;96;0.0;0.0;0.0;0.0;14904.5;16877.0
-1;10943.0;14905;92;0.0;0.0;0.0;0.0;14908;92;0.0;0.0;0.0;0.0;14906.5;16549.25
-1;10944.0;14905;38;14904.0;64.0;0.0;0.0;14908;102;0.0;0.0;0.0;0.0;14906.5;16571.5
-1;10945.0;14906;22;14905.0;61.0;0.0;0.0;14909;83;0.0;0.0;0.0;0.0;14907.5;16380.25
-1;10946.0;14906;90;0.0;0.0;0.0;0.0;14909;90;0.0;0.0;0.0;0.0;14907.5;16330.75
-1;10947.0;14907;23;14906.0;66.0;0.0;0.0;14909;23;14910.0;66.0;0.0;0.0;14908.0;16198.5
-1;10948.0;14907;85;0.0;0.0;0.0;0.0;14910;85;0.0;0.0;0.0;0.0;14908.5;16066.5
-1;10949.0;14910;38;14909.0;85.0;0.0;0.0;14912;85;0.0;0.0;0.0;0.0;14911.0;15717.5
-1;10950.0;14907;31;14906.0;60.0;0.0;0.0;14910;91;0.0;0.0;0.0;0.0;14908.5;16184.75
-1;10951.0;14910;87;0.0;0.0;0.0;0.0;14913;87;0.0;0.0;0.0;0.0;14911.5;15555.75
-1;10952.0;14912;27;14911.0;59.0;0.0;0.0;14914;27;14915.0;59.0;0.0;0.0;14913.0;15271.75
-1;10953.0;14909;24;14908.0;58.0;0.0;0.0;14911;24;14912.0;58.0;0.0;0.0;14910.0;15821.25
-1;10954.0;14914;99;0.0;0.0;0.0;0.0;14917;40;14918.0;59.0;0.0;0.0;14915.5;14718.25
-1;10955.0;14914;96;0.0;0.0;0.0;0.0;14917;96;0.0;0.0;0.0;0.0;14915.5;14771.25
-1;10956.0;14910;25;14909.0;67.0;0.0;0.0;14911;30;14913.0;92.0;0.0;0.0;14910.5;15610.5
-1;10957.0;14907;79;0.0;0.0;0.0;0.0;14910;79;0.0;0.0;0.0;0.0;14908.5;16148.5
-1;10958.0;14908;99;0.0;0.0;0.0;0.0;14911;99;0.0;0.0;0.0;0.0;14909.5;15906.0
-1;10959.0;14908;80;0.0;0.0;0.0;0.0;14909;32;14911.0;22.0;14912.0;58.0;14908.5;15857.75
-1;10960.0;14907;89;0.0;0.0;0.0;0.0;14910;89;0.0;0.0;0.0;0.0;14908.5;16164.0
-1;10961.0;14910;31;14909.0;55.0;0.0;0.0;14912;31;14913.0;55.0;0.0;0.0;14911.0;15618.25
-1;10962.0;14911;89;0.0;0.0;0.0;0.0;14914;89;0.0;0.0;0.0;0.0;14912.5;15324.5
-1;10963.0;14912;39;14911.0;59.0;0.0;0.0;14914;39;14915.0;59.0;0.0;0.0;14913.0;15262.5
-1;10964.0;14912;89;0.0;0.0;0.0;0.0;14915;89;0.0;0.0;0.0;0.0;14913.5;15143.0
-1;10965.0;14912;79;0.0;0.0;0.0;0.0;14915;79;0.0;0.0;0.0;0.0;14913.5;15206.25
-1;10966.0;14915;27;14914.0;68.0;0.0;0.0;14917;27;14918.0;68.0;0.0;0.0;14916.0;14693.5
-1;10967.0;14913;32;14912.0;75.0;0.0;0.0;14915;32;14916.0;75.0;0.0;0.0;14914.0;15070.0
-1;10968.0;14912;89;0.0;0.0;0.0;0.0;14915;89;0.0;0.0;0.0;0.0;14913.5;15121.0
-1;10969.0;14913;23;14912.0;57.0;0.0;0.0;14916;80;0.0;0.0;0.0;0.0;14914.5;15029.0
-1;10970.0;14916;33;14915.0;101.0;0.0;0.0;14918;38;14919.0;63.0;0.0;0.0;14917.0;14525.25
-1;10971.0;14913;105;0.0;0.0;0.0;0.0;14916;105;0.0;0.0;0.0;0.0;14914.5;14975.0
-1;10972.0;14912;97;0.0;0.0;0.0;0.0;14915;97;0.0;0.0;0.0;0.0;14913.5;15215.25
-1;10973.0;14912;99;0.0;0.0;0.0;0.0;14915;99;0.0;0.0;0.0;0.0;14913.5;15207.75
-1;10974.0;14911;83;0.0;0.0;0.0;0.0;14914;83;0.0;0.0;0.0;0.0;14912.5;15397.75
-1;10975.0;14914;25;14913.0;62.0;0.0;0.0;14915;31;14916.0;25.0;14917.0;62.0;14914.5;14860.25
-1;10976.0;14914;20;14913.0;63.0;0.0;0.0;14916;20;14917.0;63.0;0.0;0.0;14915.0;14853.5
-1;10977.0;14915;95;0.0;0.0;0.0;0.0;14918;95;0.0;0.0;0.0;0.0;14916.5;14534.0
-1;10978.0;14915;101;0.0;0.0;0.0;0.0;14918;101;0.0;0.0;0.0;0.0;14916.5;14631.0
-1;10979.0;14917;39;14916.0;29.0;14915.0;62.0;14918;29;14919.0;62.0;0.0;0.0;14917.5;14479.5
-1;10980.0;14916;80;0.0;0.0;0.0;0.0;14919;80;0.0;0.0;0.0;0.0;14917.5;14344.5
-1;10981.0;14915;22;14914.0;60.0;0.0;0.0;14918;82;0.0;0.0;0.0;0.0;14916.5;14650.0
-1;10982.0;14914;77;0.0;0.0;0.0;0.0;14917;23;14918.0;54.0;0.0;0.0;14915.5;14712.25
-1;10983.0;14913;24;14912.0;50.0;0.0;0.0;14915;24;14916.0;50.0;0.0;0.0;14914.0;15082.75
-1;10984.0;14912;86;0.0;0.0;0.0;0.0;14915;34;14916.0;52.0;0.0;0.0;14913.5;15099.25
-1;10985.0;14913;25;14912.0;84.0;0.0;0.0;14915;84;0.0;0.0;0.0;0.0;14914.0;15176.5
-1;10986.0;14915;77;0.0;0.0;0.0;0.0;14918;77;0.0;0.0;0.0;0.0;14916.5;14557.25
-1;10987.0;14919;89;0.0;0.0;0.0;0.0;14922;89;0.0;0.0;0.0;0.0;14920.5;13828.25
-1;10988.0;14918;93;0.0;0.0;0.0;0.0;14921;20;14922.0;73.0;0.0;0.0;14919.5;13948.75
-1;10989.0;14916;82;0.0;0.0;0.0;0.0;14919;82;0.0;0.0;0.0;0.0;14917.5;14403.0
-1;10990.0;14920;88;0.0;0.0;0.0;0.0;14923;88;0.0;0.0;0.0;0.0;14921.5;13687.75
-1;10991.0;14925;103;0.0;0.0;0.0;0.0;14928;103;0.0;0.0;0.0;0.0;14926.5;12698.0
-1;10992.0;14926;22;14925.0;104.0;0.0;0.0;14928;104;0.0;0.0;0.0;0.0;14927.0;12637.5
-1;10993.0;14923;73;0.0;0.0;0.0;0.0;14926;20;14927.0;53.0;0.0;0.0;14924.5;12990.25
-1;10994.0;14923;103;0.0;0.0;0.0;0.0;14926;103;0.0;0.0;0.0;0.0;14924.5;13052.5
-1;10995.0;14923;37;14922.0;50.0;0.0;0.0;14925;37;14926.0;50.0;0.0;0.0;14924.0;13169.75
-1;10996.0;14925;21;14924.0;73.0;0.0;0.0;14928;94;0.0;0.0;0.0;0.0;14926.5;12735.0
-1;10997.0;14925;104;0.0;0.0;0.0;0.0;14928;104;0.0;0.0;0.0;0.0;14926.5;12620.25
-1;10998.0;14924;34;14923.0;72.0;0.0;0.0;14927;106;0.0;0.0;0.0;0.0;14925.5;12936.25
-1;10999.0;14928;83;0.0;0.0;0.0;0.0;14931;32;14932.0;51.0;0.0;0.0;14929.5;12042.0
-1;11000.0;14929;88;0.0;0.0;0.0;0.0;14932;29;14933.0;59.0;0.0;0.0;14930.5;11845.25
-1;11001.0;14929;110;0.0;0.0;0.0;0.0;14932;39;14933.0;71.0;0.0;0.0;14930.5;11849.5
-1;11002.0;14928;101;0.0;0.0;0.0;0.0;14929;34;14931.0;101.0;0.0;0.0;14928.5;12048.5
-1;11003.0;14930;35;14929.0;75.0;0.0;0.0;14932;35;14933.0;75.0;0.0;0.0;14931.0;11832.0
-1;11004.0;14932;88;0.0;0.0;0.0;0.0;14935;88;0.0;0.0;0.0;0.0;14933.5;11323.75
-1;11005.0;14937;84;0.0;0.0;0.0;0.0;14940;84;0.0;0.0;0.0;0.0;14938.5;10389.0
-1;11006.0;14938;92;0.0;0.0;0.0;0.0;14941;92;0.0;0.0;0.0;0.0;14939.5;10171.75
-1;11007.0;14938;98;0.0;0.0;0.0;0.0;14941;98;0.0;0.0;0.0;0.0;14939.5;10243.25
-1;11008.0;14936;95;0.0;0.0;0.0;0.0;14939;95;0.0;0.0;0.0;0.0;14937.5;10595.5
-1;11009.0;14936;2;14935.0;52.0;0.0;0.0;14938;25;14939.0;52.0;0.0;0.0;14937.0;10668.0
-1;11010.0;14935;75;0.0;0.0;0.0;0.0;14938;75;0.0;0.0;0.0;0.0;14936.5;10807.25
-1;11011.0;14938;88;0.0;0.0;0.0;0.0;14941;88;0.0;0.0;0.0;0.0;14939.5;10073.5
-1;11012.0;14938;91;0.0;0.0;0.0;0.0;14941;91;0.0;0.0;0.0;0.0;14939.5;10152.75
-1;11013.0;14938;30;14937.0;67.0;0.0;0.0;14941;97;0.0;0.0;0.0;0.0;14939.5;10189.0
-1;11014.0;14936;103;0.0;0.0;0.0;0.0;14939;103;0.0;0.0;0.0;0.0;14937.5;10580.25
-1;11015.0;14940;92;0.0;0.0;0.0;0.0;14943;92;0.0;0.0;0.0;0.0;14941.5;9705.0
-1;11016.0;14941;36;14940.0;68.0;0.0;0.0;14944;104;0.0;0.0;0.0;0.0;14942.5;9549.0
-1;11017.0;14941;29;14940.0;64.0;0.0;0.0;14943;29;14944.0;64.0;0.0;0.0;14942.0;9559.75
-1;11018.0;14939;110;0.0;0.0;0.0;0.0;14942;38;14943.0;72.0;0.0;0.0;14940.5;9827.75
-1;11019.0;14938;114;0.0;0.0;0.0;0.0;14939;22;14941.0;40.0;14942.0;74.0;14938.5;10039.75
-1;11020.0;14938;86;0.0;0.0;0.0;0.0;14941;86;0.0;0.0;0.0;0.0;14939.5;10152.5
-1;11021.0;14938;76;0.0;0.0;0.0;0.0;14941;76;0.0;0.0;0.0;0.0;14939.5;10158.25
-1;11022.0;14938;78;0.0;0.0;0.0;0.0;14941;78;0.0;0.0;0.0;0.0;14939.5;10177.0
-1;11023.0;14932;84;0.0;0.0;0.0;0.0;14935;23;14936.0;61.0;0.0;0.0;14933.5;11321.75
-1;11024.0;14933;77;0.0;0.0;0.0;0.0;14936;77;0.0;0.0;0.0;0.0;14934.5;11119.0
-1;11025.0;14935;95;0.0;0.0;0.0;0.0;14938;95;0.0;0.0;0.0;0.0;14936.5;10768.5
-1;11026.0;14934;71;0.0;0.0;0.0;0.0;14937;21;14938.0;50.0;0.0;0.0;14935.5;10885.25
-1;11027.0;14932;30;14931.0;58.0;0.0;0.0;14934;30;14935.0;58.0;0.0;0.0;14933.0;11523.0
-1;11028.0;14933;38;14932.0;60.0;0.0;0.0;14935;38;14936.0;60.0;0.0;0.0;14934.0;11309.75
-1;11029.0;14930;33;14929.0;74.0;0.0;0.0;14932;33;14933.0;74.0;0.0;0.0;14931.0;11942.0
-1;11030.0;14931;90;0.0;0.0;0.0;0.0;14934;90;0.0;0.0;0.0;0.0;14932.5;11559.5
-1;11031.0;14932;21;14931.0;56.0;0.0;0.0;14935;77;0.0;0.0;0.0;0.0;14933.5;11471.0
-1;11032.0;14937;83;0.0;0.0;0.0;0.0;14940;31;14941.0;52.0;0.0;0.0;14938.5;10248.0
-1;11033.0;14938;91;0.0;0.0;0.0;0.0;14941;91;0.0;0.0;0.0;0.0;14939.5;10140.5
-1;11034.0;14939;77;0.0;0.0;0.0;0.0;14942;77;0.0;0.0;0.0;0.0;14940.5;9839.75
-1;11035.0;14940;32;14939.0;53.0;0.0;0.0;14942;32;14943.0;53.0;0.0;0.0;14941.0;9806.5
-1;11036.0;14940;90;0.0;0.0;0.0;0.0;14943;90;0.0;0.0;0.0;0.0;14941.5;9746.5
-1;11037.0;14936;98;0.0;0.0;0.0;0.0;14939;98;0.0;0.0;0.0;0.0;14937.5;10601.0
-1;11038.0;14935;95;0.0;0.0;0.0;0.0;14938;95;0.0;0.0;0.0;0.0;14936.5;10737.75
-1;11039.0;14935;108;0.0;0.0;0.0;0.0;14938;108;0.0;0.0;0.0;0.0;14936.5;10711.25
-1;11040.0;14932;99;0.0;0.0;0.0;0.0;14935;99;0.0;0.0;0.0;0.0;14933.5;11400.25
-1;11041.0;14935;63;14934.0;58.0;0.0;0.0;14937;23;14938.0;58.0;0.0;0.0;14936.0;10877.75
-1;11042.0;14934;88;0.0;0.0;0.0;0.0;14937;88;0.0;0.0;0.0;0.0;14935.5;10929.0
-1;11043.0;14937;102;0.0;0.0;0.0;0.0;14940;30;14941.0;72.0;0.0;0.0;14938.5;10248.25
-1;11044.0;14936;31;14935.0;62.0;0.0;0.0;14938;31;14939.0;62.0;0.0;0.0;14937.0;10642.5
-1;11045.0;14934;108;0.0;0.0;0.0;0.0;14937;39;14938.0;69.0;0.0;0.0;14935.5;10886.75
-1;11046.0;14933;105;0.0;0.0;0.0;0.0;14936;105;0.0;0.0;0.0;0.0;14934.5;11221.25
-1;11047.0;14934;30;14933.0;69.0;0.0;0.0;14936;30;14937.0;69.0;0.0;0.0;14935.0;11083.25
-1;11048.0;14932;95;0.0;0.0;0.0;0.0;14935;95;0.0;0.0;0.0;0.0;14933.5;11341.75
-1;11049.0;14932;95;0.0;0.0;0.0;0.0;14935;95;0.0;0.0;0.0;0.0;14933.5;11346.5
-1;11050.0;14933;90;0.0;0.0;0.0;0.0;14936;90;0.0;0.0;0.0;0.0;14934.5;11209.0
-1;11051.0;14935;85;0.0;0.0;0.0;0.0;14938;28;14939.0;57.0;0.0;0.0;14936.5;10682.25
-1;11052.0;14941;27;14940.0;52.0;0.0;0.0;14943;27;14944.0;52.0;0.0;0.0;14942.0;9564.0
-1;11053.0;14943;112;0.0;0.0;0.0;0.0;14946;112;0.0;0.0;0.0;0.0;14944.5;9094.25
-1;11054.0;14943;97;0.0;0.0;0.0;0.0;14946;97;0.0;0.0;0.0;0.0;14944.5;9056.0
-1;11055.0;14944;23;14943.0;103.0;0.0;0.0;14946;38;14947.0;65.0;0.0;0.0;14945.0;8960.75
-1;11056.0;14943;24;14942.0;69.0;0.0;0.0;14945;24;14946.0;69.0;0.0;0.0;14944.0;9136.75
-1;11057.0;14938;102;0.0;0.0;0.0;0.0;14941;102;0.0;0.0;0.0;0.0;14939.5;10156.25
-1;11058.0;14939;28;14938.0;56.0;0.0;0.0;14942;84;0.0;0.0;0.0;0.0;14940.5;9969.75
-1;11059.0;14936;112;0.0;0.0;0.0;0.0;14939;112;0.0;0.0;0.0;0.0;14937.5;10555.75
-1;11060.0;14937;91;0.0;0.0;0.0;0.0;14940;91;0.0;0.0;0.0;0.0;14938.5;10311.25
-1;11061.0;14935;102;0.0;0.0;0.0;0.0;14938;28;14939.0;74.0;0.0;0.0;14936.5;10683.0
-1;11062.0;14938;97;0.0;0.0;0.0;0.0;14939;36;14941.0;97.0;0.0;0.0;14938.5;10089.25
-1;11063.0;14937;80;0.0;0.0;0.0;0.0;14940;80;0.0;0.0;0.0;0.0;14938.5;10327.75
-1;11064.0;14936;87;0.0;0.0;0.0;0.0;14939;87;0.0;0.0;0.0;0.0;14937.5;10606.5
-1;11065.0;14935;100;0.0;0.0;0.0;0.0;14938;27;14939.0;73.0;0.0;0.0;14936.5;10671.5
-1;11066.0;14938;98;0.0;0.0;0.0;0.0;14941;39;14942.0;59.0;0.0;0.0;14939.5;10032.0
-1;11067.0;14940;90;0.0;0.0;0.0;0.0;14943;90;0.0;0.0;0.0;0.0;14941.5;9723.75
-1;11068.0;14941;92;0.0;0.0;0.0;0.0;14944;92;0.0;0.0;0.0;0.0;14942.5;9516.75
-1;11069.0;14939;85;0.0;0.0;0.0;0.0;14942;85;0.0;0.0;0.0;0.0;14940.5;9870.25
-1;11070.0;14940;35;14939.0;52.0;0.0;0.0;14942;35;14943.0;52.0;0.0;0.0;14941.0;9773.25
-1;11071.0;14941;104;0.0;0.0;0.0;0.0;14944;104;0.0;0.0;0.0;0.0;14942.5;9531.75
-1;11072.0;14944;101;0.0;0.0;0.0;0.0;14947;101;0.0;0.0;0.0;0.0;14945.5;8894.0
-1;11073.0;14942;99;0.0;0.0;0.0;0.0;14945;99;0.0;0.0;0.0;0.0;14943.5;9213.25
-1;11074.0;14944;27;14943.0;74.0;0.0;0.0;14946;27;14947.0;74.0;0.0;0.0;14945.0;8941.5
-1;11075.0;14943;100;0.0;0.0;0.0;0.0;14946;100;0.0;0.0;0.0;0.0;14944.5;9064.75
-1;11076.0;14943;20;14942.0;67.0;0.0;0.0;14946;87;0.0;0.0;0.0;0.0;14944.5;9116.0
-1;11077.0;14941;97;0.0;0.0;0.0;0.0;14944;97;0.0;0.0;0.0;0.0;14942.5;9418.5
-1;11078.0;14944;21;14943.0;57.0;0.0;0.0;14946;21;14947.0;57.0;0.0;0.0;14945.0;8927.5
-1;11079.0;14944;85;0.0;0.0;0.0;0.0;14947;85;0.0;0.0;0.0;0.0;14945.5;8812.25
-1;11080.0;14942;114;0.0;0.0;0.0;0.0;14945;114;0.0;0.0;0.0;0.0;14943.5;9211.75
-1;11081.0;14944;100;0.0;0.0;0.0;0.0;14945;22;14947.0;100.0;0.0;0.0;14944.5;8818.75
-1;11082.0;14945;98;0.0;0.0;0.0;0.0;14948;98;0.0;0.0;0.0;0.0;14946.5;8606.0
-1;11083.0;14943;34;14942.0;55.0;0.0;0.0;14945;34;14946.0;55.0;0.0;0.0;14944.0;9150.75
-1;11084.0;14943;29;14942.0;73.0;0.0;0.0;14946;102;0.0;0.0;0.0;0.0;14944.5;9114.75
-1;11085.0;14943;100;0.0;0.0;0.0;0.0;14946;100;0.0;0.0;0.0;0.0;14944.5;9005.5
-1;11086.0;14942;85;0.0;0.0;0.0;0.0;14945;85;0.0;0.0;0.0;0.0;14943.5;9291.25
-1;11087.0;14946;39;14945.0;53.0;0.0;0.0;14948;39;14949.0;53.0;0.0;0.0;14947.0;8526.25
-1;11088.0;14947;79;0.0;0.0;0.0;0.0;14950;24;14951.0;55.0;0.0;0.0;14948.5;8116.25
-1;11089.0;14949;95;0.0;0.0;0.0;0.0;14952;33;14953.0;62.0;0.0;0.0;14950.5;7676.5
-1;11090.0;14953;26;14952.0;54.0;0.0;0.0;14955;26;14956.0;54.0;0.0;0.0;14954.0;7019.75
-1;11091.0;14950;104;0.0;0.0;0.0;0.0;14953;104;0.0;0.0;0.0;0.0;14951.5;7502.0
-1;11092.0;14954;95;0.0;0.0;0.0;0.0;14957;95;0.0;0.0;0.0;0.0;14955.5;6688.25
-1;11093.0;14955;23;14954.0;63.0;0.0;0.0;14958;86;0.0;0.0;0.0;0.0;14956.5;6547.0
-1;11094.0;14952;95;0.0;0.0;0.0;0.0;14955;30;14956.0;65.0;0.0;0.0;14953.5;7040.75
-1;11095.0;14951;101;0.0;0.0;0.0;0.0;14954;101;0.0;0.0;0.0;0.0;14952.5;7310.75
-1;11096.0;14946;31;14945.0;69.0;0.0;0.0;14949;100;0.0;0.0;0.0;0.0;14947.5;8466.75
-1;11097.0;14946;81;0.0;0.0;0.0;0.0;14949;81;0.0;0.0;0.0;0.0;14947.5;8445.0
-1;11098.0;14945;33;14944.0;92.0;0.0;0.0;14947;92;0.0;0.0;0.0;0.0;14946.0;8803.0
-1;11099.0;14948;87;0.0;0.0;0.0;0.0;14951;87;0.0;0.0;0.0;0.0;14949.5;7968.5
-1;11100.0;14948;37;14947.0;51.0;0.0;0.0;14950;37;14951.0;51.0;0.0;0.0;14949.0;8063.5
-1;11101.0;14949;92;0.0;0.0;0.0;0.0;14952;92;0.0;0.0;0.0;0.0;14950.5;7741.5
-1;11102.0;14949;94;0.0;0.0;0.0;0.0;14952;38;14953.0;56.0;0.0;0.0;14950.5;7692.0
-1;11103.0;14949;103;0.0;0.0;0.0;0.0;14952;30;14953.0;73.0;0.0;0.0;14950.5;7684.5
-1;11104.0;14949;107;0.0;0.0;0.0;0.0;14952;40;14953.0;67.0;0.0;0.0;14950.5;7688.75
-1;11105.0;14949;14;14948.0;56.0;0.0;0.0;14951;25;14952.0;56.0;0.0;0.0;14950.0;7865.0
-1;11106.0;14950;100;0.0;0.0;0.0;0.0;14953;100;0.0;0.0;0.0;0.0;14951.5;7505.25
-1;11107.0;14951;104;0.0;0.0;0.0;0.0;14954;104;0.0;0.0;0.0;0.0;14952.5;7235.5
-1;11108.0;14953;40;14952.0;75.0;0.0;0.0;14955;40;14956.0;75.0;0.0;0.0;14954.0;6964.25
-1;11109.0;14957;20;14956.0;53.0;0.0;0.0;14959;20;14960.0;53.0;0.0;0.0;14958.0;6052.25
-1;11110.0;14954;98;0.0;0.0;0.0;0.0;14957;98;0.0;0.0;0.0;0.0;14955.5;6625.5
-1;11111.0;14952;78;0.0;0.0;0.0;0.0;14955;78;0.0;0.0;0.0;0.0;14953.5;7090.0
-1;11112.0;14955;28;14954.0;51.0;0.0;0.0;14957;28;14958.0;51.0;0.0;0.0;14956.0;6494.5
-1;11113.0;14956;99;0.0;0.0;0.0;0.0;14959;99;0.0;0.0;0.0;0.0;14957.5;6119.0
-1;11114.0;14956;106;0.0;0.0;0.0;0.0;14959;106;0.0;0.0;0.0;0.0;14957.5;6202.0
-1;11115.0;14957;28;14956.0;97.0;0.0;0.0;14959;97;0.0;0.0;0.0;0.0;14958.0;6193.0
-1;11116.0;14956;38;14955.0;96.0;0.0;0.0;14958;96;0.0;0.0;0.0;0.0;14957.0;6447.75
-1;11117.0;14956;40;14955.0;55.0;0.0;0.0;14958;40;14959.0;55.0;0.0;0.0;14957.0;6281.0
-1;11118.0;14956;84;0.0;0.0;0.0;0.0;14959;84;0.0;0.0;0.0;0.0;14957.5;6118.5
-1;11119.0;14953;28;14952.0;71.0;0.0;0.0;14955;28;14956.0;71.0;0.0;0.0;14954.0;6963.0
-1;11120.0;14954;102;0.0;0.0;0.0;0.0;14957;102;0.0;0.0;0.0;0.0;14955.5;6642.25
-1;11121.0;14955;99;0.0;0.0;0.0;0.0;14958;99;0.0;0.0;0.0;0.0;14956.5;6453.75
-1;11122.0;14960;24;14959.0;34.0;14958.0;55.0;14961;34;14962.0;55.0;0.0;0.0;14960.5;5597.75
-1;11123.0;14953;90;0.0;0.0;0.0;0.0;14956;90;0.0;0.0;0.0;0.0;14954.5;6895.25
-1;11124.0;14954;86;0.0;0.0;0.0;0.0;14957;86;0.0;0.0;0.0;0.0;14955.5;6579.25
-1;11125.0;14953;74;0.0;0.0;0.0;0.0;14956;74;0.0;0.0;0.0;0.0;14954.5;6803.25
-1;11126.0;14952;107;0.0;0.0;0.0;0.0;14955;107;0.0;0.0;0.0;0.0;14953.5;7086.75
-1;11127.0;14952;86;0.0;0.0;0.0;0.0;14955;86;0.0;0.0;0.0;0.0;14953.5;7109.75
-1;11128.0;14950;87;0.0;0.0;0.0;0.0;14953;87;0.0;0.0;0.0;0.0;14951.5;7476.75
-1;11129.0;14953;95;0.0;0.0;0.0;0.0;14956;95;0.0;0.0;0.0;0.0;14954.5;6899.75
-1;11130.0;14949;95;0.0;0.0;0.0;0.0;14952;95;0.0;0.0;0.0;0.0;14950.5;7719.25
-1;11131.0;14950;32;14949.0;53.0;0.0;0.0;14953;85;0.0;0.0;0.0;0.0;14951.5;7591.0
-1;11132.0;14954;96;0.0;0.0;0.0;0.0;14957;96;0.0;0.0;0.0;0.0;14955.5;6593.75
-1;11133.0;14958;92;0.0;0.0;0.0;0.0;14961;92;0.0;0.0;0.0;0.0;14959.5;5679.5
-1;11134.0;14958;37;14957.0;65.0;0.0;0.0;14960;37;14961.0;65.0;0.0;0.0;14959.0;5851.25
-1;11135.0;14958;82;0.0;0.0;0.0;0.0;14961;82;0.0;0.0;0.0;0.0;14959.5;5696.75
-1;11136.0;14957;77;0.0;0.0;0.0;0.0;14960;77;0.0;0.0;0.0;0.0;14958.5;5951.0
-1;11137.0;14957;110;0.0;0.0;0.0;0.0;14960;110;0.0;0.0;0.0;0.0;14958.5;5973.25
-1;11138.0;14953;30;14952.0;27.0;14951.0;50.0;14954;27;14955.0;50.0;0.0;0.0;14953.5;7170.5
-1;11139.0;14950;96;0.0;0.0;0.0;0.0;14953;22;14954.0;74.0;0.0;0.0;14951.5;7441.0
-1;11140.0;14948;99;0.0;0.0;0.0;0.0;14951;99;0.0;0.0;0.0;0.0;14949.5;8031.25
-1;11141.0;14950;22;14949.0;33.0;14948.0;67.0;14951;33;14952.0;67.0;0.0;0.0;14950.5;7841.75
-1;11142.0;14950;96;0.0;0.0;0.0;0.0;14953;96;0.0;0.0;0.0;0.0;14951.5;7548.0
-1;11143.0;14949;39;14948.0;50.0;0.0;0.0;14952;89;0.0;0.0;0.0;0.0;14950.5;7825.0
-1;11144.0;14944;91;0.0;0.0;0.0;0.0;14947;91;0.0;0.0;0.0;0.0;14945.5;8815.5
-1;11145.0;14945;24;14944.0;53.0;0.0;0.0;14947;24;14948.0;53.0;0.0;0.0;14946.0;8743.25
-1;11146.0;14949;39;14948.0;54.0;0.0;0.0;14951;39;14952.0;54.0;0.0;0.0;14950.0;7867.5
-1;11147.0;14949;36;14948.0;60.0;0.0;0.0;14951;36;14952.0;60.0;0.0;0.0;14950.0;7836.25
-1;11148.0;14945;85;0.0;0.0;0.0;0.0;14948;22;14949.0;63.0;0.0;0.0;14946.5;8569.25
-1;11149.0;14943;106;0.0;0.0;0.0;0.0;14946;106;0.0;0.0;0.0;0.0;14944.5;9065.0
-1;11150.0;14943;37;14942.0;59.0;0.0;0.0;14945;37;14946.0;59.0;0.0;0.0;14944.0;9223.25
-1;11151.0;14941;76;0.0;0.0;0.0;0.0;14944;76;0.0;0.0;0.0;0.0;14942.5;9486.5
-1;11152.0;14942;89;0.0;0.0;0.0;0.0;14945;89;0.0;0.0;0.0;0.0;14943.5;9250.25
-1;11153.0;14940;77;0.0;0.0;0.0;0.0;14943;77;0.0;0.0;0.0;0.0;14941.5;9777.25
-1;11154.0;14941;25;14940.0;75.0;0.0;0.0;14943;25;14944.0;75.0;0.0;0.0;14942.0;9635.25
-1;11155.0;14941;30;14940.0;57.0;0.0;0.0;14943;30;14944.0;57.0;0.0;0.0;14942.0;9648.25
-1;11156.0;14941;27;14940.0;75.0;0.0;0.0;14943;27;14944.0;75.0;0.0;0.0;14942.0;9647.0
-1;11157.0;14938;97;0.0;0.0;0.0;0.0;14941;97;0.0;0.0;0.0;0.0;14939.5;10239.0
-1;11158.0;14936;93;0.0;0.0;0.0;0.0;14939;93;0.0;0.0;0.0;0.0;14937.5;10646.0
-1;11159.0;14938;78;0.0;0.0;0.0;0.0;14941;78;0.0;0.0;0.0;0.0;14939.5;10280.5
-1;11160.0;14938;31;14937.0;65.0;0.0;0.0;14940;31;14941.0;65.0;0.0;0.0;14939.0;10312.25
-1;11161.0;14938;76;0.0;0.0;0.0;0.0;14941;76;0.0;0.0;0.0;0.0;14939.5;10161.75
-1;11162.0;14935;33;14934.0;109.0;0.0;0.0;14937;34;14938.0;75.0;0.0;0.0;14936.0;11044.25
-1;11163.0;14930;87;0.0;0.0;0.0;0.0;14933;87;0.0;0.0;0.0;0.0;14931.5;12071.0
-1;11164.0;14928;95;0.0;0.0;0.0;0.0;14931;95;0.0;0.0;0.0;0.0;14929.5;12477.5
-1;11165.0;14928;85;0.0;0.0;0.0;0.0;14931;27;14932.0;58.0;0.0;0.0;14929.5;12430.75
-1;11166.0;14925;23;14924.0;88.0;0.0;0.0;14927;88;0.0;0.0;0.0;0.0;14926.0;13389.75
-1;11167.0;14924;21;14923.0;69.0;0.0;0.0;14927;90;0.0;0.0;0.0;0.0;14925.5;13513.0
-1;11168.0;14925;20;14924.0;61.0;0.0;0.0;14928;81;0.0;0.0;0.0;0.0;14926.5;13281.5
-1;11169.0;14925;32;14924.0;64.0;0.0;0.0;14928;96;0.0;0.0;0.0;0.0;14926.5;13274.0
-1;11170.0;14925;104;0.0;0.0;0.0;0.0;14928;104;0.0;0.0;0.0;0.0;14926.5;13152.5
-1;11171.0;14928;40;14927.0;54.0;0.0;0.0;14930;40;14931.0;54.0;0.0;0.0;14929.0;12612.75
-1;11172.0;14927;97;0.0;0.0;0.0;0.0;14930;97;0.0;0.0;0.0;0.0;14928.5;12724.75
-1;11173.0;14926;99;0.0;0.0;0.0;0.0;14927;39;14929.0;99.0;0.0;0.0;14926.5;12977.5
-1;11174.0;14928;6;14926.0;97.0;0.0;0.0;14929;97;0.0;0.0;0.0;0.0;14928.5;12924.25
-1;11175.0;14921;84;0.0;0.0;0.0;0.0;14924;34;14925.0;50.0;0.0;0.0;14922.5;14068.75
-1;11176.0;14917;24;14916.0;56.0;0.0;0.0;14919;24;14920.0;56.0;0.0;0.0;14918.0;15238.75
-1;11177.0;14917;103;0.0;0.0;0.0;0.0;14920;103;0.0;0.0;0.0;0.0;14918.5;15104.0
-1;11178.0;14916;101;0.0;0.0;0.0;0.0;14919;101;0.0;0.0;0.0;0.0;14917.5;15306.75
-1;11179.0;14921;79;0.0;0.0;0.0;0.0;14924;22;14925.0;57.0;0.0;0.0;14922.5;14077.5
-1;11180.0;14922;86;0.0;0.0;0.0;0.0;14925;86;0.0;0.0;0.0;0.0;14923.5;13854.0
-1;11181.0;14922;90;0.0;0.0;0.0;0.0;14925;90;0.0;0.0;0.0;0.0;14923.5;13931.5
-1;11182.0;14920;90;0.0;0.0;0.0;0.0;14923;29;14924.0;61.0;0.0;0.0;14921.5;14298.0
-1;11183.0;14919;93;0.0;0.0;0.0;0.0;14922;93;0.0;0.0;0.0;0.0;14920.5;14658.25
-1;11184.0;14919;81;0.0;0.0;0.0;0.0;14922;81;0.0;0.0;0.0;0.0;14920.5;14554.5
-1;11185.0;14918;39;14917.0;56.0;0.0;0.0;14920;39;14921.0;56.0;0.0;0.0;14919.0;14991.25
-1;11186.0;14918;110;0.0;0.0;0.0;0.0;14921;110;0.0;0.0;0.0;0.0;14919.5;14862.25
-1;11187.0;14919;78;0.0;0.0;0.0;0.0;14922;78;0.0;0.0;0.0;0.0;14920.5;14663.0
-1;11188.0;14918;92;0.0;0.0;0.0;0.0;14921;92;0.0;0.0;0.0;0.0;14919.5;14886.0
-1;11189.0;14917;89;0.0;0.0;0.0;0.0;14920;89;0.0;0.0;0.0;0.0;14918.5;15098.0
-1;11190.0;14915;97;0.0;0.0;0.0;0.0;14918;97;0.0;0.0;0.0;0.0;14916.5;15638.0
-1;11191.0;14912;97;0.0;0.0;0.0;0.0;14915;97;0.0;0.0;0.0;0.0;14913.5;16281.5
-1;11192.0;14912;84;0.0;0.0;0.0;0.0;14915;84;0.0;0.0;0.0;0.0;14913.5;16285.5
-1;11193.0;14911;97;0.0;0.0;0.0;0.0;14914;97;0.0;0.0;0.0;0.0;14912.5;16572.25
-1;11194.0;14913;97;0.0;0.0;0.0;0.0;14916;97;0.0;0.0;0.0;0.0;14914.5;16089.25
-1;11195.0;14915;84;0.0;0.0;0.0;0.0;14918;84;0.0;0.0;0.0;0.0;14916.5;15616.5
-1;11196.0;14913;80;0.0;0.0;0.0;0.0;14916;22;14917.0;58.0;0.0;0.0;14914.5;15948.25
-1;11197.0;14912;39;14911.0;73.0;0.0;0.0;14915;112;0.0;0.0;0.0;0.0;14913.5;16350.0
-1;11198.0;14915;26;14914.0;53.0;0.0;0.0;14918;79;0.0;0.0;0.0;0.0;14916.5;15660.5
-1;11199.0;14916;103;0.0;0.0;0.0;0.0;14919;103;0.0;0.0;0.0;0.0;14917.5;15351.25
-1;11200.0;14919;102;0.0;0.0;0.0;0.0;14922;102;0.0;0.0;0.0;0.0;14920.5;14573.25
-1;11201.0;14919;79;0.0;0.0;0.0;0.0;14922;79;0.0;0.0;0.0;0.0;14920.5;14607.5
-1;11202.0;14920;99;0.0;0.0;0.0;0.0;14923;99;0.0;0.0;0.0;0.0;14921.5;14404.25
-1;11203.0;14921;23;14920.0;51.0;0.0;0.0;14923;23;14924.0;51.0;0.0;0.0;14922.0;14252.75
-1;11204.0;14922;90;0.0;0.0;0.0;0.0;14925;90;0.0;0.0;0.0;0.0;14923.5;13874.5
-1;11205.0;14920;93;0.0;0.0;0.0;0.0;14923;93;0.0;0.0;0.0;0.0;14921.5;14364.0
-1;11206.0;14918;102;0.0;0.0;0.0;0.0;14921;29;14922.0;73.0;0.0;0.0;14919.5;14777.75
-1;11207.0;14917;13;14916.0;62.0;0.0;0.0;14920;82;0.0;0.0;0.0;0.0;14918.5;15181.5
-1;11208.0;14918;23;14917.0;69.0;0.0;0.0;14920;23;14921.0;69.0;0.0;0.0;14919.0;14944.5
-1;11209.0;14915;29;14914.0;68.0;0.0;0.0;14917;29;14918.0;68.0;0.0;0.0;14916.0;15685.75
-1;11210.0;14914;78;0.0;0.0;0.0;0.0;14917;78;0.0;0.0;0.0;0.0;14915.5;15804.5
-1;11211.0;14913;110;0.0;0.0;0.0;0.0;14916;110;0.0;0.0;0.0;0.0;14914.5;15988.75
-1;11212.0;14918;32;14917.0;102.0;0.0;0.0;14920;28;14921.0;74.0;0.0;0.0;14919.0;15010.75
-1;11213.0;14920;23;14919.0;65.0;0.0;0.0;14922;23;14923.0;65.0;0.0;0.0;14921.0;14492.25
-1;11214.0;14920;95;0.0;0.0;0.0;0.0;14923;95;0.0;0.0;0.0;0.0;14921.5;14375.5
-1;11215.0;14914;81;0.0;0.0;0.0;0.0;14917;81;0.0;0.0;0.0;0.0;14915.5;15762.5
-1;11216.0;14913;37;14912.0;68.0;0.0;0.0;14915;37;14916.0;68.0;0.0;0.0;14914.0;16179.75
-1;11217.0;14915;102;0.0;0.0;0.0;0.0;14916;36;14918.0;102.0;0.0;0.0;14915.5;15545.75
-1;11218.0;14914;87;0.0;0.0;0.0;0.0;14917;87;0.0;0.0;0.0;0.0;14915.5;15792.5
-1;11219.0;14913;109;0.0;0.0;0.0;0.0;14916;109;0.0;0.0;0.0;0.0;14914.5;16084.75
-1;11220.0;14913;96;0.0;0.0;0.0;0.0;14916;96;0.0;0.0;0.0;0.0;14914.5;16080.25
-1;11221.0;14913;25;14912.0;63.0;0.0;0.0;14915;25;14916.0;63.0;0.0;0.0;14914.0;16179.25
-1;11222.0;14910;87;0.0;0.0;0.0;0.0;14913;87;0.0;0.0;0.0;0.0;14911.5;16714.5
-1;11223.0;14910;106;0.0;0.0;0.0;0.0;14911;29;14913.0;106.0;0.0;0.0;14910.5;16848.25
-1;11224.0;14908;100;0.0;0.0;0.0;0.0;14911;100;0.0;0.0;0.0;0.0;14909.5;17263.75
-1;11225.0;14911;33;14910.0;58.0;0.0;0.0;14913;33;14914.0;58.0;0.0;0.0;14912.0;16687.25
-1;11226.0;14911;38;14910.0;61.0;0.0;0.0;14913;38;14914.0;61.0;0.0;0.0;14912.0;16649.0
-1;11227.0;14911;32;14910.0;53.0;0.0;0.0;14913;32;14914.0;53.0;0.0;0.0;14912.0;16688.0
-1;11228.0;14909;94;0.0;0.0;0.0;0.0;14912;94;0.0;0.0;0.0;0.0;14910.5;17050.0
-1;11229.0;14912;87;0.0;0.0;0.0;0.0;14915;87;0.0;0.0;0.0;0.0;14913.5;16323.5
-1;11230.0;14913;34;14912.0;70.0;0.0;0.0;14914;20;14915.0;34.0;14916.0;70.0;14913.5;16160.5
-1;11231.0;14909;75;0.0;0.0;0.0;0.0;14912;75;0.0;0.0;0.0;0.0;14910.5;17005.25
-1;11232.0;14911;81;0.0;0.0;0.0;0.0;14914;81;0.0;0.0;0.0;0.0;14912.5;16609.75
-1;11233.0;14911;93;0.0;0.0;0.0;0.0;14914;93;0.0;0.0;0.0;0.0;14912.5;16538.75
-1;11234.0;14913;78;0.0;0.0;0.0;0.0;14916;78;0.0;0.0;0.0;0.0;14914.5;16075.75
