day;timestamp;product;bid_price_1;bid_volume_1;bid_price_2;bid_volume_2;bid_price_3;bid_volume_3;ask_price_1;ask_volume_1;ask_price_2;ask_volume_2;ask_price_3;ask_volume_3;mid_price;profit_and_loss
-1;0;PEARLS;9998;1;9995;30;;;10005;30;;;;;10001.5;0.0
-1;0;BANANAS;4946;1;4945;30;;;4952;30;;;;;4949.0;0.0
-1;100;PEARLS;9996;1;9995;30;;;10002;6;10004;1;10005;30;9999.0;0.0
-1;100;BANANAS;4945;31;;;;;4950;7;4952;31;;;4947.5;0.0
-1;200;BANANAS;4945;22;;;;;4951;1;4952;21;;;4948.0;0.0
-1;200;PEARLS;9996;1;9995;21;;;10004;1;10005;21;;;10000.0;0.0
-1;300;PEARLS;9996;2;9995;23;;;9998;3;10004;2;10005;23;9997.0;0.0
-1;300;BANANAS;4945;25;;;;;4952;25;;;;;4948.5;0.0
-1;400;PEARLS;9998;5;9996;2;9995;23;10004;2;10005;23;;;10001.0;6.0
-1;400;BANANAS;4946;5;4945;25;;;4952;25;;;;;4949.0;0.0
-1;500;PEARLS;10002;1;9996;2;9995;22;10004;2;10005;22;;;10003.0;6.0
-1;500;BANANAS;4945;24;;;;;4952;24;;;;;4948.5;15.00390625
-1;600;BANANAS;4946;2;4945;24;;;4950;9;4952;26;;;4948.0;13.7734375
-1;600;PEARLS;9996;2;9995;24;;;10002;9;10004;2;10005;24;9999.0;10.0
-1;700;PEARLS;9998;7;9995;27;;;10005;27;;;;;10001.5;10.0
-1;700;BANANAS;4946;7;4945;27;;;4952;27;;;;;4949.0;15.765625
-1;800;PEARLS;9995;26;;;;;10005;26;;;;;10000.0;10.0
-1;800;BANANAS;4944;26;;;;;4951;26;;;;;4947.5;27.953125
-1;900;BANANAS;4944;2;4943;27;;;4950;29;;;;;4947.0;33.30078125
-1;900;PEARLS;9996;2;9995;27;;;10004;2;10005;27;;;10000.0;10.0
-1;1000;BANANAS;4944;28;;;;;4950;2;4951;26;;;4947.0;30.66796875
-1;1000;PEARLS;9996;2;9995;26;;;10004;2;10005;26;;;10000.0;10.0
-1;1100;BANANAS;4944;25;;;;;4950;2;4951;23;;;4947.0;29.9921875
-1;1100;PEARLS;9996;2;9995;23;;;10004;2;10005;23;;;10000.0;10.0
-1;1200;PEARLS;9998;9;9996;2;9995;28;10004;2;10005;28;;;10001.0;10.0
-1;1200;BANANAS;4945;9;4944;30;;;4951;30;;;;;4948.0;26.4375
-1;1300;PEARLS;9996;1;9995;27;;;10004;1;10005;27;;;10000.0;10.0
-1;1300;BANANAS;4944;28;;;;;4946;4;4951;28;;;4945.0;24.36328125
-1;1400;BANANAS;4945;25;;;;;4951;2;4952;24;;;4948.0;27.7421875
-1;1400;PEARLS;9996;2;9995;24;;;10004;2;10005;24;;;10000.0;10.0
-1;1500;PEARLS;10002;1;9996;2;9995;20;10004;2;10005;20;;;10003.0;10.0
-1;1500;BANANAS;4950;1;4945;2;4944;20;4951;22;;;;;4950.5;30.15625
-1;1600;PEARLS;9996;1;9995;22;;;10004;1;10005;22;;;10000.0;12.0
-1;1600;BANANAS;4945;23;;;;;4951;1;4952;22;;;4948.0;29.9765625
-1;1700;PEARLS;9995;27;;;;;10005;27;;;;;10000.0;12.0
-1;1700;BANANAS;4945;27;;;;;4948;2;4952;27;;;4946.5;24.40234375
-1;1800;BANANAS;4946;2;4945;25;;;4952;27;;;;;4949.0;27.0859375
-1;1800;PEARLS;9996;2;9995;25;;;10004;2;10005;25;;;10000.0;18.0
-1;1900;PEARLS;9996;2;9995;29;;;10004;2;10005;29;;;10000.0;18.0
-1;1900;BANANAS;4945;31;;;;;4952;31;;;;;4948.5;29.58984375
-1;2000;PEARLS;9996;1;9995;25;;;10002;7;10004;1;10005;25;9999.0;18.0
-1;2000;BANANAS;4945;26;;;;;4950;7;4951;1;4952;25;4947.5;29.77734375
-1;2100;PEARLS;9995;23;;;;;10005;23;;;;;10000.0;18.0
-1;2100;BANANAS;4945;23;;;;;4952;23;;;;;4948.5;28.853515625
-1;2200;BANANAS;4945;32;;;;;4952;32;;;;;4948.5;27.50390625
-1;2200;PEARLS;9996;2;9995;30;;;10004;2;10005;30;;;10000.0;18.0
-1;2300;PEARLS;9996;2;9995;22;;;10004;2;10005;22;;;10000.0;18.0
-1;2300;BANANAS;4946;2;4945;22;;;4952;24;;;;;4949.0;40.9453125
-1;2400;PEARLS;9998;4;9996;2;9995;23;10004;2;10005;23;;;10001.0;18.0
-1;2400;BANANAS;4951;3;4948;4;4947;25;4953;2;4954;23;;;4952.0;26.34375
-1;2500;BANANAS;4947;1;4946;20;;;4948;5;4953;21;;;4947.5;30.37890625
-1;2500;PEARLS;9996;1;9995;20;;;10004;1;10005;20;;;10000.0;18.0
-1;2600;BANANAS;4946;25;;;;;4953;25;;;;;4949.5;41.44921875
-1;2600;PEARLS;9995;25;;;;;10005;25;;;;;10000.0;18.0
-1;2700;BANANAS;4947;10;4946;24;;;4953;25;;;;;4950.0;39.45703125
-1;2700;PEARLS;9998;4;9996;1;9995;24;10004;1;10005;24;;;10001.0;18.0
-1;2800;PEARLS;9998;5;9995;29;;;10005;29;;;;;10001.5;18.0
-1;2800;BANANAS;4952;1;4947;5;4946;29;4953;29;;;;;4952.5;40.95703125
-1;2900;BANANAS;4946;25;;;;;4953;25;;;;;4949.5;44.80859375
-1;2900;PEARLS;10002;10;9996;2;9995;23;10004;2;10005;23;;;10003.0;18.0
-1;3000;BANANAS;4946;31;;;;;4953;31;;;;;4949.5;44.4609375
-1;3000;PEARLS;9996;2;9995;29;;;10004;2;10005;29;;;10000.0;38.0
-1;3100;BANANAS;4947;27;;;;;4953;2;4954;26;;;4950.0;39.3515625
-1;3100;PEARLS;9996;2;9995;26;;;10004;2;10005;26;;;10000.0;38.0
-1;3200;PEARLS;9996;2;9995;30;;;10002;6;10004;2;10005;30;9999.0;38.0
-1;3200;BANANAS;4947;2;4946;30;;;4951;6;4953;32;;;4949.0;41.28515625
-1;3300;BANANAS;4946;28;;;;;4953;28;;;;;4949.5;45.6953125
-1;3300;PEARLS;9996;2;9995;26;;;10004;2;10005;26;;;10000.0;38.0
-1;3400;BANANAS;4946;29;;;;;4953;29;;;;;4949.5;44.50390625
-1;3400;PEARLS;9996;2;9995;27;;;10004;2;10005;27;;;10000.0;47.0
-1;3500;BANANAS;4946;30;;;;;4951;9;4953;30;;;4948.5;43.01171875
-1;3500;PEARLS;9996;2;9995;28;;;10002;9;10004;2;10005;28;9999.0;47.0
-1;3600;PEARLS;9995;21;;;;;9998;1;10005;21;;;9996.5;47.0
-1;3600;BANANAS;4947;21;;;;;4954;21;;;;;4950.5;38.1015625
-1;3700;BANANAS;4947;31;;;;;4952;6;4953;2;4954;29;4949.5;38.13671875
-1;3700;PEARLS;9996;2;9995;29;;;10000;5;10002;7;10004;2;9998.0;49.0
-1;3800;BANANAS;4947;30;;;;;4953;1;4954;29;;;4950.0;38.44921875
-1;3800;PEARLS;10002;1;9996;1;9995;29;10004;1;10005;29;;;10003.0;49.0
-1;3900;BANANAS;4948;1;4947;25;;;4954;25;;;;;4951.0;39.3984375
-1;3900;PEARLS;9998;1;9995;25;;;10005;25;;;;;10001.5;51.0
-1;4000;PEARLS;10002;9;9996;2;9995;27;10004;2;10005;27;;;10003.0;51.0
-1;4000;BANANAS;4947;29;;;;;4953;2;4954;27;;;4950.0;39.609375
-1;4100;BANANAS;4946;24;;;;;4953;24;;;;;4949.5;42.43359375
-1;4100;PEARLS;9996;1;9995;23;;;10004;1;10005;23;;;10000.0;69.0
-1;4200;BANANAS;4946;28;;;;;4947;12;4953;28;;;4946.5;42.5546875
-1;4200;PEARLS;9996;2;9995;26;;;10004;2;10005;26;;;10000.0;69.0
-1;4300;BANANAS;4946;31;;;;;4952;2;4953;29;;;4949.0;72.75
-1;4300;PEARLS;9996;2;9995;29;;;10004;2;10005;29;;;10000.0;69.0
-1;4400;PEARLS;9996;1;9995;26;;;9998;1;10004;1;10005;26;9997.0;73.0
-1;4400;BANANAS;4946;26;;;;;4953;27;;;;;4949.5;76.146484375
-1;4500;BANANAS;4946;27;;;;;4953;27;;;;;4949.5;75.982421875
-1;4500;PEARLS;9995;27;;;;;10005;27;;;;;10000.0;75.0
-1;4600;BANANAS;4946;22;;;;;4953;22;;;;;4949.5;76.57421875
-1;4600;PEARLS;9996;1;9995;21;;;10004;1;10005;21;;;10000.0;75.0
-1;4700;BANANAS;4946;27;;;;;4947;8;4952;1;4953;26;4946.5;75.2578125
-1;4700;PEARLS;9998;4;9996;1;9995;26;10004;1;10005;26;;;10001.0;75.0
-1;4800;PEARLS;10002;3;9996;1;9995;24;10004;1;10005;24;;;10003.0;75.0
-1;4800;BANANAS;4951;1;4946;25;;;4952;1;4953;24;;;4951.5;93.15625
-1;4900;BANANAS;4946;22;;;;;4952;22;;;;;4949.0;92.17578125
-1;4900;PEARLS;9995;22;;;;;9998;4;10005;22;;;9996.5;81.0
-1;5000;BANANAS;4947;4;4946;22;;;4953;23;;;;;4950.0;100.75
-1;5000;PEARLS;9998;3;9996;1;9995;22;10004;1;10005;22;;;10001.0;89.0
-1;5100;BANANAS;4947;9;4946;25;;;4948;2;4953;25;;;4947.5;103.390625
-1;5100;PEARLS;10002;1;9998;9;9995;25;10005;25;;;;;10003.5;89.0
-1;5200;PEARLS;9996;2;9995;22;;;10004;2;10005;22;;;10000.0;91.0
-1;5200;BANANAS;4947;2;4946;22;;;4953;24;;;;;4950.0;105.9296875
-1;5300;PEARLS;9995;25;;;;;10005;25;;;;;10000.0;91.0
-1;5300;BANANAS;4947;25;;;;;4954;25;;;;;4950.5;108.8671875
-1;5400;BANANAS;4947;27;;;;;4952;8;4954;27;;;4949.5;112.5546875
-1;5400;PEARLS;9995;27;;;;;10000;6;10002;8;10005;27;9997.5;91.0
-1;5500;BANANAS;4947;30;;;;;4954;30;;;;;4950.5;113.328125
-1;5500;PEARLS;9996;1;9995;29;;;10004;1;10005;29;;;10000.0;91.0
-1;5600;BANANAS;4947;9;4946;26;;;4953;27;;;;;4950.0;106.4453125
-1;5600;PEARLS;10002;1;9998;8;9996;1;10004;1;10005;26;;;10003.0;91.0
-1;5700;PEARLS;9998;4;9996;2;9995;23;10004;2;10005;23;;;10001.0;93.0
-1;5700;BANANAS;4950;2;4948;4;4947;25;4954;25;;;;;4952.0;116.609375
-1;5800;PEARLS;10002;1;9998;10;9995;24;10005;24;;;;;10003.5;93.0
-1;5800;BANANAS;4953;1;4948;10;4947;24;4954;24;;;;;4953.5;116.3125
-1;5900;BANANAS;4947;21;;;;;4954;21;;;;;4950.5;116.67578125
-1;5900;PEARLS;10000;5;9996;1;9995;20;10004;1;10005;20;;;10002.0;95.0
-1;6000;PEARLS;9996;2;9995;22;;;9998;4;10004;2;10005;22;9997.0;95.0
-1;6000;BANANAS;4947;24;;;;;4953;2;4954;22;;;4950.0;114.40234375
-1;6100;PEARLS;9996;1;9995;24;;;10000;5;10002;2;10004;1;9998.0;103.0
-1;6100;BANANAS;4947;25;;;;;4952;2;4954;25;;;4949.5;118.45703125
-1;6200;PEARLS;9996;1;9995;29;;;10004;1;10005;29;;;10000.0;103.0
-1;6200;BANANAS;4947;30;;;;;4948;13;4954;30;;;4947.5;116.73046875
-1;6300;BANANAS;4947;25;;;;;4948;1;4954;25;;;4947.5;138.1171875
-1;6300;PEARLS;9995;25;;;;;10005;25;;;;;10000.0;103.0
-1;6400;PEARLS;10000;4;9995;23;;;10005;23;;;;;10002.5;103.0
-1;6400;BANANAS;4947;23;;;;;4954;23;;;;;4950.5;140.1875
-1;6500;PEARLS;9995;20;;;;;10005;20;;;;;10000.0;103.0
-1;6500;BANANAS;4947;20;;;;;4954;20;;;;;4950.5;144.1796875
-1;6600;PEARLS;9996;1;9995;26;;;10004;1;10005;26;;;10000.0;103.0
-1;6600;BANANAS;4948;27;;;;;4955;27;;;;;4951.5;152.265625
-1;6700;BANANAS;4948;28;;;;;4954;2;4955;26;;;4951.0;181.2783203125
-1;6700;PEARLS;10002;4;9996;2;9995;26;10004;2;10005;26;;;10003.0;103.0
-1;6800;BANANAS;4948;1;4947;24;;;4954;24;;;;;4951.0;179.9521484375
-1;6800;PEARLS;9998;1;9996;1;9995;23;10004;1;10005;23;;;10001.0;111.0
-1;6900;PEARLS;9995;28;;;;;10005;28;;;;;10000.0;121.0
-1;6900;BANANAS;4952;1;4951;4;4947;28;4954;28;;;;;4953.0;182.1640625
-1;7000;PEARLS;10000;6;9998;7;9996;2;10004;2;10005;27;;;10002.0;121.0
-1;7000;BANANAS;4948;7;4947;29;;;4954;29;;;;;4951.0;184.083984375
-1;7100;PEARLS;9996;1;9995;29;;;10004;1;10005;29;;;10000.0;121.0
-1;7100;BANANAS;4947;30;;;;;4954;30;;;;;4950.5;184.626953125
-1;7200;BANANAS;4947;23;;;;;4954;23;;;;;4950.5;185.1533203125
-1;7200;PEARLS;9996;2;9995;21;;;10004;2;10005;21;;;10000.0;121.0
-1;7300;PEARLS;9996;2;9995;23;;;10002;4;10004;2;10005;23;9999.0;123.0
-1;7300;BANANAS;4947;25;;;;;4952;4;4954;25;;;4949.5;185.63671875
-1;7400;PEARLS;10002;1;9996;2;9995;28;10004;2;10005;28;;;10003.0;123.0
-1;7400;BANANAS;4947;30;;;;;4953;2;4954;28;;;4950.0;185.291015625
-1;7500;PEARLS;9995;29;;;;;10005;29;;;;;10000.0;125.0
-1;7500;BANANAS;4947;29;;;;;4953;29;;;;;4950.0;185.04296875
-1;7600;BANANAS;4946;26;;;;;4953;26;;;;;4949.5;183.771484375
-1;7600;PEARLS;9996;2;9995;24;;;10004;2;10005;24;;;10000.0;125.0
-1;7700;PEARLS;9995;28;;;;;10005;28;;;;;10000.0;125.0
-1;7700;BANANAS;4951;1;4945;28;;;4952;28;;;;;4951.5;183.828125
-1;7800;PEARLS;9996;1;9995;22;;;10004;1;10005;22;;;10000.0;127.0
-1;7800;BANANAS;4951;1;4946;23;;;4952;1;4953;22;;;4951.5;188.451171875
-1;7900;PEARLS;9996;1;9995;25;;;10002;4;10004;1;10005;25;9999.0;127.0
-1;7900;BANANAS;4946;1;4945;25;;;4950;4;4952;26;;;4948.0;189.7353515625
-1;8000;BANANAS;4945;23;;;;;4952;23;;;;;4948.5;189.68310546875
-1;8000;PEARLS;9996;1;9995;22;;;10004;1;10005;22;;;10000.0;127.0
-1;8100;PEARLS;9995;22;;;;;10005;22;;;;;10000.0;127.0
-1;8100;BANANAS;4945;22;;;;;4952;22;;;;;4948.5;189.40087890625
-1;8200;PEARLS;9995;20;;;;;9998;1;10002;2;10005;20;9996.5;127.0
-1;8200;BANANAS;4949;2;4945;20;;;4950;2;4952;20;;;4949.5;189.353515625
-1;8300;PEARLS;10002;1;9998;6;9996;1;10004;1;10005;26;;;10003.0;129.0
-1;8300;BANANAS;4946;6;4945;27;;;4952;27;;;;;4949.0;190.72119140625
-1;8400;BANANAS;4945;26;;;;;4951;26;;;;;4948.0;191.0205078125
-1;8400;PEARLS;9995;26;;;;;10005;26;;;;;10000.0;131.0
-1;8500;PEARLS;9995;30;;;;;10005;30;;;;;10000.0;131.0
-1;8500;BANANAS;4947;5;4944;30;;;4951;30;;;;;4949.0;191.56396484375
-1;8600;PEARLS;9996;1;9995;22;;;10004;1;10005;22;;;10000.0;131.0
-1;8600;BANANAS;4944;23;;;;;4951;23;;;;;4947.5;191.67333984375
-1;8700;PEARLS;9996;1;9995;29;;;10004;1;10005;29;;;10000.0;131.0
-1;8700;BANANAS;4945;30;;;;;4946;1;4952;30;;;4945.5;190.63330078125
-1;8800;BANANAS;4945;23;;;;;4947;4;4952;23;;;4946.0;193.0
-1;8800;PEARLS;9995;23;;;;;9998;12;10005;23;;;9996.5;131.0
-1;8900;PEARLS;10002;5;9996;1;9995;26;10004;1;10005;26;;;10003.0;155.0
-1;8900;BANANAS;4945;27;;;;;4952;27;;;;;4948.5;198.431640625
-1;9000;PEARLS;9995;23;;;;;10002;7;10005;23;;;9998.5;165.0
-1;9000;BANANAS;4945;23;;;;;4950;7;4952;23;;;4947.5;199.61328125
-1;9100;PEARLS;9996;1;9995;30;;;10004;1;10005;30;;;10000.0;165.0
-1;9100;BANANAS;4946;31;;;;;4949;3;4952;1;4953;30;4947.5;201.607421875
-1;9200;BANANAS;4945;24;;;;;4950;3;4952;24;;;4947.5;199.58984375
-1;9200;PEARLS;9995;24;;;;;10002;3;10005;24;;;9998.5;165.0
-1;9300;PEARLS;9995;23;;;;;10005;23;;;;;10000.0;165.0
-1;9300;BANANAS;4945;23;;;;;4952;23;;;;;4948.5;199.390625
-1;9400;PEARLS;9996;2;9995;22;;;10004;2;10005;22;;;10000.0;165.0
-1;9400;BANANAS;4946;24;;;;;4952;24;;;;;4949.0;200.875
-1;9500;PEARLS;9998;9;9996;1;9995;28;10004;1;10005;28;;;10001.0;165.0
-1;9500;BANANAS;4946;10;4945;28;;;4952;29;;;;;4949.0;200.1640625
-1;9600;BANANAS;4945;20;;;;;4946;1;4952;20;;;4945.5;198.9375
-1;9600;PEARLS;9995;20;;;;;10005;20;;;;;10000.0;165.0
-1;9700;PEARLS;9998;3;9995;25;;;10005;25;;;;;10001.5;165.0
-1;9700;BANANAS;4946;3;4945;25;;;4952;25;;;;;4949.0;203.703125
-1;9800;PEARLS;9995;21;;;;;10002;5;10005;21;;;9998.5;165.0
-1;9800;BANANAS;4945;21;;;;;4950;5;4952;21;;;4947.5;203.1953125
-1;9900;BANANAS;4945;22;;;;;4952;22;;;;;4948.5;202.15625
-1;9900;PEARLS;9995;22;;;;;10005;22;;;;;10000.0;165.0
-1;10000;BANANAS;4946;8;4945;31;;;4952;31;;;;;4949.0;201.0
-1;10000;PEARLS;9998;8;9996;2;9995;29;10004;2;10005;29;;;10001.0;165.0
-1;10100;BANANAS;4945;22;;;;;4952;22;;;;;4948.5;202.1015625
-1;10100;PEARLS;9995;22;;;;;10005;22;;;;;10000.0;165.0
-1;10200;PEARLS;9996;2;9995;23;;;10004;2;10005;23;;;10000.0;165.0
-1;10200;BANANAS;4946;25;;;;;4952;2;4953;23;;;4949.0;204.8203125
-1;10300;PEARLS;9996;2;9995;20;;;10004;2;10005;20;;;10000.0;165.0
-1;10300;BANANAS;4946;2;4945;20;;;4947;4;4952;22;;;4946.5;203.30859375
-1;10400;BANANAS;4946;30;;;;;4953;30;;;;;4949.5;216.0546875
-1;10400;PEARLS;9995;30;;;;;10005;30;;;;;10000.0;167.0
-1;10500;PEARLS;9998;4;9996;1;9995;27;10004;1;10005;27;;;10001.0;167.0
-1;10500;BANANAS;4946;4;4945;28;;;4952;28;;;;;4949.0;205.51953125
-1;10600;PEARLS;9995;23;;;;;9998;2;10002;6;10005;23;9996.5;167.0
-1;10600;BANANAS;4945;23;;;;;4950;6;4952;23;;;4947.5;205.7421875
-1;10700;PEARLS;9998;1;9995;23;;;10005;23;;;;;10001.5;171.0
-1;10700;BANANAS;4946;1;4945;23;;;4952;23;;;;;4949.0;208.36328125
-1;10800;BANANAS;4947;3;4946;23;;;4953;23;;;;;4950.0;215.640625
-1;10800;PEARLS;10002;1;9998;4;9995;23;10005;23;;;;;10003.5;171.0
-1;10900;PEARLS;9996;1;9995;29;;;10004;1;10005;29;;;10000.0;173.0
-1;10900;BANANAS;4947;1;4946;29;;;4953;30;;;;;4950.0;221.28125
-1;11000;PEARLS;9996;1;9995;29;;;10004;1;10005;29;;;10000.0;173.0
-1;11000;BANANAS;4946;30;;;;;4952;1;4953;29;;;4949.0;214.20703125
-1;11100;PEARLS;9996;2;9995;29;;;10002;4;10004;2;10005;29;9999.0;173.0
-1;11100;BANANAS;4946;31;;;;;4951;4;4952;2;4953;29;4948.5;213.60546875
-1;11200;BANANAS;4946;29;;;;;4952;1;4953;28;;;4949.0;213.9375
-1;11200;PEARLS;10002;1;9996;1;9995;28;10004;1;10005;28;;;10003.0;187.0
-1;11300;BANANAS;4950;1;4945;27;;;4952;27;;;;;4951.0;208.609375
-1;11300;PEARLS;9996;1;9995;26;;;10004;1;10005;26;;;10000.0;189.0
-1;11400;PEARLS;9998;2;9996;1;9995;23;10004;1;10005;23;;;10001.0;189.0
-1;11400;BANANAS;4946;3;4945;24;;;4951;1;4952;23;;;4948.5;205.234375
-1;11500;BANANAS;4945;2;4944;28;;;4951;29;;;;;4948.0;202.23828125
-1;11500;PEARLS;9998;1;9996;1;9995;28;10004;1;10005;28;;;10001.0;189.0
-1;11600;BANANAS;4944;26;;;;;4951;26;;;;;4947.5;199.92578125
-1;11600;PEARLS;9995;26;;;;;10005;26;;;;;10000.0;189.0
-1;11700;BANANAS;4944;22;;;;;4951;22;;;;;4947.5;201.3515625
-1;11700;PEARLS;9996;1;9995;21;;;10004;1;10005;21;;;10000.0;189.0
-1;11800;PEARLS;9995;21;;;;;10005;21;;;;;10000.0;189.0
-1;11800;BANANAS;4944;21;;;;;4951;21;;;;;4947.5;201.796875
-1;11900;BANANAS;4944;25;;;;;4951;25;;;;;4947.5;195.9765625
-1;11900;PEARLS;9995;25;;;;;10005;25;;;;;10000.0;189.0
-1;12000;BANANAS;4943;25;;;;;4950;25;;;;;4946.5;192.9296875
-1;12000;PEARLS;9995;25;;;;;10005;25;;;;;10000.0;189.0
-1;12100;BANANAS;4943;22;;;;;4948;4;4949;2;4950;20;4945.5;186.6875
-1;12100;PEARLS;9996;2;9995;20;;;10002;3;10004;2;10005;20;9999.0;189.0
-1;12200;PEARLS;9998;10;9996;2;9995;26;10004;2;10005;26;;;10001.0;189.0
-1;12200;BANANAS;4944;10;4943;28;;;4950;28;;;;;4947.0;191.27734375
-1;12300;BANANAS;4943;24;;;;;4950;24;;;;;4946.5;189.421875
-1;12300;PEARLS;9996;1;9995;23;;;10000;5;10004;1;10005;23;9998.0;189.0
-1;12400;BANANAS;4943;30;;;;;4949;1;4950;29;;;4946.0;188.140625
-1;12400;PEARLS;9996;1;9995;29;;;10004;1;10005;29;;;10000.0;189.0
-1;12500;BANANAS;4943;31;;;;;4949;2;4950;29;;;4946.0;188.171875
-1;12500;PEARLS;10002;5;9996;2;9995;29;10004;2;10005;29;;;10003.0;189.0
-1;12600;PEARLS;9998;5;9996;1;9995;30;10004;1;10005;30;;;10001.0;199.0
-1;12600;BANANAS;4944;5;4943;31;;;4949;31;;;;;4946.5;186.23828125
-1;12700;BANANAS;4943;31;;;;;4950;31;;;;;4946.5;190.71484375
-1;12700;PEARLS;9996;2;9995;29;;;10004;2;10005;29;;;10000.0;199.0
-1;12800;BANANAS;4943;31;;;;;4948;3;4950;31;;;4945.5;192.1640625
-1;12800;PEARLS;9996;1;9995;30;;;10002;3;10004;1;10005;30;9999.0;199.0
-1;12900;BANANAS;4944;24;;;;;4950;24;;;;;4947.0;194.92578125
-1;12900;PEARLS;9995;24;;;;;10005;24;;;;;10000.0;199.0
-1;13000;PEARLS;9995;27;;;;;10005;27;;;;;10000.0;199.0
-1;13000;BANANAS;4943;27;;;;;4950;27;;;;;4946.5;193.94921875
-1;13100;BANANAS;4944;30;;;;;4950;2;4951;28;;;4947.0;195.921875
-1;13100;PEARLS;9996;2;9995;28;;;10004;2;10005;28;;;10000.0;199.0
-1;13200;BANANAS;4943;28;;;;;4950;28;;;;;4946.5;193.35546875
-1;13200;PEARLS;9995;28;;;;;10005;28;;;;;10000.0;199.0
-1;13300;BANANAS;4949;1;4944;28;;;4950;2;4951;26;;;4949.5;195.6796875
-1;13300;PEARLS;9996;2;9995;26;;;10004;2;10005;26;;;10000.0;199.0
-1;13400;PEARLS;10002;1;9996;1;9995;25;10004;1;10005;25;;;10003.0;199.0
-1;13400;BANANAS;4944;26;;;;;4950;1;4951;25;;;4947.0;198.0546875
-1;13500;BANANAS;4947;4;4944;30;;;4949;9;4951;30;;;4948.0;200.9765625
-1;13500;PEARLS;9996;1;9995;29;;;10002;9;10004;1;10005;29;9999.0;201.0
-1;13600;BANANAS;4944;25;;;;;4950;2;4951;23;;;4947.0;199.00390625
-1;13600;PEARLS;9996;2;9995;23;;;10004;2;10005;23;;;10000.0;201.0
-1;13700;BANANAS;4947;5;4944;30;;;4949;7;4951;30;;;4948.0;199.3828125
-1;13700;PEARLS;10000;2;9996;2;9995;28;10002;7;10004;2;10005;28;10001.0;201.0
-1;13800;PEARLS;9996;1;9995;24;;;10004;1;10005;24;;;10000.0;201.0
-1;13800;BANANAS;4943;25;;;;;4950;25;;;;;4946.5;191.66015625
-1;13900;BANANAS;4942;20;;;;;4947;2;4949;20;;;4944.5;187.01953125
-1;13900;PEARLS;9995;20;;;;;10002;2;10005;20;;;9998.5;201.0
-1;14000;BANANAS;4948;1;4943;1;4942;26;4949;27;;;;;4948.5;187.08984375
-1;14000;PEARLS;9996;1;9995;26;;;10004;1;10005;26;;;10000.0;201.0
-1;14100;BANANAS;4942;24;;;;;4949;24;;;;;4945.5;188.9453125
-1;14100;PEARLS;10000;3;9996;2;9995;22;10004;2;10005;22;;;10002.0;202.0
-1;14200;BANANAS;4942;24;;;;;4949;24;;;;;4945.5;188.4453125
-1;14200;PEARLS;9996;2;9995;22;;;10004;2;10005;22;;;10000.0;202.0
-1;14300;PEARLS;9996;2;9995;28;;;10004;2;10005;28;;;10000.0;202.0
-1;14300;BANANAS;4943;30;;;;;4949;2;4950;28;;;4946.0;194.2734375
-1;14400;BANANAS;4943;9;4942;23;;;4949;23;;;;;4946.0;191.6328125
-1;14400;PEARLS;9998;9;9996;1;9995;22;10004;1;10005;22;;;10001.0;202.0
-1;14500;BANANAS;4943;22;;;;;4949;1;4950;22;;;4946.0;194.53515625
-1;14500;PEARLS;9996;1;9995;22;;;10000;2;10004;1;10005;22;9998.0;202.0
-1;14600;PEARLS;9995;21;;;;;10002;3;10005;21;;;9998.5;202.0
-1;14600;BANANAS;4942;21;;;;;4947;3;4949;21;;;4944.5;191.9921875
-1;14700;PEARLS;9998;5;9996;2;9995;24;10004;2;10005;24;;;10001.0;202.0
-1;14700;BANANAS;4943;7;4942;24;;;4949;26;;;;;4946.0;191.76171875
-1;14800;PEARLS;9996;2;9995;21;;;10004;2;10005;21;;;10000.0;202.0
-1;14800;BANANAS;4943;1;4942;21;;;4949;23;;;;;4946.0;193.078125
-1;14900;BANANAS;4943;2;4942;28;;;4947;8;4949;30;;;4945.0;192.0390625
-1;14900;PEARLS;9996;2;9995;28;;;10002;8;10004;2;10005;28;9999.0;202.0
-1;15000;PEARLS;9996;1;9995;22;;;10004;1;10005;22;;;10000.0;202.0
-1;15000;BANANAS;4942;23;;;;;4943;1;4949;23;;;4942.5;190.21875
-1;15100;PEARLS;10002;1;9996;1;9995;25;10004;1;10005;25;;;10003.0;202.0
-1;15100;BANANAS;4948;1;4943;1;4942;25;4949;26;;;;;4948.5;195.94921875
-1;15200;PEARLS;9998;3;9996;2;9995;23;10000;4;10004;2;10005;23;9999.0;204.0
-1;15200;BANANAS;4946;3;4944;3;4943;25;4950;25;;;;;4948.0;202.125
-1;15300;BANANAS;4943;5;4942;22;;;4949;24;;;;;4946.0;197.953125
-1;15300;PEARLS;9998;3;9996;2;9995;22;10004;2;10005;22;;;10001.0;204.0
-1;15400;PEARLS;9996;2;9995;24;;;10002;4;10004;2;10005;24;9999.0;204.0
-1;15400;BANANAS;4942;26;;;;;4947;4;4949;26;;;4944.5;196.1640625
-1;15500;PEARLS;9998;5;9995;20;;;10005;20;;;;;10001.5;204.0
-1;15500;BANANAS;4948;1;4943;5;4942;20;4949;20;;;;;4948.5;197.375
-1;15600;PEARLS;9996;1;9995;23;;;10004;1;10005;23;;;10000.0;204.0
-1;15600;BANANAS;4943;24;;;;;4950;24;;;;;4946.5;203.59375
-1;15700;PEARLS;9996;2;9995;20;;;10004;2;10005;20;;;10000.0;204.0
-1;15700;BANANAS;4944;22;;;;;4950;2;4951;20;;;4947.0;209.3515625
-1;15800;BANANAS;4945;9;4944;26;;;4950;2;4951;24;;;4947.5;208.7890625
-1;15800;PEARLS;9998;5;9996;2;9995;24;10004;2;10005;24;;;10001.0;204.0
-1;15900;PEARLS;9998;10;9995;27;;;10005;27;;;;;10001.5;204.0
-1;15900;BANANAS;4945;10;4944;27;;;4951;27;;;;;4948.0;211.8125
-1;16000;PEARLS;9996;2;9995;25;;;10002;7;10004;2;10005;25;9999.0;204.0
-1;16000;BANANAS;4945;27;;;;;4950;7;4951;2;4952;25;4947.5;215.35546875
-1;16100;PEARLS;9998;4;9995;29;;;10005;29;;;;;10001.5;204.0
-1;16100;BANANAS;4945;4;4944;29;;;4951;29;;;;;4948.0;230.5703125
-1;16200;BANANAS;4944;21;;;;;4945;1;4951;21;;;4944.5;230.4609375
-1;16200;PEARLS;9995;21;;;;;10005;21;;;;;10000.0;204.0
-1;16300;PEARLS;9996;2;9995;29;;;10002;2;10004;2;10005;29;9999.0;204.0
-1;16300;BANANAS;4944;31;;;;;4949;2;4951;31;;;4946.5;230.4140625
-1;16400;PEARLS;9996;2;9995;22;;;9998;1;10004;2;10005;22;9997.0;204.0
-1;16400;BANANAS;4945;2;4944;22;;;4951;24;;;;;4948.0;234.2890625
-1;16500;PEARLS;9996;2;9995;25;;;10004;2;10005;25;;;10000.0;206.0
-1;16500;BANANAS;4945;2;4944;25;;;4951;27;;;;;4948.0;233.125
-1;16600;BANANAS;4945;25;;;;;4951;25;;;;;4948.0;236.1796875
-1;16600;PEARLS;9996;2;9995;23;;;10004;2;10005;23;;;10000.0;206.0
-1;16700;PEARLS;10002;3;9996;1;9995;23;10004;1;10005;23;;;10003.0;206.0
-1;16700;BANANAS;4944;24;;;;;4945;1;4951;24;;;4944.5;231.921875
-1;16800;PEARLS;9996;2;9995;30;;;10002;5;10004;2;10005;30;9999.0;212.0
-1;16800;BANANAS;4944;32;;;;;4949;5;4950;2;4951;30;4946.5;228.1015625
-1;16900;PEARLS;9996;1;9995;23;;;10004;1;10005;23;;;10000.0;216.0
-1;16900;BANANAS;4944;24;;;;;4951;24;;;;;4947.5;230.5078125
-1;17000;BANANAS;4944;23;;;;;4951;23;;;;;4947.5;229.8515625
-1;17000;PEARLS;9995;23;;;;;10005;23;;;;;10000.0;216.0
-1;17100;PEARLS;9998;6;9996;1;9995;30;10004;1;10005;30;;;10001.0;216.0
-1;17100;BANANAS;4945;6;4944;30;;;4951;31;;;;;4948.0;238.0625
-1;17200;PEARLS;9998;6;9996;2;9995;24;10004;2;10005;24;;;10001.0;216.0
-1;17200;BANANAS;4946;6;4945;26;;;4951;2;4952;24;;;4948.5;241.15234375
-1;17300;PEARLS;9995;28;;;;;9998;1;10002;3;10005;28;9996.5;216.0
-1;17300;BANANAS;4945;28;;;;;4947;2;4950;3;4952;28;4946.0;248.28125
-1;17400;BANANAS;4946;25;;;;;4952;1;4953;24;;;4949.0;256.48828125
-1;17400;PEARLS;9996;1;9995;24;;;10004;1;10005;24;;;10000.0;218.0
-1;17500;PEARLS;9996;1;9995;23;;;10004;1;10005;23;;;10000.0;218.0
-1;17500;BANANAS;4951;11;4946;24;;;4953;24;;;;;4952.0;260.46484375
-1;17600;PEARLS;9995;27;;;;;10005;27;;;;;10000.0;218.0
-1;17600;BANANAS;4945;27;;;;;4952;27;;;;;4948.5;278.0
-1;17700;PEARLS;9996;1;9995;23;;;10004;1;10005;23;;;10000.0;218.0
-1;17700;BANANAS;4945;24;;;;;4951;1;4952;23;;;4948.0;278.0
-1;17800;BANANAS;4944;23;;;;;4951;23;;;;;4947.5;278.0
-1;17800;PEARLS;9995;23;;;;;10005;23;;;;;10000.0;218.0
-1;17900;PEARLS;9998;8;9996;1;9995;29;10004;1;10005;29;;;10001.0;218.0
-1;17900;BANANAS;4945;9;4944;29;;;4951;30;;;;;4948.0;278.0
-1;18000;PEARLS;9998;7;9996;2;9995;26;10004;2;10005;26;;;10001.0;218.0
-1;18000;BANANAS;4945;9;4944;26;;;4951;28;;;;;4948.0;278.0
-1;18100;PEARLS;9995;21;;;;;10005;21;;;;;10000.0;218.0
-1;18100;BANANAS;4945;21;;;;;4952;21;;;;;4948.5;278.0
-1;18200;BANANAS;4950;1;4945;24;;;4952;24;;;;;4951.0;278.0
-1;18200;PEARLS;9996;1;9995;23;;;10004;1;10005;23;;;10000.0;218.0
-1;18300;PEARLS;9996;2;9995;27;;;10004;2;10005;27;;;10000.0;218.0
-1;18300;BANANAS;4944;29;;;;;4951;29;;;;;4947.5;280.57080078125
-1;18400;PEARLS;9996;1;9995;29;;;10004;1;10005;29;;;10000.0;218.0
-1;18400;BANANAS;4945;30;;;;;4951;1;4952;29;;;4948.0;279.92236328125
-1;18500;PEARLS;9998;3;9996;2;9995;30;10004;2;10005;30;;;10001.0;218.0
-1;18500;BANANAS;4946;3;4945;32;;;4951;2;4952;30;;;4948.5;279.93408203125
-1;18600;BANANAS;4945;31;;;;;4950;10;4951;1;4952;30;4947.5;279.81298828125
-1;18600;PEARLS;9996;1;9995;30;;;10002;9;10004;1;10005;30;9999.0;218.0
-1;18700;BANANAS;4945;27;;;;;4951;2;4952;25;;;4948.0;279.9521484375
-1;18700;PEARLS;10002;9;9996;2;9995;25;10004;2;10005;25;;;10003.0;218.0
-1;18800;PEARLS;9996;2;9995;22;;;10004;2;10005;22;;;10000.0;236.0
-1;18800;BANANAS;4945;24;;;;;4952;24;;;;;4948.5;279.576171875
-1;18900;BANANAS;4945;28;;;;;4952;28;;;;;4948.5;279.3017578125
-1;18900;PEARLS;9996;1;9995;27;;;10004;1;10005;27;;;10000.0;236.0
-1;19000;BANANAS;4945;24;;;;;4950;7;4952;25;;;4947.5;283.333984375
-1;19000;PEARLS;9995;25;;;;;10002;7;10005;25;;;9998.5;244.0
-1;19100;PEARLS;9996;1;9995;28;;;10000;5;10004;1;10005;28;9998.0;244.0
-1;19100;BANANAS;4945;29;;;;;4951;1;4952;28;;;4948.0;283.6875
-1;19200;PEARLS;9996;1;9995;28;;;10002;7;10004;1;10005;28;9999.0;244.0
-1;19200;BANANAS;4945;29;;;;;4950;7;4952;29;;;4947.5;282.8828125
-1;19300;PEARLS;9996;2;9995;30;;;10004;2;10005;30;;;10000.0;244.0
-1;19300;BANANAS;4945;32;;;;;4952;32;;;;;4948.5;282.0517578125
-1;19400;BANANAS;4946;21;;;;;4951;3;4952;1;4953;20;4948.5;280.537109375
-1;19400;PEARLS;9996;1;9995;20;;;10002;3;10004;1;10005;20;9999.0;244.0
-1;19500;PEARLS;9996;2;9995;20;;;10004;2;10005;20;;;10000.0;244.0
-1;19500;BANANAS;4946;22;;;;;4952;2;4953;20;;;4949.0;280.8212890625
-1;19600;PEARLS;9996;2;9995;29;;;10004;2;10005;29;;;10000.0;244.0
-1;19600;BANANAS;4946;31;;;;;4952;2;4953;29;;;4949.0;280.4296875
-1;19700;PEARLS;9996;1;9995;24;;;10002;2;10004;1;10005;24;9999.0;244.0
-1;19700;BANANAS;4946;25;;;;;4951;2;4952;1;4953;24;4948.5;280.4931640625
-1;19800;BANANAS;4946;20;;;;;4953;20;;;;;4949.5;280.234375
-1;19800;PEARLS;10002;4;9995;20;;;10005;20;;;;;10003.5;244.0
-1;19900;PEARLS;9996;1;9995;27;;;10004;1;10005;27;;;10000.0;252.0
-1;19900;BANANAS;4946;28;;;;;4952;1;4953;27;;;4949.0;280.6982421875
-1;20000;PEARLS;9996;1;9995;28;;;10002;4;10004;1;10005;28;9999.0;252.0
-1;20000;BANANAS;4946;29;;;;;4951;4;4953;29;;;4948.5;279.431640625
-1;20100;PEARLS;9998;9;9996;2;9995;29;10004;2;10005;29;;;10001.0;252.0
-1;20100;BANANAS;4947;10;4946;31;;;4952;2;4953;29;;;4949.5;280.56640625
-1;20200;BANANAS;4946;29;;;;;4953;29;;;;;4949.5;280.30859375
-1;20200;PEARLS;9995;29;;;;;10005;29;;;;;10000.0;252.0
-1;20300;BANANAS;4946;2;4945;21;;;4952;23;;;;;4949.0;281.453125
-1;20300;PEARLS;9996;2;9995;21;;;10004;2;10005;21;;;10000.0;252.0
-1;20400;PEARLS;9995;24;;;;;10005;24;;;;;10000.0;252.0
-1;20400;BANANAS;4946;24;;;;;4953;24;;;;;4949.5;301.65625
-1;20500;BANANAS;4946;30;;;;;4953;30;;;;;4949.5;302.16796875
-1;20500;PEARLS;9995;30;;;;;10005;30;;;;;10000.0;252.0
-1;20600;BANANAS;4947;23;;;;;4953;2;4954;21;;;4950.0;309.3671875
-1;20600;PEARLS;9996;2;9995;21;;;10004;2;10005;21;;;10000.0;252.0
-1;20700;BANANAS;4947;31;;;;;4948;1;4951;6;4953;31;4947.5;310.0
-1;20700;PEARLS;9996;1;9995;30;;;10002;6;10004;1;10005;30;9999.0;252.0
-1;20800;PEARLS;9996;2;9995;23;;;10004;2;10005;23;;;10000.0;252.0
-1;20800;BANANAS;4953;1;4948;2;4947;23;4954;25;;;;;4953.5;317.890625
-1;20900;BANANAS;4947;24;;;;;4954;24;;;;;4950.5;319.31640625
-1;20900;PEARLS;9996;1;9995;23;;;10004;1;10005;23;;;10000.0;252.0
-1;21000;BANANAS;4948;27;;;;;4949;3;4955;27;;;4948.5;321.26953125
-1;21000;PEARLS;9995;27;;;;;10005;27;;;;;10000.0;252.0
-1;21100;BANANAS;4949;1;4948;30;;;4955;30;;;;;4952.0;329.859375
-1;21100;PEARLS;9998;1;9996;2;9995;28;10004;2;10005;28;;;10001.0;252.0
-1;21200;PEARLS;9995;23;;;;;10005;23;;;;;10000.0;254.0
-1;21200;BANANAS;4947;23;;;;;4954;23;;;;;4950.5;329.6640625
-1;21300;BANANAS;4947;29;;;;;4948;1;4954;29;;;4947.5;330.5078125
-1;21300;PEARLS;9995;29;;;;;10005;29;;;;;10000.0;254.0
-1;21400;BANANAS;4948;30;;;;;4955;30;;;;;4951.5;338.6328125
-1;21400;PEARLS;9995;30;;;;;10005;30;;;;;10000.0;254.0
-1;21500;BANANAS;4952;4;4948;2;4947;22;4954;24;;;;;4953.0;333.2890625
-1;21500;PEARLS;9996;2;9995;22;;;10004;2;10005;22;;;10000.0;254.0
-1;21600;PEARLS;10002;1;9995;29;;;10005;29;;;;;10003.5;254.0
-1;21600;BANANAS;4951;2;4948;29;;;4955;29;;;;;4953.0;341.8359375
-1;21700;BANANAS;4948;1;4947;30;;;4952;10;4954;31;;;4950.0;337.31640625
-1;21700;PEARLS;9996;1;9995;30;;;10002;10;10004;1;10005;30;9999.0;256.0
-1;21800;BANANAS;4949;5;4948;29;;;4954;1;4955;28;;;4951.5;338.89453125
-1;21800;PEARLS;9998;6;9996;1;9995;28;10004;1;10005;28;;;10001.0;256.0
-1;21900;BANANAS;4948;2;4947;28;;;4954;30;;;;;4951.0;336.3828125
-1;21900;PEARLS;9996;2;9995;28;;;10004;2;10005;28;;;10000.0;256.0
-1;22000;PEARLS;9996;1;9995;23;;;10000;2;10004;1;10005;23;9998.0;257.0
-1;22000;BANANAS;4947;24;;;;;4948;1;4954;24;;;4947.5;336.4609375
-1;22100;BANANAS;4948;1;4947;23;;;4954;25;;;;;4951.0;342.078125
-1;22100;PEARLS;9996;2;9995;23;;;10004;2;10005;23;;;10000.0;257.0
-1;22200;BANANAS;4948;28;;;;;4953;4;4954;1;4955;27;4950.5;345.75
-1;22200;PEARLS;9996;1;9995;27;;;10002;4;10004;1;10005;27;9999.0;258.0
-1;22300;BANANAS;4948;30;;;;;4955;30;;;;;4951.5;348.359375
-1;22300;PEARLS;9996;1;9995;29;;;10004;1;10005;29;;;10000.0;258.0
-1;22400;PEARLS;10002;2;9996;2;9995;24;10004;2;10005;24;;;10003.0;258.0
-1;22400;BANANAS;4948;26;;;;;4955;26;;;;;4951.5;347.12890625
-1;22500;BANANAS;4948;27;;;;;4955;27;;;;;4951.5;349.08203125
-1;22500;PEARLS;10002;6;9995;27;;;10005;27;;;;;10003.5;262.0
-1;22600;BANANAS;4948;27;;;;;4953;9;4955;27;;;4950.5;348.49609375
-1;22600;PEARLS;9996;1;9995;26;;;10002;9;10004;1;10005;26;9999.0;264.0
-1;22700;BANANAS;4948;28;;;;;4955;28;;;;;4951.5;352.2734375
-1;22700;PEARLS;9995;28;;;;;10005;28;;;;;10000.0;264.0
-1;22800;PEARLS;9996;1;9995;29;;;9998;3;10004;1;10005;29;9997.0;264.0
-1;22800;BANANAS;4948;30;;;;;4954;1;4955;29;;;4951.0;345.078125
-1;22900;BANANAS;4948;26;;;;;4954;2;4955;24;;;4951.0;345.96875
-1;22900;PEARLS;9996;2;9995;24;;;9998;1;10004;2;10005;24;9997.0;270.0
-1;23000;BANANAS;4949;3;4948;26;;;4955;26;;;;;4952.0;350.75390625
-1;23000;PEARLS;9998;3;9996;2;9995;24;10004;2;10005;24;;;10001.0;272.0
-1;23100;BANANAS;4948;24;;;;;4953;10;4955;24;;;4950.5;349.27734375
-1;23100;PEARLS;9996;1;9995;23;;;10002;10;10004;1;10005;23;9999.0;272.0
-1;23200;BANANAS;4948;26;;;;;4953;10;4955;26;;;4950.5;347.4296875
-1;23200;PEARLS;9995;26;;;;;9998;1;10002;10;10005;26;9996.5;272.0
-1;23300;PEARLS;9995;22;;;;;10005;22;;;;;10000.0;274.0
-1;23300;BANANAS;4947;22;;;;;4954;22;;;;;4950.5;358.2578125
-1;23400;BANANAS;4949;6;4948;21;;;4954;21;;;;;4951.5;358.703125
-1;23400;PEARLS;9998;6;9995;21;;;10005;21;;;;;10001.5;274.0
-1;23500;BANANAS;4950;2;4948;2;4947;26;4954;28;;;;;4952.0;356.71875
-1;23500;PEARLS;9996;2;9995;26;;;10004;2;10005;26;;;10000.0;274.0
-1;23600;PEARLS;9995;21;;;;;10002;6;10005;21;;;9998.5;274.0
-1;23600;BANANAS;4952;3;4948;21;;;4953;6;4955;21;;;4952.5;361.3671875
-1;23700;PEARLS;9995;24;;;;;10005;24;;;;;10000.0;274.0
-1;23700;BANANAS;4947;24;;;;;4954;24;;;;;4950.5;358.5
-1;23800;PEARLS;9996;2;9995;21;;;10004;2;10005;21;;;10000.0;274.0
-1;23800;BANANAS;4948;2;4947;21;;;4954;23;;;;;4951.0;359.9375
-1;23900;BANANAS;4953;1;4947;20;;;4954;20;;;;;4953.5;356.9375
-1;23900;PEARLS;9995;20;;;;;10005;20;;;;;10000.0;274.0
-1;24000;PEARLS;9996;1;9995;22;;;10002;6;10004;1;10005;22;9999.0;274.0
-1;24000;BANANAS;4947;23;;;;;4951;6;4953;23;;;4949.0;352.9765625
-1;24100;PEARLS;9996;2;9995;24;;;10004;2;10005;24;;;10000.0;274.0
-1;24100;BANANAS;4946;26;;;;;4953;26;;;;;4949.5;348.25
-1;24200;PEARLS;9998;4;9996;2;9995;25;10004;2;10005;25;;;10001.0;274.0
-1;24200;BANANAS;4951;1;4946;7;4945;25;4952;27;;;;;4951.5;340.3203125
-1;24300;BANANAS;4945;2;4944;21;;;4951;23;;;;;4948.0;333.109375
-1;24300;PEARLS;10002;6;9996;2;9995;21;10004;2;10005;21;;;10003.0;274.0
-1;24400;PEARLS;9995;25;;;;;10005;25;;;;;10000.0;284.0
-1;24400;BANANAS;4944;25;;;;;4951;25;;;;;4947.5;330.1015625
-1;24500;PEARLS;9995;21;;;;;9998;2;10002;7;10005;21;9996.5;284.0
-1;24500;BANANAS;4949;4;4945;21;;;4950;7;4952;21;;;4949.5;338.3359375
-1;24600;PEARLS;9996;1;9995;26;;;10004;1;10005;26;;;10000.0;288.0
-1;24600;BANANAS;4945;27;;;;;4951;1;4952;26;;;4948.0;338.66015625
-1;24700;PEARLS;9996;2;9995;20;;;10004;2;10005;20;;;10000.0;288.0
-1;24700;BANANAS;4945;22;;;;;4951;2;4952;20;;;4948.0;339.24609375
-1;24800;BANANAS;4945;28;;;;;4951;28;;;;;4948.0;340.107421875
-1;24800;PEARLS;9996;2;9995;26;;;10004;2;10005;26;;;10000.0;288.0
-1;24900;PEARLS;9998;5;9996;2;9995;28;10004;2;10005;28;;;10001.0;288.0
-1;24900;BANANAS;4945;5;4944;30;;;4951;30;;;;;4948.0;337.62890625
-1;25000;PEARLS;9996;1;9995;26;;;10002;1;10004;1;10005;26;9999.0;288.0
-1;25000;BANANAS;4944;27;;;;;4949;1;4951;27;;;4946.5;338.205078125
-1;25100;PEARLS;9995;23;;;;;10005;23;;;;;10000.0;288.0
-1;25100;BANANAS;4946;6;4944;23;;;4950;23;;;;;4948.0;334.970703125
-1;25200;BANANAS;4944;25;;;;;4951;26;;;;;4947.5;337.021484375
-1;25200;PEARLS;9996;2;9995;24;;;10004;2;10005;24;;;10000.0;293.0
-1;25300;PEARLS;9996;2;9995;24;;;10002;1;10004;2;10005;24;9999.0;293.0
-1;25300;BANANAS;4944;26;;;;;4948;1;4950;26;;;4946.0;335.046875
-1;25400;PEARLS;9998;2;9996;2;9995;30;10004;2;10005;30;;;10001.0;294.0
-1;25400;BANANAS;4945;2;4944;32;;;4951;32;;;;;4948.0;341.01171875
-1;25500;PEARLS;9998;3;9996;2;9995;23;10004;2;10005;23;;;10001.0;294.0
-1;25500;BANANAS;4946;3;4945;25;;;4951;25;;;;;4948.5;344.037109375
-1;25600;BANANAS;4950;1;4945;31;;;4951;1;4952;30;;;4950.5;344.5078125
-1;25600;PEARLS;9996;1;9995;30;;;10004;1;10005;30;;;10000.0;294.0
-1;25700;PEARLS;9996;1;9995;22;;;10004;1;10005;22;;;10000.0;294.0
-1;25700;BANANAS;4945;23;;;;;4951;1;4952;22;;;4948.0;346.20703125
-1;25800;PEARLS;9996;1;9995;27;;;10004;1;10005;27;;;10000.0;294.0
-1;25800;BANANAS;4945;1;4944;27;;;4951;28;;;;;4948.0;345.728515625
-1;25900;PEARLS;9995;28;;;;;10005;28;;;;;10000.0;294.0
-1;25900;BANANAS;4944;28;;;;;4951;28;;;;;4947.5;345.3984375
-1;26000;BANANAS;4945;24;;;;;4949;7;4951;24;;;4947.0;345.888671875
-1;26000;PEARLS;9995;24;;;;;10002;7;10005;24;;;9998.5;294.0
-1;26100;PEARLS;9995;25;;;;;10002;7;10005;25;;;9998.5;294.0
-1;26100;BANANAS;4945;25;;;;;4950;7;4952;25;;;4947.5;346.80078125
-1;26200;PEARLS;9996;1;9995;25;;;10004;1;10005;25;;;10000.0;294.0
-1;26200;BANANAS;4945;26;;;;;4952;26;;;;;4948.5;347.126953125
-1;26300;PEARLS;9995;24;;;;;10005;24;;;;;10000.0;294.0
-1;26300;BANANAS;4945;24;;;;;4952;24;;;;;4948.5;346.548828125
-1;26400;BANANAS;4945;28;;;;;4952;29;;;;;4948.5;347.017578125
-1;26400;PEARLS;10002;3;9995;29;;;10005;29;;;;;10003.5;294.0
-1;26500;PEARLS;9996;1;9995;23;;;10002;4;10004;1;10005;23;9999.0;298.0
-1;26500;BANANAS;4945;24;;;;;4949;3;4951;24;;;4947.0;346.0
-1;26600;PEARLS;10002;3;9998;1;9996;1;10004;1;10005;21;;;10003.0;298.0
-1;26600;BANANAS;4946;1;4945;22;;;4952;22;;;;;4949.0;348.875
-1;26700;PEARLS;9995;24;;;;;10000;6;10005;24;;;9997.5;298.0
-1;26700;BANANAS;4945;24;;;;;4952;24;;;;;4948.5;348.3623046875
-1;26800;BANANAS;4945;24;;;;;4952;24;;;;;4948.5;349.0244140625
-1;26800;PEARLS;9995;24;;;;;10005;24;;;;;10000.0;298.0
-1;26900;PEARLS;9995;27;;;;;9998;1;10002;5;10005;27;9996.5;298.0
-1;26900;BANANAS;4945;27;;;;;4950;5;4952;27;;;4947.5;348.5751953125
-1;27000;PEARLS;9996;1;9995;30;;;10002;7;10004;1;10005;30;9999.0;300.0
-1;27000;BANANAS;4945;31;;;;;4950;7;4952;31;;;4947.5;348.9951171875
-1;27100;PEARLS;9996;2;9995;22;;;10002;7;10004;2;10005;22;9999.0;300.0
-1;27100;BANANAS;4945;24;;;;;4950;7;4952;24;;;4947.5;349.08203125
-1;27200;BANANAS;4950;3;4946;2;4945;31;4952;31;;;;;4951.0;349.3505859375
-1;27200;PEARLS;9998;2;9996;2;9995;29;10004;2;10005;29;;;10001.0;300.0
-1;27300;PEARLS;10000;5;9996;2;9995;25;10004;2;10005;25;;;10002.0;300.0
-1;27300;BANANAS;4946;27;;;;;4952;2;4953;25;;;4949.0;352.904296875
-1;27400;PEARLS;9996;1;9995;24;;;10004;1;10005;24;;;10000.0;300.0
-1;27400;BANANAS;4946;25;;;;;4952;25;;;;;4949.0;353.01123046875
-1;27500;BANANAS;4945;26;;;;;4947;1;4950;10;4952;26;4946.0;353.2998046875
-1;27500;PEARLS;9996;2;9995;24;;;10002;10;10004;2;10005;24;9999.0;300.0
-1;27600;BANANAS;4945;23;;;;;4952;23;;;;;4948.5;355.0
-1;27600;PEARLS;9996;1;9995;22;;;9998;1;10004;1;10005;22;9997.0;300.0
-1;27700;BANANAS;4946;26;;;;;4952;2;4953;24;;;4949.0;355.0
-1;27700;PEARLS;9996;2;9995;24;;;10004;2;10005;24;;;10000.0;302.0
-1;27800;PEARLS;9995;28;;;;;10005;28;;;;;10000.0;308.0
-1;27800;BANANAS;4947;28;;;;;4953;28;;;;;4950.0;358.015625
-1;27900;PEARLS;9996;1;9995;25;;;9998;4;10004;1;10005;25;9997.0;308.0
-1;27900;BANANAS;4947;1;4946;25;;;4953;26;;;;;4950.0;358.5361328125
-1;28000;BANANAS;4946;24;;;;;4951;9;4953;24;;;4948.5;360.841796875
-1;28000;PEARLS;9995;24;;;;;10002;9;10005;24;;;9998.5;316.0
-1;28100;PEARLS;9995;22;;;;;10005;22;;;;;10000.0;318.0
-1;28100;BANANAS;4945;22;;;;;4952;22;;;;;4948.5;364.1328125
-1;28200;PEARLS;9996;1;9995;29;;;10004;1;10005;29;;;10000.0;319.0
-1;28200;BANANAS;4946;30;;;;;4952;1;4953;29;;;4949.0;364.6396484375
-1;28300;PEARLS;9996;1;9995;23;;;10002;7;10004;1;10005;23;9999.0;319.0
-1;28300;BANANAS;4946;24;;;;;4951;7;4953;24;;;4948.5;363.830078125
-1;28400;BANANAS;4947;21;;;;;4951;9;4953;21;;;4949.0;362.0078125
-1;28400;PEARLS;9995;21;;;;;10002;9;10005;21;;;9998.5;319.0
-1;28500;PEARLS;9996;1;9995;30;;;10004;1;10005;30;;;10000.0;319.0
-1;28500;BANANAS;4952;1;4947;31;;;4954;31;;;;;4953.0;360.8984375
-1;28600;PEARLS;9998;7;9996;2;9995;29;10004;2;10005;29;;;10001.0;319.0
-1;28600;BANANAS;4949;6;4948;31;;;4954;2;4955;29;;;4951.5;359.4921875
-1;28700;PEARLS;9996;1;9995;24;;;10004;1;10005;24;;;10000.0;319.0
-1;28700;BANANAS;4948;25;;;;;4955;25;;;;;4951.5;357.677734375
-1;28800;BANANAS;4949;2;4948;20;;;4955;22;;;;;4952.0;356.58203125
-1;28800;PEARLS;9996;2;9995;20;;;10004;2;10005;20;;;10000.0;327.0
-1;28900;PEARLS;9995;22;;;;;10005;22;;;;;10000.0;327.0
-1;28900;BANANAS;4949;22;;;;;4956;22;;;;;4952.5;353.30078125
-1;29000;PEARLS;9995;24;;;;;10005;24;;;;;10000.0;327.0
-1;29000;BANANAS;4949;24;;;;;4956;24;;;;;4952.5;352.51953125
-1;29100;BANANAS;4951;9;4950;31;;;4956;31;;;;;4953.5;354.037109375
-1;29100;PEARLS;9998;9;9996;2;9995;29;10004;2;10005;29;;;10001.0;328.0
-1;29200;BANANAS;4950;20;;;;;4955;4;4957;20;;;4952.5;351.677734375
-1;29200;PEARLS;9995;20;;;;;10002;3;10005;20;;;9998.5;328.0
-1;29300;BANANAS;4950;24;;;;;4956;25;;;;;4953.0;354.048828125
-1;29300;PEARLS;9995;25;;;;;10005;25;;;;;10000.0;328.0
-1;29400;PEARLS;9996;1;9995;23;;;10004;1;10005;23;;;10000.0;328.0
-1;29400;BANANAS;4954;4;4950;1;4949;23;4956;24;;;;;4955.0;355.04296875
-1;29500;BANANAS;4949;24;;;;;4956;24;;;;;4952.5;361.6640625
-1;29500;PEARLS;10002;1;9996;2;9995;22;10004;2;10005;22;;;10003.0;328.0
-1;29600;BANANAS;4949;20;;;;;4956;20;;;;;4952.5;360.1953125
-1;29600;PEARLS;9995;20;;;;;9998;1;10005;20;;;9996.5;330.0
-1;29700;BANANAS;4950;1;4949;26;;;4956;27;;;;;4953.0;359.16015625
-1;29700;PEARLS;9996;1;9995;26;;;10004;1;10005;26;;;10000.0;332.0
-1;29800;PEARLS;9998;7;9996;1;9995;29;10004;1;10005;29;;;10001.0;332.0
-1;29800;BANANAS;4950;7;4949;30;;;4956;30;;;;;4953.0;364.44140625
-1;29900;BANANAS;4950;9;4949;26;;;4956;27;;;;;4953.0;359.765625
-1;29900;PEARLS;9998;8;9996;1;9995;26;10000;2;10004;1;10005;26;9999.0;332.0
-1;30000;BANANAS;4950;21;;;;;4955;6;4956;1;4957;20;4952.5;357.44140625
-1;30000;PEARLS;9996;1;9995;20;;;10002;7;10004;1;10005;20;9999.0;332.0
-1;30100;BANANAS;4949;22;;;;;4956;22;;;;;4952.5;366.11328125
-1;30100;PEARLS;9995;22;;;;;10000;5;10005;22;;;9997.5;332.0
-1;30200;PEARLS;9996;2;9995;22;;;10004;2;10005;22;;;10000.0;332.0
-1;30200;BANANAS;4949;24;;;;;4952;2;4956;24;;;4950.5;364.125
-1;30300;BANANAS;4949;2;4948;28;;;4953;7;4955;30;;;4951.0;367.41015625
-1;30300;PEARLS;9996;2;9995;28;;;10002;7;10004;2;10005;28;9999.0;332.0
-1;30400;BANANAS;4948;23;;;;;4955;23;;;;;4951.5;370.79296875
-1;30400;PEARLS;9996;2;9995;21;;;10004;2;10005;21;;;10000.0;332.0
-1;30500;BANANAS;4948;29;;;;;4954;1;4955;28;;;4951.0;373.51171875
-1;30500;PEARLS;9996;1;9995;28;;;10004;1;10005;28;;;10000.0;332.0
-1;30600;PEARLS;9995;30;;;;;10005;30;;;;;10000.0;332.0
-1;30600;BANANAS;4948;30;;;;;4955;30;;;;;4951.5;367.9609375
-1;30700;BANANAS;4953;3;4948;23;;;4955;23;;;;;4954.0;374.73828125
-1;30700;PEARLS;9996;1;9995;22;;;10004;1;10005;22;;;10000.0;332.0
-1;30800;BANANAS;4948;29;;;;;4955;29;;;;;4951.5;375.328125
-1;30800;PEARLS;9995;29;;;;;10005;29;;;;;10000.0;332.0
-1;30900;BANANAS;4950;2;4949;23;;;4955;23;;;;;4952.5;373.8984375
-1;30900;PEARLS;9998;2;9995;23;;;10005;23;;;;;10001.5;332.0
-1;31000;PEARLS;9995;20;;;;;10005;20;;;;;10000.0;332.0
-1;31000;BANANAS;4950;20;;;;;4956;20;;;;;4953.0;362.203125
-1;31100;BANANAS;4950;22;;;;;4956;1;4957;21;;;4953.0;360.453125
-1;31100;PEARLS;9996;1;9995;21;;;10004;1;10005;21;;;10000.0;332.0
-1;31200;BANANAS;4950;1;4949;27;;;4956;29;;;;;4953.0;363.04296875
-1;31200;PEARLS;9996;2;9995;27;;;10004;2;10005;27;;;10000.0;332.0
-1;31300;BANANAS;4950;30;;;;;4957;30;;;;;4953.5;358.328125
-1;31300;PEARLS;9995;30;;;;;10005;30;;;;;10000.0;332.0
-1;31400;PEARLS;9996;2;9995;30;;;10004;2;10005;30;;;10000.0;332.0
-1;31400;BANANAS;4951;2;4950;30;;;4957;32;;;;;4954.0;350.5859375
-1;31500;BANANAS;4951;22;;;;;4958;23;;;;;4954.5;349.625
-1;31500;PEARLS;9995;23;;;;;10005;23;;;;;10000.0;332.0
-1;31600;BANANAS;4952;2;4951;32;;;4958;32;;;;;4955.0;344.6328125
-1;31600;PEARLS;9998;2;9996;2;9995;30;10004;2;10005;30;;;10001.0;332.0
-1;31700;BANANAS;4951;29;;;;;4956;2;4958;29;;;4953.5;348.875
-1;31700;PEARLS;9995;29;;;;;9998;4;10002;2;10005;29;9996.5;332.0
-1;31800;PEARLS;9995;21;;;;;10005;21;;;;;10000.0;340.0
-1;31800;BANANAS;4950;21;;;;;4957;21;;;;;4953.5;354.83984375
-1;31900;BANANAS;4952;9;4951;29;;;4957;2;4958;27;;;4954.5;349.625
-1;31900;PEARLS;9998;9;9996;2;9995;27;10004;2;10005;27;;;10001.0;340.0
-1;32000;BANANAS;4951;30;;;;;4957;1;4958;29;;;4954.0;349.58984375
-1;32000;PEARLS;9996;1;9995;29;;;10000;3;10004;1;10005;29;9998.0;340.0
-1;32100;BANANAS;4951;31;;;;;4957;1;4958;30;;;4954.0;346.75390625
-1;32100;PEARLS;9996;1;9995;30;;;10004;1;10005;30;;;10000.0;340.0
-1;32200;BANANAS;4951;26;;;;;4956;6;4957;1;4958;25;4953.5;349.2421875
-1;32200;PEARLS;9996;1;9995;25;;;10002;7;10004;1;10005;25;9999.0;340.0
-1;32300;PEARLS;9996;1;9995;25;;;10002;6;10004;1;10005;25;9999.0;340.0
-1;32300;BANANAS;4950;26;;;;;4955;7;4957;26;;;4952.5;353.515625
-1;32400;PEARLS;9996;2;9995;27;;;10002;1;10004;2;10005;27;9999.0;340.0
-1;32400;BANANAS;4950;29;;;;;4951;1;4955;1;4957;29;4950.5;355.5
-1;32500;BANANAS;4955;1;4950;25;;;4957;25;;;;;4956.0;360.00390625
-1;32500;PEARLS;9996;2;9995;23;;;10004;2;10005;23;;;10000.0;340.0
-1;32600;PEARLS;9995;30;;;;;10005;30;;;;;10000.0;340.0
-1;32600;BANANAS;4950;30;;;;;4957;30;;;;;4953.5;363.03515625
-1;32700;PEARLS;10002;1;9996;1;9995;26;10004;1;10005;26;;;10003.0;340.0
-1;32700;BANANAS;4950;27;;;;;4956;1;4957;26;;;4953.0;364.9921875
-1;32800;PEARLS;9995;23;;;;;10005;23;;;;;10000.0;354.0
-1;32800;BANANAS;4949;23;;;;;4956;23;;;;;4952.5;368.40234375
-1;32900;BANANAS;4950;24;;;;;4954;1;4956;24;;;4952.0;366.17578125
-1;32900;PEARLS;9996;1;9995;23;;;10002;1;10004;1;10005;23;9999.0;354.0
-1;33000;PEARLS;10002;1;9996;1;9995;27;10004;1;10005;27;;;10003.0;354.0
-1;33000;BANANAS;4949;28;;;;;4956;28;;;;;4952.5;370.53125
-1;33100;PEARLS;9995;24;;;;;10005;24;;;;;10000.0;356.0
-1;33100;BANANAS;4948;24;;;;;4955;24;;;;;4951.5;382.65234375
-1;33200;PEARLS;9995;25;;;;;10002;9;10005;25;;;9998.5;356.0
-1;33200;BANANAS;4948;25;;;;;4953;9;4955;25;;;4950.5;382.234375
-1;33300;BANANAS;4949;26;;;;;4954;7;4955;2;4956;24;4951.5;376.15625
-1;33300;PEARLS;9996;2;9995;24;;;10002;7;10004;2;10005;24;9999.0;356.0
-1;33400;PEARLS;9995;27;;;;;10005;27;;;;;10000.0;356.0
-1;33400;BANANAS;4949;27;;;;;4956;27;;;;;4952.5;371.7265625
-1;33500;PEARLS;9998;10;9995;25;;;10005;25;;;;;10001.5;356.0
-1;33500;BANANAS;4950;10;4949;25;;;4956;25;;;;;4953.0;368.15625
-1;33600;PEARLS;9995;27;;;;;10005;27;;;;;10000.0;356.0
-1;33600;BANANAS;4949;27;;;;;4950;1;4956;27;;;4949.5;370.4609375
-1;33700;PEARLS;9998;7;9996;1;9995;22;10004;1;10005;22;;;10001.0;356.0
-1;33700;BANANAS;4950;1;4949;23;;;4955;1;4956;22;;;4952.5;377.66796875
-1;33800;BANANAS;4948;26;;;;;4955;26;;;;;4951.5;384.3671875
-1;33800;PEARLS;10002;1;9995;26;;;10005;26;;;;;10003.5;356.0
-1;33900;PEARLS;9995;24;;;;;10005;24;;;;;10000.0;358.0
-1;33900;BANANAS;4948;24;;;;;4955;24;;;;;4951.5;384.5546875
-1;34000;PEARLS;10002;1;9996;1;9995;24;10004;1;10005;24;;;10003.0;360.0
-1;34000;BANANAS;4953;1;4948;25;;;4955;25;;;;;4954.0;392.17578125
-1;34100;PEARLS;9996;1;9995;26;;;10004;1;10005;26;;;10000.0;362.0
-1;34100;BANANAS;4948;26;;;;;4949;7;4955;27;;;4948.5;388.40625
-1;34200;BANANAS;4949;27;;;;;4956;27;;;;;4952.5;404.6640625
-1;34200;PEARLS;9996;1;9995;26;;;10004;1;10005;26;;;10000.0;362.0
-1;34300;PEARLS;9996;2;9995;20;;;10004;2;10005;20;;;10000.0;372.0
-1;34300;BANANAS;4949;21;;;;;4955;22;;;;;4952.0;410.140625
-1;34400;PEARLS;9996;2;9995;23;;;10004;2;10005;23;;;10000.0;372.0
-1;34400;BANANAS;4949;1;4948;23;;;4955;25;;;;;4952.0;410.83984375
-1;34500;PEARLS;9995;25;;;;;10002;2;10005;25;;;9998.5;372.0
-1;34500;BANANAS;4948;25;;;;;4953;2;4955;25;;;4950.5;412.333984375
-1;34600;BANANAS;4948;22;;;;;4955;22;;;;;4951.5;411.60546875
-1;34600;PEARLS;9995;22;;;;;10005;22;;;;;10000.0;372.0
-1;34700;PEARLS;9995;29;;;;;9998;5;10005;29;;;9996.5;372.0
-1;34700;BANANAS;4948;29;;;;;4955;29;;;;;4951.5;410.720703125
-1;34800;PEARLS;10002;1;10000;2;9995;24;10005;24;;;;;10003.5;382.0
-1;34800;BANANAS;4948;24;;;;;4951;6;4955;24;;;4949.5;411.05859375
-1;34900;PEARLS;9996;2;9995;22;;;10004;2;10005;22;;;10000.0;384.0
-1;34900;BANANAS;4949;23;;;;;4955;2;4956;22;;;4952.0;409.669921875
-1;35000;BANANAS;4949;2;4948;20;;;4953;10;4955;22;;;4951.0;412.666015625
-1;35000;PEARLS;9996;2;9995;20;;;10002;10;10004;2;10005;20;9999.0;384.0
-1;35100;PEARLS;9996;1;9995;25;;;10004;1;10005;25;;;10000.0;384.0
-1;35100;BANANAS;4949;26;;;;;4956;26;;;;;4952.5;410.95703125
-1;35200;PEARLS;9995;24;;;;;10005;24;;;;;10000.0;384.0
-1;35200;BANANAS;4949;24;;;;;4950;1;4956;24;;;4949.5;409.845703125
-1;35300;PEARLS;9998;9;9995;24;;;10005;24;;;;;10001.5;384.0
-1;35300;BANANAS;4951;9;4950;24;;;4957;24;;;;;4954.0;411.58984375
-1;35400;BANANAS;4950;22;;;;;4957;22;;;;;4953.5;410.646484375
-1;35400;PEARLS;9995;22;;;;;10005;22;;;;;10000.0;384.0
-1;35500;PEARLS;10002;5;9995;25;;;10005;25;;;;;10003.5;384.0
-1;35500;BANANAS;4950;25;;;;;4951;1;4957;25;;;4950.5;410.626953125
-1;35600;PEARLS;9998;10;9996;1;9995;26;10004;1;10005;26;;;10001.0;394.0
-1;35600;BANANAS;4950;10;4949;26;;;4956;27;;;;;4953.0;414.20361328125
-1;35700;PEARLS;10002;1;9996;1;9995;26;10004;1;10005;26;;;10003.0;394.0
-1;35700;BANANAS;4950;27;;;;;4955;1;4957;27;;;4952.5;413.3154296875
-1;35800;BANANAS;4950;30;;;;;4956;2;4957;28;;;4953.0;413.82666015625
-1;35800;PEARLS;9996;2;9995;28;;;10004;2;10005;28;;;10000.0;414.0
-1;35900;PEARLS;9996;1;9995;29;;;10002;3;10004;1;10005;29;9999.0;414.0
-1;35900;BANANAS;4950;1;4949;29;;;4951;4;4954;3;4956;30;4950.5;414.041015625
-1;36000;PEARLS;9995;28;;;;;9998;1;10005;28;;;9996.5;414.0
-1;36000;BANANAS;4950;28;;;;;4957;28;;;;;4953.5;423.71875
-1;36100;PEARLS;9995;26;;;;;9998;4;10005;26;;;9996.5;416.0
-1;36100;BANANAS;4950;26;;;;;4957;26;;;;;4953.5;423.9189453125
-1;36200;BANANAS;4950;30;;;;;4955;3;4957;30;;;4952.5;424.111328125
-1;36200;PEARLS;9996;1;9995;29;;;10002;3;10004;1;10005;29;9999.0;424.0
-1;36300;PEARLS;9995;22;;;;;9998;1;10005;22;;;9996.5;424.0
-1;36300;BANANAS;4951;21;;;;;4958;22;;;;;4954.5;425.546875
-1;36400;PEARLS;9996;1;9995;27;;;10002;5;10004;1;10005;27;9999.0;426.0
-1;36400;BANANAS;4950;28;;;;;4955;5;4957;28;;;4952.5;423.287109375
-1;36500;BANANAS;4951;1;4950;26;;;4955;10;4957;27;;;4953.0;424.234375
-1;36500;PEARLS;9996;1;9995;26;;;10002;10;10004;1;10005;26;9999.0;426.0
-1;36600;BANANAS;4951;1;4950;21;;;4957;21;;;;;4954.0;422.2197265625
-1;36600;PEARLS;10002;4;9998;1;9995;21;10005;21;;;;;10003.5;426.0
-1;36700;BANANAS;4954;11;4949;30;;;4956;30;;;;;4955.0;421.7802734375
-1;36700;PEARLS;10002;1;9995;30;;;10005;30;;;;;10003.5;434.0
-1;36800;PEARLS;10002;1;9996;1;9995;26;10004;1;10005;26;;;10003.0;440.0
-1;36800;BANANAS;4950;27;;;;;4953;2;4957;27;;;4951.5;430.5234375
-1;36900;PEARLS;9996;2;9995;29;;;10002;3;10004;2;10005;29;9999.0;442.0
-1;36900;BANANAS;4950;31;;;;;4955;3;4957;31;;;4952.5;430.708984375
-1;37000;BANANAS;4953;2;4951;4;4950;23;4957;23;;;;;4955.0;430.01953125
-1;37000;PEARLS;9998;4;9995;23;;;10005;23;;;;;10001.5;442.0
-1;37100;PEARLS;9996;1;9995;23;;;10004;1;10005;23;;;10000.0;442.0
-1;37100;BANANAS;4955;1;4950;24;;;4957;24;;;;;4956.0;432.4140625
-1;37200;PEARLS;9998;2;9995;22;;;10005;22;;;;;10001.5;442.0
-1;37200;BANANAS;4951;3;4950;22;;;4957;22;;;;;4954.0;433.568359375
-1;37300;PEARLS;10002;5;9995;27;;;10005;27;;;;;10003.5;442.0
-1;37300;BANANAS;4950;27;;;;;4955;7;4957;27;;;4952.5;435.2421875
-1;37400;BANANAS;4950;1;4949;22;;;4956;23;;;;;4953.0;436.8125
-1;37400;PEARLS;9996;1;9995;22;;;10004;1;10005;22;;;10000.0;452.0
-1;37500;PEARLS;10002;1;9998;2;9995;29;10005;29;;;;;10003.5;452.0
-1;37500;BANANAS;4955;1;4951;2;4950;29;4957;29;;;;;4956.0;434.06640625
-1;37600;PEARLS;9996;2;9995;24;;;10004;2;10005;24;;;10000.0;454.0
-1;37600;BANANAS;4950;26;;;;;4957;26;;;;;4953.5;436.015625
-1;37700;PEARLS;9996;1;9995;28;;;10004;1;10005;28;;;10000.0;454.0
-1;37700;BANANAS;4955;1;4950;29;;;4957;29;;;;;4956.0;434.84375
-1;37800;BANANAS;4950;29;;;;;4957;29;;;;;4953.5;437.73828125
-1;37800;PEARLS;9996;2;9995;27;;;10004;2;10005;27;;;10000.0;454.0
-1;37900;BANANAS;4950;29;;;;;4952;2;4957;29;;;4951.0;441.345703125
-1;37900;PEARLS;9996;2;9995;27;;;10000;3;10004;2;10005;27;9998.0;454.0
-1;38000;PEARLS;9995;25;;;;;10002;5;10005;25;;;9998.5;454.0
-1;38000;BANANAS;4950;25;;;;;4954;5;4956;25;;;4952.0;445.962890625
-1;38100;BANANAS;4949;28;;;;;4950;1;4956;28;;;4949.5;446.94921875
-1;38100;PEARLS;9995;28;;;;;10005;28;;;;;10000.0;454.0
-1;38200;BANANAS;4950;5;4949;23;;;4956;23;;;;;4953.0;449.57177734375
-1;38200;PEARLS;9995;23;;;;;9998;2;10005;23;;;9996.5;454.0
-1;38300;BANANAS;4949;1;4948;26;;;4955;27;;;;;4952.0;450.21240234375
-1;38300;PEARLS;9996;1;9995;26;;;10004;1;10005;26;;;10000.0;458.0
-1;38400;PEARLS;10002;1;9995;21;;;10005;21;;;;;10003.5;458.0
-1;38400;BANANAS;4948;21;;;;;4949;1;4955;21;;;4948.5;461.33203125
-1;38500;BANANAS;4954;1;4949;25;;;4955;2;4956;23;;;4954.5;465.234375
-1;38500;PEARLS;10002;1;9996;2;9995;23;10004;2;10005;23;;;10003.0;460.0
-1;38600;BANANAS;4948;27;;;;;4955;27;;;;;4951.5;466.77734375
-1;38600;PEARLS;10002;5;9995;27;;;10005;27;;;;;10003.5;462.0
-1;38700;BANANAS;4949;30;;;;;4955;1;4956;29;;;4952.0;467.380859375
-1;38700;PEARLS;9996;1;9995;29;;;10004;1;10005;29;;;10000.0;472.0
-1;38800;PEARLS;9995;27;;;;;10005;27;;;;;10000.0;472.0
-1;38800;BANANAS;4949;27;;;;;4956;27;;;;;4952.5;467.490234375
-1;38900;BANANAS;4950;26;;;;;4955;4;4956;1;4957;25;4952.5;472.1796875
-1;38900;PEARLS;9996;1;9995;25;;;10004;1;10005;25;;;10000.0;472.0
-1;39000;BANANAS;4950;29;;;;;4957;29;;;;;4953.5;473.345703125
-1;39000;PEARLS;9995;29;;;;;10005;29;;;;;10000.0;472.0
-1;39100;BANANAS;4949;30;;;;;4954;10;4956;30;;;4951.5;470.19921875
-1;39100;PEARLS;9996;1;9995;29;;;10002;10;10004;1;10005;29;9999.0;472.0
-1;39200;PEARLS;9995;24;;;;;10005;24;;;;;10000.0;472.0
-1;39200;BANANAS;4955;1;4949;24;;;4956;24;;;;;4955.5;471.646484375
-1;39300;BANANAS;4950;3;4949;27;;;4956;27;;;;;4953.0;471.314453125
-1;39300;PEARLS;9998;3;9996;1;9995;26;10004;1;10005;26;;;10001.0;472.0
-1;39400;BANANAS;4950;2;4949;27;;;4956;29;;;;;4953.0;473.3984375
-1;39400;PEARLS;9996;2;9995;27;;;10004;2;10005;27;;;10000.0;472.0
-1;39500;BANANAS;4950;22;;;;;4957;22;;;;;4953.5;476.447265625
-1;39500;PEARLS;9996;2;9995;20;;;10004;2;10005;20;;;10000.0;473.0
-1;39600;PEARLS;9995;22;;;;;10005;22;;;;;10000.0;473.0
-1;39600;BANANAS;4949;22;;;;;4956;22;;;;;4952.5;474.5927734375
-1;39700;BANANAS;4949;20;;;;;4956;20;;;;;4952.5;474.4638671875
-1;39700;PEARLS;9995;20;;;;;10005;20;;;;;10000.0;475.0
-1;39800;BANANAS;4949;31;;;;;4954;3;4956;31;;;4951.5;475.1396484375
-1;39800;PEARLS;9996;1;9995;30;;;10002;3;10004;1;10005;30;9999.0;486.0
-1;39900;BANANAS;4950;1;4949;32;;;4956;32;;;;;4953.0;474.7509765625
-1;39900;PEARLS;9998;1;9996;2;9995;30;10004;2;10005;30;;;10001.0;486.0
-1;40000;PEARLS;9998;9;9996;1;9995;30;10004;1;10005;30;;;10001.0;486.0
-1;40000;BANANAS;4953;5;4950;9;4949;31;4955;1;4956;30;;;4954.0;474.1240234375
-1;40100;BANANAS;4949;27;;;;;4956;27;;;;;4952.5;474.576171875
-1;40100;PEARLS;10002;1;9995;27;;;10005;27;;;;;10003.5;486.0
-1;40200;BANANAS;4949;23;;;;;4954;7;4956;23;;;4951.5;474.7783203125
-1;40200;PEARLS;9996;1;9995;22;;;10002;7;10004;1;10005;22;9999.0;488.0
-1;40300;BANANAS;4949;25;;;;;4955;1;4956;24;;;4952.0;474.1748046875
-1;40300;PEARLS;9996;1;9995;24;;;10000;4;10004;1;10005;24;9998.0;488.0
-1;40400;PEARLS;9996;1;9995;20;;;10002;10;10004;1;10005;20;9999.0;500.0
-1;40400;BANANAS;4948;21;;;;;4953;10;4954;1;4955;20;4950.5;472.244140625
-1;40500;BANANAS;4948;24;;;;;4951;2;4955;24;;;4949.5;472.12109375
-1;40500;PEARLS;9995;24;;;;;10005;24;;;;;10000.0;500.0
-1;40600;BANANAS;4948;2;4947;24;;;4954;26;;;;;4951.0;471.03515625
-1;40600;PEARLS;9996;2;9995;24;;;9998;7;10004;2;10005;24;9997.0;500.0
-1;40700;BANANAS;4948;26;;;;;4955;26;;;;;4951.5;474.236328125
-1;40700;PEARLS;9996;2;9995;24;;;10004;2;10005;24;;;10000.0;514.0
-1;40800;PEARLS;9995;29;;;;;10005;29;;;;;10000.0;514.0
-1;40800;BANANAS;4948;29;;;;;4955;29;;;;;4951.5;474.021484375
-1;40900;PEARLS;9995;22;;;;;10005;22;;;;;10000.0;514.0
-1;40900;BANANAS;4948;22;;;;;4955;22;;;;;4951.5;474.75390625
-1;41000;BANANAS;4949;5;4948;22;;;4951;4;4955;22;;;4950.0;473.51953125
-1;41000;PEARLS;9998;5;9995;22;;;10005;22;;;;;10001.5;514.0
-1;41100;BANANAS;4947;23;;;;;4954;23;;;;;4950.5;467.5
-1;41100;PEARLS;9996;1;9995;22;;;10004;1;10005;22;;;10000.0;514.0
-1;41200;BANANAS;4947;26;;;;;4954;26;;;;;4950.5;466.7890625
-1;41200;PEARLS;9996;1;9995;25;;;9998;8;10004;1;10005;25;9997.0;514.0
-1;41300;PEARLS;9996;1;9995;20;;;10000;6;10002;2;10004;1;9998.0;530.0
-1;41300;BANANAS;4946;21;;;;;4951;2;4953;21;;;4948.5;461.07421875
-1;41400;PEARLS;9995;23;;;;;10005;23;;;;;10000.0;530.0
-1;41400;BANANAS;4947;22;;;;;4950;4;4954;23;;;4948.5;464.734375
-1;41500;BANANAS;4948;6;4947;30;;;4954;30;;;;;4951.0;466.04296875
-1;41500;PEARLS;9998;5;9995;30;;;10005;30;;;;;10001.5;530.0
-1;41600;PEARLS;9996;1;9995;27;;;9998;5;10004;1;10005;27;9997.0;530.0
-1;41600;BANANAS;4948;1;4947;27;;;4954;28;;;;;4951.0;471.59765625
-1;41700;PEARLS;9995;20;;;;;10005;20;;;;;10000.0;540.0
-1;41700;BANANAS;4947;20;;;;;4954;20;;;;;4950.5;470.11328125
-1;41800;PEARLS;9996;2;9995;28;;;10002;3;10004;2;10005;28;9999.0;540.0
-1;41800;BANANAS;4947;30;;;;;4952;3;4954;30;;;4949.5;469.4609375
-1;41900;BANANAS;4949;4;4948;30;;;4955;30;;;;;4952.0;475.01953125
-1;41900;PEARLS;9998;4;9996;2;9995;28;10004;2;10005;28;;;10001.0;540.0
-1;42000;PEARLS;9996;2;9995;28;;;10004;2;10005;28;;;10000.0;540.0
-1;42000;BANANAS;4948;30;;;;;4955;30;;;;;4951.5;476.55859375
-1;42100;PEARLS;9995;24;;;;;10005;24;;;;;10000.0;540.0
-1;42100;BANANAS;4948;24;;;;;4955;24;;;;;4951.5;477.0078125
-1;42200;PEARLS;9995;26;;;;;10002;4;10005;26;;;9998.5;540.0
-1;42200;BANANAS;4948;26;;;;;4953;4;4955;26;;;4950.5;477.62109375
-1;42300;BANANAS;4953;1;4948;24;;;4955;24;;;;;4954.0;483.015625
-1;42300;PEARLS;10000;4;9995;24;;;10005;24;;;;;10002.5;540.0
-1;42400;BANANAS;4948;25;;;;;4954;1;4955;24;;;4951.0;482.95703125
-1;42400;PEARLS;9996;1;9995;24;;;9998;5;10004;1;10005;24;9997.0;542.0
-1;42500;PEARLS;9996;2;9995;22;;;10004;2;10005;22;;;10000.0;548.0
-1;42500;BANANAS;4948;23;;;;;4954;2;4955;22;;;4951.0;482.69921875
-1;42600;PEARLS;9995;25;;;;;10002;10;10005;25;;;9998.5;548.0
-1;42600;BANANAS;4947;25;;;;;4952;10;4954;25;;;4949.5;486.40625
-1;42700;PEARLS;9996;2;9995;20;;;10004;2;10005;20;;;10000.0;548.0
-1;42700;BANANAS;4947;21;;;;;4954;22;;;;;4950.5;481.2265625
-1;42800;BANANAS;4947;23;;;;;4954;23;;;;;4950.5;478.28515625
-1;42800;PEARLS;9995;23;;;;;10005;23;;;;;10000.0;548.0
-1;42900;PEARLS;9995;22;;;;;10005;22;;;;;10000.0;548.0
-1;42900;BANANAS;4946;22;;;;;4953;22;;;;;4949.5;475.63671875
-1;43000;PEARLS;10002;7;9996;1;9995;24;10004;1;10005;24;;;10003.0;548.0
-1;43000;BANANAS;4946;25;;;;;4953;25;;;;;4949.5;469.29296875
-1;43100;PEARLS;9996;2;9995;23;;;10002;3;10004;2;10005;23;9999.0;562.0
-1;43100;BANANAS;4946;25;;;;;4951;3;4952;2;4953;23;4948.5;468.74609375
-1;43200;BANANAS;4946;28;;;;;4953;28;;;;;4949.5;472.0390625
-1;43200;PEARLS;9996;1;9995;27;;;10000;1;10004;1;10005;27;9998.0;562.0
-1;43300;PEARLS;9995;20;;;;;10005;20;;;;;10000.0;562.0
-1;43300;BANANAS;4946;20;;;;;4953;20;;;;;4949.5;467.79296875
-1;43400;PEARLS;9996;2;9995;27;;;10002;8;10004;2;10005;27;9999.0;562.0
-1;43400;BANANAS;4946;28;;;;;4951;8;4952;2;4953;27;4948.5;468.83984375
-1;43500;PEARLS;9996;1;9995;23;;;10002;10;10004;1;10005;23;9999.0;562.0
-1;43500;BANANAS;4946;24;;;;;4951;10;4952;1;4953;23;4948.5;466.5703125
-1;43600;BANANAS;4945;21;;;;;4950;1;4952;21;;;4947.5;462.96875
-1;43600;PEARLS;9995;21;;;;;10002;1;10005;21;;;9998.5;562.0
-1;43700;PEARLS;9996;2;9995;26;;;10004;2;10005;26;;;10000.0;562.0
-1;43700;BANANAS;4946;2;4945;26;;;4952;28;;;;;4949.0;463.2109375
-1;43800;PEARLS;9995;25;;;;;9998;1;10005;25;;;9996.5;562.0
-1;43800;BANANAS;4945;25;;;;;4952;25;;;;;4948.5;456.1171875
-1;43900;PEARLS;9995;28;;;;;10005;28;;;;;10000.0;564.0
-1;43900;BANANAS;4945;28;;;;;4952;28;;;;;4948.5;457.5390625
-1;44000;BANANAS;4945;26;;;;;4948;6;4951;26;;;4946.5;455.1484375
-1;44000;PEARLS;10002;4;9996;1;9995;25;10004;1;10005;25;;;10003.0;564.0
-1;44100;PEARLS;9996;2;9995;28;;;10004;2;10005;28;;;10000.0;572.0
-1;44100;BANANAS;4945;1;4944;28;;;4951;30;;;;;4948.0;452.8203125
-1;44200;PEARLS;9998;4;9996;2;9995;20;10004;2;10005;20;;;10001.0;578.0
-1;44200;BANANAS;4945;6;4944;20;;;4951;22;;;;;4948.0;452.84765625
-1;44300;PEARLS;9996;1;9995;24;;;10004;1;10005;24;;;10000.0;578.0
-1;44300;BANANAS;4945;25;;;;;4952;25;;;;;4948.5;459.921875
-1;44400;BANANAS;4945;30;;;;;4952;30;;;;;4948.5;458.8828125
-1;44400;PEARLS;9996;1;9995;29;;;10004;1;10005;29;;;10000.0;578.0
-1;44500;PEARLS;9996;1;9995;26;;;10004;1;10005;26;;;10000.0;578.0
-1;44500;BANANAS;4945;27;;;;;4952;27;;;;;4948.5;461.125
-1;44600;PEARLS;9995;23;;;;;10005;23;;;;;10000.0;582.0
-1;44600;BANANAS;4945;23;;;;;4952;23;;;;;4948.5;461.7578125
-1;44700;PEARLS;9996;1;9995;23;;;10002;9;10004;1;10005;23;9999.0;582.0
-1;44700;BANANAS;4945;1;4944;23;;;4949;9;4951;24;;;4947.0;456.453125
-1;44800;BANANAS;4945;2;4944;22;;;4949;10;4951;24;;;4947.0;455.109375
-1;44800;PEARLS;9996;2;9995;22;;;10002;10;10004;2;10005;22;9999.0;582.0
-1;44900;PEARLS;9995;26;;;;;10002;6;10005;26;;;9998.5;582.0
-1;44900;BANANAS;4945;26;;;;;4950;6;4952;26;;;4947.5;458.4765625
-1;45000;PEARLS;9996;1;9995;26;;;10004;1;10005;26;;;10000.0;582.0
-1;45000;BANANAS;4945;27;;;;;4951;1;4952;26;;;4948.0;460.1484375
-1;45100;PEARLS;9996;2;9995;25;;;9998;1;10004;2;10005;25;9997.0;582.0
-1;45100;BANANAS;4945;27;;;;;4951;2;4952;25;;;4948.0;458.9453125
-1;45200;BANANAS;4945;27;;;;;4952;27;;;;;4948.5;465.4375
-1;45200;PEARLS;9995;27;;;;;10005;27;;;;;10000.0;584.0
-1;45300;BANANAS;4945;29;;;;;4946;1;4952;29;;;4945.5;465.4140625
-1;45300;PEARLS;9996;1;9995;28;;;9998;1;10004;1;10005;28;9997.0;584.0
-1;45400;PEARLS;9996;1;9995;27;;;10004;1;10005;27;;;10000.0;590.0
-1;45400;BANANAS;4946;28;;;;;4952;1;4953;27;;;4949.0;476.0234375
-1;45500;BANANAS;4946;1;4945;23;;;4952;24;;;;;4949.0;472.03515625
-1;45500;PEARLS;9996;1;9995;23;;;10004;1;10005;23;;;10000.0;590.0
-1;45600;BANANAS;4951;1;4946;1;4945;24;4952;25;;;;;4951.5;471.73046875
-1;45600;PEARLS;9996;1;9995;24;;;10004;1;10005;24;;;10000.0;590.0
-1;45700;PEARLS;10002;4;9995;30;;;10005;30;;;;;10003.5;590.0
-1;45700;BANANAS;4945;30;;;;;4952;30;;;;;4948.5;472.2265625
-1;45800;PEARLS;9996;2;9995;24;;;10004;2;10005;24;;;10000.0;598.0
-1;45800;BANANAS;4946;2;4945;24;;;4952;26;;;;;4949.0;472.078125
-1;45900;PEARLS;9996;1;9995;21;;;10002;1;10004;1;10005;21;9999.0;598.0
-1;45900;BANANAS;4946;1;4945;21;;;4950;1;4952;22;;;4948.0;473.8046875
-1;46000;BANANAS;4946;27;;;;;4952;2;4953;25;;;4949.0;475.38671875
-1;46000;PEARLS;9996;2;9995;25;;;9998;5;10004;2;10005;25;9997.0;598.0
-1;46100;PEARLS;9996;2;9995;25;;;10004;2;10005;25;;;10000.0;608.0
-1;46100;BANANAS;4945;27;;;;;4946;1;4952;27;;;4945.5;471.59375
-1;46200;PEARLS;9995;28;;;;;10005;28;;;;;10000.0;608.0
-1;46200;BANANAS;4945;28;;;;;4946;2;4952;28;;;4945.5;467.0703125
-1;46300;PEARLS;9996;1;9995;22;;;10004;1;10005;22;;;10000.0;608.0
-1;46300;BANANAS;4950;1;4945;1;4944;22;4951;23;;;;;4950.5;467.3046875
-1;46400;BANANAS;4944;26;;;;;4951;26;;;;;4947.5;466.203125
-1;46400;PEARLS;9995;26;;;;;10005;26;;;;;10000.0;608.0
-1;46500;PEARLS;9996;2;9995;23;;;10002;5;10004;2;10005;23;9999.0;608.0
-1;46500;BANANAS;4944;25;;;;;4945;1;4949;5;4951;25;4944.5;465.296875
-1;46600;PEARLS;9996;2;9995;21;;;10002;2;10004;2;10005;21;9999.0;608.0
-1;46600;BANANAS;4947;4;4944;23;;;4949;2;4951;23;;;4948.0;468.9765625
-1;46700;PEARLS;9996;1;9995;22;;;10004;1;10005;22;;;10000.0;608.0
-1;46700;BANANAS;4944;23;;;;;4951;23;;;;;4947.5;466.8671875
-1;46800;BANANAS;4945;6;4944;22;;;4951;23;;;;;4948.0;471.859375
-1;46800;PEARLS;9998;4;9996;1;9995;22;10004;1;10005;22;;;10001.0;608.0
-1;46900;BANANAS;4950;1;4944;28;;;4951;28;;;;;4950.5;469.171875
-1;46900;PEARLS;9996;2;9995;26;;;10004;2;10005;26;;;10000.0;608.0
-1;47000;PEARLS;9995;20;;;;;10002;8;10005;20;;;9998.5;608.0
-1;47000;BANANAS;4944;20;;;;;4949;8;4951;20;;;4946.5;462.6484375
-1;47100;BANANAS;4945;4;4944;24;;;4951;24;;;;;4948.0;469.71875
-1;47100;PEARLS;9998;5;9995;24;;;10005;24;;;;;10001.5;618.0
-1;47200;BANANAS;4950;1;4944;29;;;4951;29;;;;;4950.5;474.6640625
-1;47200;PEARLS;9995;29;;;;;10005;29;;;;;10000.0;618.0
-1;47300;BANANAS;4944;24;;;;;4951;24;;;;;4947.5;474.9609375
-1;47300;PEARLS;9995;24;;;;;10005;24;;;;;10000.0;618.0
-1;47400;PEARLS;9996;2;9995;24;;;10002;5;10004;2;10005;24;9999.0;618.0
-1;47400;BANANAS;4945;26;;;;;4950;5;4951;2;4952;24;4947.5;479.5546875
-1;47500;BANANAS;4944;28;;;;;4950;28;;;;;4947.0;465.08203125
-1;47500;PEARLS;9995;28;;;;;10005;28;;;;;10000.0;618.0
-1;47600;BANANAS;4943;21;;;;;4950;21;;;;;4946.5;462.65625
-1;47600;PEARLS;9995;21;;;;;10005;21;;;;;10000.0;618.0
-1;47700;BANANAS;4943;24;;;;;4949;1;4950;23;;;4946.0;459.4453125
-1;47700;PEARLS;9996;1;9995;23;;;9998;1;10004;1;10005;23;9997.0;626.0
-1;47800;PEARLS;9995;22;;;;;9998;1;10002;8;10005;22;9996.5;628.0
-1;47800;BANANAS;4943;22;;;;;4948;8;4950;22;;;4945.5;459.5546875
-1;47900;BANANAS;4944;1;4943;21;;;4949;21;;;;;4946.5;457.9296875
-1;47900;PEARLS;9998;1;9995;21;;;10005;21;;;;;10001.5;630.0
-1;48000;BANANAS;4943;5;4942;27;;;4949;29;;;;;4946.0;457.09375
-1;48000;PEARLS;9998;3;9996;2;9995;27;10004;2;10005;27;;;10001.0;630.0
-1;48100;BANANAS;4942;29;;;;;4949;29;;;;;4945.5;456.375
-1;48100;PEARLS;9995;29;;;;;10005;29;;;;;10000.0;630.0
-1;48200;PEARLS;9996;1;9995;25;;;10004;1;10005;25;;;10000.0;630.0
-1;48200;BANANAS;4942;26;;;;;4949;26;;;;;4945.5;453.0
-1;48300;BANANAS;4948;1;4942;29;;;4949;29;;;;;4948.5;451.359375
-1;48300;PEARLS;9995;29;;;;;10005;29;;;;;10000.0;630.0
-1;48400;BANANAS;4947;1;4942;22;;;4949;22;;;;;4948.0;448.2421875
-1;48400;PEARLS;9995;22;;;;;10005;22;;;;;10000.0;630.0
-1;48500;BANANAS;4942;25;;;;;4949;25;;;;;4945.5;450.328125
-1;48500;PEARLS;9995;25;;;;;10005;25;;;;;10000.0;630.0
-1;48600;PEARLS;9996;2;9995;20;;;10002;4;10004;2;10005;20;9999.0;630.0
-1;48600;BANANAS;4942;22;;;;;4947;4;4948;2;4949;20;4944.5;450.21484375
-1;48700;BANANAS;4941;21;;;;;4948;21;;;;;4944.5;443.9375
-1;48700;PEARLS;10002;2;9995;21;;;10005;21;;;;;10003.5;630.0
-1;48800;BANANAS;4943;10;4942;31;;;4949;31;;;;;4946.0;452.78515625
-1;48800;PEARLS;9998;10;9996;2;9995;29;10004;2;10005;29;;;10001.0;634.0
-1;48900;BANANAS;4942;3;4941;24;;;4948;25;;;;;4945.0;445.9453125
-1;48900;PEARLS;9998;3;9996;1;9995;24;10004;1;10005;24;;;10001.0;634.0
-1;49000;PEARLS;9995;29;;;;;10005;29;;;;;10000.0;634.0
-1;49000;BANANAS;4941;29;;;;;4948;29;;;;;4944.5;442.83984375
-1;49100;BANANAS;4942;3;4941;26;;;4948;26;;;;;4945.0;435.85546875
-1;49100;PEARLS;9998;3;9995;26;;;10005;26;;;;;10001.5;634.0
-1;49200;BANANAS;4940;25;;;;;4946;2;4947;23;;;4943.0;423.9609375
-1;49200;PEARLS;9996;2;9995;23;;;10004;2;10005;23;;;10000.0;634.0
-1;49300;BANANAS;4945;1;4940;29;;;4946;29;;;;;4945.5;422.29296875
-1;49300;PEARLS;9995;29;;;;;10005;29;;;;;10000.0;634.0
-1;49400;PEARLS;9998;5;9996;1;9995;21;10004;1;10005;21;;;10001.0;634.0
-1;49400;BANANAS;4945;1;4941;5;4940;22;4947;22;;;;;4946.0;429.59375
-1;49500;BANANAS;4940;23;;;;;4947;23;;;;;4943.5;435.9296875
-1;49500;PEARLS;9995;23;;;;;10005;23;;;;;10000.0;634.0
-1;49600;BANANAS;4940;22;;;;;4947;22;;;;;4943.5;434.13671875
-1;49600;PEARLS;9995;22;;;;;10005;22;;;;;10000.0;634.0
-1;49700;BANANAS;4941;24;;;;;4946;9;4947;2;4948;22;4943.5;439.34375
-1;49700;PEARLS;9996;2;9995;22;;;10002;8;10004;2;10005;22;9999.0;634.0
-1;49800;BANANAS;4941;22;;;;;4948;22;;;;;4944.5;440.6484375
-1;49800;PEARLS;9996;1;9995;21;;;9998;1;10004;1;10005;21;9997.0;634.0
-1;49900;PEARLS;9996;2;9995;20;;;10004;2;10005;20;;;10000.0;647.0
-1;49900;BANANAS;4941;22;;;;;4946;1;4947;2;4948;20;4943.5;439.19140625
-1;50000;BANANAS;4943;1;4940;30;;;4947;30;;;;;4945.0;432.671875
-1;50000;PEARLS;9996;1;9995;29;;;10004;1;10005;29;;;10000.0;647.0
-1;50100;BANANAS;4941;32;;;;;4947;2;4948;30;;;4944.0;438.015625
-1;50100;PEARLS;9996;2;9995;30;;;10004;2;10005;30;;;10000.0;647.0
-1;50200;PEARLS;9998;1;9996;2;9995;23;10004;2;10005;23;;;10001.0;649.0
-1;50200;BANANAS;4942;1;4941;25;;;4948;25;;;;;4945.0;447.4375
-1;50300;PEARLS;9996;1;9995;25;;;10002;5;10004;1;10005;25;9999.0;649.0
-1;50300;BANANAS;4942;1;4941;25;;;4946;6;4948;26;;;4944.0;449.53125
-1;50400;PEARLS;10002;4;9996;1;9995;29;10004;1;10005;29;;;10003.0;649.0
-1;50400;BANANAS;4942;1;4941;29;;;4948;30;;;;;4945.0;447.6640625
-1;50500;BANANAS;4942;1;4941;28;;;4948;29;;;;;4945.0;449.5859375
-1;50500;PEARLS;10002;4;9996;1;9995;28;10004;1;10005;28;;;10003.0;657.0
-1;50600;PEARLS;9996;1;9995;23;;;10004;1;10005;23;;;10000.0;665.0
-1;50600;BANANAS;4947;1;4942;24;;;4948;1;4949;23;;;4947.5;450.5078125
-1;50700;PEARLS;9995;25;;;;;10002;3;10005;25;;;9998.5;665.0
-1;50700;BANANAS;4941;25;;;;;4943;1;4946;3;4948;25;4942.0;451.36328125
-1;50800;PEARLS;9995;24;;;;;9998;1;10002;6;10005;24;9996.5;665.0
-1;50800;BANANAS;4941;24;;;;;4946;6;4948;24;;;4943.5;452.66796875
-1;50900;BANANAS;4941;27;;;;;4948;27;;;;;4944.5;450.72265625
-1;50900;PEARLS;9996;1;9995;26;;;10004;1;10005;26;;;10000.0;667.0
-1;51000;PEARLS;9996;2;9995;22;;;10004;2;10005;22;;;10000.0;667.0
-1;51000;BANANAS;4942;2;4941;22;;;4948;24;;;;;4945.0;453.65234375
-1;51100;PEARLS;9996;1;9995;26;;;10004;1;10005;26;;;10000.0;667.0
-1;51100;BANANAS;4941;27;;;;;4948;27;;;;;4944.5;450.47265625
-1;51200;PEARLS;9996;2;9995;30;;;10004;2;10005;30;;;10000.0;667.0
-1;51200;BANANAS;4941;2;4940;30;;;4947;32;;;;;4944.0;443.2734375
-1;51300;PEARLS;9996;2;9995;23;;;10004;2;10005;23;;;10000.0;667.0
-1;51300;BANANAS;4941;25;;;;;4947;25;;;;;4944.0;444.95703125
-1;51400;BANANAS;4941;23;;;;;4948;23;;;;;4944.5;445.3125
-1;51400;PEARLS;9995;23;;;;;10005;23;;;;;10000.0;667.0
-1;51500;PEARLS;9996;2;9995;20;;;10004;2;10005;20;;;10000.0;667.0
-1;51500;BANANAS;4941;22;;;;;4948;22;;;;;4944.5;448.3515625
-1;51600;PEARLS;9996;2;9995;29;;;10004;2;10005;29;;;10000.0;667.0
-1;51600;BANANAS;4941;31;;;;;4947;2;4948;29;;;4944.0;446.625
-1;51700;PEARLS;9996;2;9995;30;;;10002;5;10004;2;10005;30;9999.0;667.0
-1;51700;BANANAS;4941;32;;;;;4946;5;4947;2;4948;30;4943.5;447.46484375
-1;51800;BANANAS;4942;2;4941;24;;;4948;26;;;;;4945.0;451.52734375
-1;51800;PEARLS;9996;2;9995;24;;;10004;2;10005;24;;;10000.0;667.0
-1;51900;PEARLS;9996;1;9995;26;;;10002;6;10004;1;10005;26;9999.0;667.0
-1;51900;BANANAS;4941;27;;;;;4946;6;4948;27;;;4943.5;449.7265625
-1;52000;PEARLS;10000;3;9996;1;9995;23;10004;1;10005;23;;;10002.0;667.0
-1;52000;BANANAS;4941;24;;;;;4947;1;4948;23;;;4944.0;445.8828125
-1;52100;PEARLS;9995;30;;;;;10005;30;;;;;10000.0;667.0
-1;52100;BANANAS;4940;30;;;;;4947;30;;;;;4943.5;443.45703125
-1;52200;BANANAS;4941;28;;;;;4946;3;4948;28;;;4943.5;447.51953125
-1;52200;PEARLS;9995;28;;;;;10002;3;10005;28;;;9998.5;667.0
-1;52300;PEARLS;9995;21;;;;;10002;3;10005;21;;;9998.5;667.0
-1;52300;BANANAS;4940;21;;;;;4945;2;4947;21;;;4942.5;444.515625
-1;52400;PEARLS;10000;6;9996;2;9995;22;10004;2;10005;22;;;10002.0;667.0
-1;52400;BANANAS;4941;2;4940;22;;;4947;24;;;;;4944.0;444.44921875
-1;52500;PEARLS;9996;1;9995;30;;;10004;1;10005;30;;;10000.0;667.0
-1;52500;BANANAS;4941;1;4940;30;;;4947;31;;;;;4944.0;444.12890625
-1;52600;BANANAS;4941;24;;;;;4947;1;4948;23;;;4944.0;446.1875
-1;52600;PEARLS;9996;1;9995;23;;;9998;2;10004;1;10005;23;9997.0;667.0
-1;52700;PEARLS;9995;29;;;;;9998;1;10005;29;;;9996.5;671.0
-1;52700;BANANAS;4941;29;;;;;4948;29;;;;;4944.5;446.390625
-1;52800;PEARLS;9995;24;;;;;9998;1;10005;24;;;9996.5;675.0
-1;52800;BANANAS;4941;24;;;;;4948;24;;;;;4944.5;453.54296875
-1;52900;PEARLS;9996;1;9995;30;;;10004;1;10005;30;;;10000.0;677.0
-1;52900;BANANAS;4941;31;;;;;4947;1;4948;30;;;4944.0;449.57421875
-1;53000;BANANAS;4941;28;;;;;4948;28;;;;;4944.5;456.96484375
-1;53000;PEARLS;9995;28;;;;;10005;28;;;;;10000.0;677.0
-1;53100;PEARLS;9996;1;9995;30;;;10004;1;10005;30;;;10000.0;677.0
-1;53100;BANANAS;4943;31;;;;;4949;1;4950;30;;;4946.0;474.0078125
-1;53200;PEARLS;9996;1;9995;30;;;9998;1;10004;1;10005;30;9997.0;677.0
-1;53200;BANANAS;4943;31;;;;;4950;31;;;;;4946.5;475.0234375
-1;53300;PEARLS;9996;1;9995;23;;;10004;1;10005;23;;;10000.0;679.0
-1;53300;BANANAS;4943;24;;;;;4950;24;;;;;4946.5;474.18359375
-1;53400;BANANAS;4942;23;;;;;4943;1;4949;23;;;4942.5;467.80859375
-1;53400;PEARLS;9995;23;;;;;10005;23;;;;;10000.0;679.0
-1;53500;PEARLS;9996;1;9995;25;;;10002;8;10004;1;10005;25;9999.0;679.0
-1;53500;BANANAS;4943;26;;;;;4948;8;4949;1;4950;25;4945.5;475.6796875
-1;53600;PEARLS;9998;2;9995;23;;;10005;23;;;;;10001.5;679.0
-1;53600;BANANAS;4943;1;4942;23;;;4949;23;;;;;4946.0;471.09375
-1;53700;PEARLS;9996;2;9995;25;;;10002;10;10004;2;10005;25;9999.0;693.0
-1;53700;BANANAS;4943;27;;;;;4948;10;4949;2;4950;25;4945.5;475.671875
-1;53800;BANANAS;4944;2;4943;23;;;4948;6;4950;25;;;4946.0;483.296875
-1;53800;PEARLS;9996;2;9995;23;;;9998;13;10002;6;10004;2;9997.0;693.0
-1;53900;PEARLS;9995;28;;;;;10005;28;;;;;10000.0;693.0
-1;53900;BANANAS;4949;1;4948;4;4944;28;4951;28;;;;;4950.0;488.6015625
-1;54000;PEARLS;9996;1;9995;21;;;10004;1;10005;21;;;10000.0;693.0
-1;54000;BANANAS;4945;1;4944;21;;;4951;22;;;;;4948.0;497.5390625
-1;54100;PEARLS;9995;23;;;;;10005;23;;;;;10000.0;693.0
-1;54100;BANANAS;4944;23;;;;;4951;23;;;;;4947.5;492.12890625
-1;54200;BANANAS;4943;21;;;;;4950;21;;;;;4946.5;484.84375
-1;54200;PEARLS;9996;1;9995;20;;;10004;1;10005;20;;;10000.0;693.0
-1;54300;BANANAS;4945;1;4944;25;;;4951;25;;;;;4948.0;491.0625
-1;54300;PEARLS;9998;1;9995;25;;;10005;25;;;;;10001.5;693.0
-1;54400;PEARLS;9996;2;9995;22;;;10004;2;10005;22;;;10000.0;693.0
-1;54400;BANANAS;4944;23;;;;;4951;24;;;;;4947.5;491.734375
-1;54500;BANANAS;4944;29;;;;;4945;1;4949;9;4951;29;4944.5;493.296875
-1;54500;PEARLS;9995;29;;;;;10002;9;10005;29;;;9998.5;693.0
-1;54600;BANANAS;4945;4;4944;28;;;4950;2;4951;26;;;4947.5;491.8671875
-1;54600;PEARLS;9998;4;9996;2;9995;26;10004;2;10005;26;;;10001.0;693.0
-1;54700;PEARLS;9998;2;9995;21;;;10005;21;;;;;10001.5;693.0
-1;54700;BANANAS;4944;3;4943;21;;;4950;21;;;;;4947.0;487.7265625
-1;54800;PEARLS;9996;1;9995;23;;;10004;1;10005;23;;;10000.0;693.0
-1;54800;BANANAS;4943;24;;;;;4950;24;;;;;4946.5;482.8828125
-1;54900;PEARLS;9996;1;9995;28;;;10004;1;10005;28;;;10000.0;693.0
-1;54900;BANANAS;4943;1;4942;28;;;4949;29;;;;;4946.0;474.6875
-1;55000;BANANAS;4943;27;;;;;4949;27;;;;;4946.0;478.2890625
-1;55000;PEARLS;9995;27;;;;;9998;5;10005;27;;;9996.5;693.0
-1;55100;PEARLS;10002;9;9996;2;9995;29;10004;2;10005;29;;;10003.0;703.0
-1;55100;BANANAS;4943;31;;;;;4950;31;;;;;4946.5;483.55078125
-1;55200;PEARLS;9995;25;;;;;10005;25;;;;;10000.0;721.0
-1;55200;BANANAS;4943;25;;;;;4950;25;;;;;4946.5;485.60546875
-1;55300;PEARLS;9996;1;9995;24;;;10002;7;10004;1;10005;24;9999.0;721.0
-1;55300;BANANAS;4944;1;4943;24;;;4948;7;4950;25;;;4946.0;489.3125
-1;55400;BANANAS;4944;1;4943;22;;;4950;23;;;;;4947.0;487.55078125
-1;55400;PEARLS;9996;1;9995;22;;;10004;1;10005;22;;;10000.0;721.0
-1;55500;PEARLS;9995;26;;;;;10005;26;;;;;10000.0;721.0
-1;55500;BANANAS;4947;2;4943;26;;;4949;26;;;;;4948.0;479.0703125
-1;55600;PEARLS;9998;7;9996;1;9995;27;10004;1;10005;27;;;10001.0;721.0
-1;55600;BANANAS;4943;7;4942;28;;;4949;28;;;;;4946.0;477.9765625
-1;55700;BANANAS;4943;21;;;;;4948;7;4950;21;;;4945.5;482.1328125
-1;55700;PEARLS;9995;21;;;;;10002;7;10005;21;;;9998.5;721.0
-1;55800;BANANAS;4943;23;;;;;4950;23;;;;;4946.5;485.59765625
-1;55800;PEARLS;9996;2;9995;21;;;10004;2;10005;21;;;10000.0;721.0
-1;55900;BANANAS;4943;24;;;;;4950;24;;;;;4946.5;483.7421875
-1;55900;PEARLS;9995;24;;;;;9998;11;10005;24;;;9996.5;721.0
-1;56000;PEARLS;9996;2;9995;20;;;10004;2;10005;20;;;10000.0;743.0
-1;56000;BANANAS;4943;22;;;;;4950;22;;;;;4946.5;488.845703125
-1;56100;BANANAS;4943;30;;;;;4950;30;;;;;4946.5;491.154296875
-1;56100;PEARLS;9996;1;9995;29;;;10004;1;10005;29;;;10000.0;743.0
-1;56200;BANANAS;4943;28;;;;;4950;28;;;;;4946.5;491.259765625
-1;56200;PEARLS;9996;2;9995;26;;;10004;2;10005;26;;;10000.0;743.0
-1;56300;BANANAS;4943;23;;;;;4948;8;4950;23;;;4945.5;489.19140625
-1;56300;PEARLS;9995;23;;;;;10002;8;10005;23;;;9998.5;743.0
-1;56400;PEARLS;9998;6;9995;23;;;10005;23;;;;;10001.5;743.0
-1;56400;BANANAS;4944;6;4943;23;;;4950;23;;;;;4947.0;487.578125
-1;56500;BANANAS;4943;25;;;;;4950;25;;;;;4946.5;488.28515625
-1;56500;PEARLS;9995;25;;;;;10005;25;;;;;10000.0;743.0
-1;56600;BANANAS;4943;27;;;;;4949;27;;;;;4946.0;486.828125
-1;56600;PEARLS;9996;1;9995;26;;;10004;1;10005;26;;;10000.0;743.0
-1;56700;BANANAS;4943;24;;;;;4950;25;;;;;4946.5;488.28515625
-1;56700;PEARLS;9995;25;;;;;10005;25;;;;;10000.0;751.0
-1;56800;PEARLS;9995;24;;;;;10005;24;;;;;10000.0;751.0
-1;56800;BANANAS;4943;23;;;;;4950;24;;;;;4946.5;487.5703125
-1;56900;BANANAS;4944;5;4943;20;;;4950;20;;;;;4947.0;488.447265625
-1;56900;PEARLS;9998;5;9995;20;;;10005;20;;;;;10001.5;751.0
-1;57000;BANANAS;4943;25;;;;;4949;25;;;;;4946.0;487.09765625
-1;57000;PEARLS;9995;25;;;;;10005;25;;;;;10000.0;751.0
-1;57100;BANANAS;4943;27;;;;;4949;2;4950;25;;;4946.0;499.984375
-1;57100;PEARLS;9996;2;9995;25;;;10004;2;10005;25;;;10000.0;757.0
-1;57200;PEARLS;9995;26;;;;;10005;26;;;;;10000.0;757.0
-1;57200;BANANAS;4943;26;;;;;4946;2;4950;26;;;4944.5;502.15234375
-1;57300;BANANAS;4943;25;;;;;4950;25;;;;;4946.5;506.03125
-1;57300;PEARLS;10002;1;9995;25;;;10005;25;;;;;10003.5;757.0
-1;57400;BANANAS;4944;1;4943;26;;;4948;2;4950;28;;;4946.0;510.296875
-1;57400;PEARLS;9996;2;9995;26;;;10002;2;10004;2;10005;26;9999.0;759.0
-1;57500;BANANAS;4944;31;;;;;4949;1;4951;31;;;4946.5;522.5703125
-1;57500;PEARLS;9996;1;9995;30;;;10002;1;10004;1;10005;30;9999.0;759.0
-1;57600;PEARLS;9995;29;;;;;9998;1;10005;29;;;9996.5;759.0
-1;57600;BANANAS;4944;29;;;;;4951;29;;;;;4947.5;525.3515625
-1;57700;BANANAS;4945;2;4944;28;;;4949;2;4951;30;;;4947.0;524.40625
-1;57700;PEARLS;9996;2;9995;28;;;10002;2;10004;2;10005;28;9999.0;761.0
-1;57800;BANANAS;4945;2;4944;26;;;4951;28;;;;;4948.0;525.875
-1;57800;PEARLS;9996;2;9995;26;;;10004;2;10005;26;;;10000.0;761.0
-1;57900;BANANAS;4944;32;;;;;4950;2;4951;30;;;4947.0;516.3515625
-1;57900;PEARLS;10002;1;9996;2;9995;30;10004;2;10005;30;;;10003.0;761.0
-1;58000;PEARLS;9998;7;9995;23;;;10005;23;;;;;10001.5;763.0
-1;58000;BANANAS;4945;6;4944;23;;;4951;23;;;;;4948.0;514.28125
-1;58100;BANANAS;4943;23;;;;;4950;24;;;;;4946.5;510.4296875
-1;58100;PEARLS;9996;1;9995;23;;;10004;1;10005;23;;;10000.0;763.0
-1;58200;BANANAS;4944;26;;;;;4950;2;4951;24;;;4947.0;516.0625
-1;58200;PEARLS;9996;2;9995;24;;;10004;2;10005;24;;;10000.0;763.0
-1;58300;BANANAS;4944;23;;;;;4951;23;;;;;4947.5;517.1640625
-1;58300;PEARLS;9996;2;9995;21;;;9998;1;10004;2;10005;21;9997.0;763.0
-1;58400;PEARLS;9995;21;;;;;10000;4;10005;21;;;9997.5;765.0
-1;58400;BANANAS;4944;21;;;;;4951;21;;;;;4947.5;524.8828125
-1;58500;BANANAS;4945;30;;;;;4951;30;;;;;4948.0;526.8203125
-1;58500;PEARLS;9996;1;9995;29;;;9998;1;10004;1;10005;29;9997.0;765.0
-1;58600;BANANAS;4945;4;4944;27;;;4951;29;;;;;4948.0;523.46875
-1;58600;PEARLS;9998;2;9996;2;9995;27;10004;2;10005;27;;;10001.0;767.0
-1;58700;BANANAS;4945;1;4944;24;;;4951;25;;;;;4948.0;524.6484375
-1;58700;PEARLS;9996;1;9995;24;;;10004;1;10005;24;;;10000.0;767.0
-1;58800;BANANAS;4945;5;4944;24;;;4951;24;;;;;4948.0;520.3828125
-1;58800;PEARLS;9998;4;9996;2;9995;22;10004;2;10005;22;;;10001.0;767.0
-1;58900;PEARLS;9995;22;;;;;9998;1;10005;22;;;9996.5;767.0
-1;58900;BANANAS;4944;22;;;;;4951;22;;;;;4947.5;522.5390625
-1;59000;PEARLS;9995;26;;;;;10005;26;;;;;10000.0;769.0
-1;59000;BANANAS;4945;9;4944;26;;;4951;26;;;;;4948.0;525.53125
-1;59100;BANANAS;4944;30;;;;;4945;12;4951;30;;;4944.5;524.453125
-1;59100;PEARLS;9995;30;;;;;9998;2;10005;30;;;9996.5;769.0
-1;59200;PEARLS;10000;3;9996;2;9995;29;10004;2;10005;29;;;10002.0;773.0
-1;59200;BANANAS;4949;1;4944;31;;;4951;31;;;;;4950.0;536.953125
-1;59300;PEARLS;9996;2;9995;28;;;9998;13;10004;2;10005;28;9997.0;773.0
-1;59300;BANANAS;4944;30;;;;;4950;2;4951;28;;;4947.0;530.71875
-1;59400;PEARLS;9995;28;;;;;10005;28;;;;;10000.0;783.0
-1;59400;BANANAS;4944;28;;;;;4949;3;4951;28;;;4946.5;534.828125
-1;59500;BANANAS;4945;1;4944;29;;;4950;29;;;;;4947.5;526.703125
-1;59500;PEARLS;9998;1;9996;2;9995;27;10004;2;10005;27;;;10001.0;783.0
-1;59600;PEARLS;9995;25;;;;;10005;25;;;;;10000.0;783.0
-1;59600;BANANAS;4944;25;;;;;4951;25;;;;;4947.5;535.4296875
-1;59700;PEARLS;9998;8;9996;2;9995;26;10004;2;10005;26;;;10001.0;783.0
-1;59700;BANANAS;4945;10;4944;26;;;4951;28;;;;;4948.0;544.0234375
-1;59800;PEARLS;9995;20;;;;;10005;20;;;;;10000.0;783.0
-1;59800;BANANAS;4944;20;;;;;4951;20;;;;;4947.5;544.9296875
-1;59900;BANANAS;4946;1;4945;24;;;4951;2;4952;22;;;4948.5;549.3046875
-1;59900;PEARLS;10002;1;9998;1;9996;2;10004;2;10005;22;;;10003.0;783.0
-1;60000;PEARLS;9998;4;9996;2;9995;29;10004;2;10005;29;;;10001.0;789.0
-1;60000;BANANAS;4946;4;4945;31;;;4952;31;;;;;4949.0;561.6875
-1;60100;PEARLS;9995;25;;;;;9998;1;10005;25;;;9996.5;789.0
-1;60100;BANANAS;4945;25;;;;;4952;25;;;;;4948.5;565.359375
-1;60200;PEARLS;10000;3;9996;1;9995;21;10004;1;10005;21;;;10002.0;791.0
-1;60200;BANANAS;4946;1;4945;21;;;4952;22;;;;;4949.0;564.9921875
-1;60300;PEARLS;9996;2;9995;22;;;10004;2;10005;22;;;10000.0;791.0
-1;60300;BANANAS;4945;24;;;;;4952;24;;;;;4948.5;561.8046875
-1;60400;BANANAS;4946;1;4945;24;;;4952;25;;;;;4949.0;562.3046875
-1;60400;PEARLS;10000;4;9996;1;9995;24;10004;1;10005;24;;;10002.0;791.0
-1;60500;PEARLS;9996;2;9995;20;;;10004;2;10005;20;;;10000.0;791.0
-1;60500;BANANAS;4946;2;4945;20;;;4952;22;;;;;4949.0;563.9296875
-1;60600;PEARLS;9995;27;;;;;10002;3;10005;27;;;9998.5;791.0
-1;60600;BANANAS;4945;27;;;;;4950;3;4952;27;;;4947.5;564.375
-1;60700;PEARLS;9996;2;9995;29;;;10002;8;10004;2;10005;29;9999.0;791.0
-1;60700;BANANAS;4946;31;;;;;4951;8;4952;2;4953;29;4948.5;568.2109375
-1;60800;BANANAS;4945;25;;;;;4952;25;;;;;4948.5;555.953125
-1;60800;PEARLS;9996;1;9995;24;;;10004;1;10005;24;;;10000.0;791.0
-1;60900;PEARLS;9996;2;9995;23;;;10004;2;10005;23;;;10000.0;791.0
-1;60900;BANANAS;4945;2;4944;23;;;4951;25;;;;;4948.0;548.1328125
-1;61000;PEARLS;9996;1;9995;30;;;10004;1;10005;30;;;10000.0;791.0
-1;61000;BANANAS;4944;31;;;;;4951;31;;;;;4947.5;540.4375
-1;61100;PEARLS;9996;2;9995;30;;;10004;2;10005;30;;;10000.0;792.0
-1;61100;BANANAS;4944;32;;;;;4945;2;4947;3;4951;32;4944.5;542.7109375
-1;61200;BANANAS;4944;30;;;;;4951;30;;;;;4947.5;542.6640625
-1;61200;PEARLS;9995;30;;;;;10005;30;;;;;10000.0;792.0
-1;61300;PEARLS;9996;1;9995;30;;;10004;1;10005;30;;;10000.0;792.0
-1;61300;BANANAS;4944;31;;;;;4950;31;;;;;4947.0;538.8046875
-1;61400;PEARLS;10002;2;9996;2;9995;26;10004;2;10005;26;;;10003.0;792.0
-1;61400;BANANAS;4944;28;;;;;4951;28;;;;;4947.5;548.4921875
-1;61500;PEARLS;10002;6;9995;29;;;10005;29;;;;;10003.5;796.0
-1;61500;BANANAS;4945;29;;;;;4952;29;;;;;4948.5;563.1015625
-1;61600;BANANAS;4945;26;;;;;4952;26;;;;;4948.5;563.7421875
-1;61600;PEARLS;9996;1;9995;25;;;10004;1;10005;25;;;10000.0;808.0
-1;61700;PEARLS;9996;1;9995;22;;;10004;1;10005;22;;;10000.0;808.0
-1;61700;BANANAS;4950;1;4945;23;;;4951;1;4952;22;;;4950.5;558.546875
-1;61800;PEARLS;9995;29;;;;;10005;29;;;;;10000.0;808.0
-1;61800;BANANAS;4944;29;;;;;4951;29;;;;;4947.5;554.4453125
-1;61900;PEARLS;9996;2;9995;23;;;9998;1;10004;2;10005;23;9997.0;808.0
-1;61900;BANANAS;4945;2;4944;23;;;4951;25;;;;;4948.0;555.21875
-1;62000;BANANAS;4944;23;;;;;4950;1;4951;22;;;4947.0;543.40625
-1;62000;PEARLS;9996;1;9995;22;;;10004;1;10005;22;;;10000.0;810.0
-1;62100;PEARLS;9996;1;9995;24;;;10004;1;10005;24;;;10000.0;810.0
-1;62100;BANANAS;4944;25;;;;;4950;1;4951;24;;;4947.0;545.734375
-1;62200;PEARLS;9998;9;9995;26;;;10005;26;;;;;10001.5;810.0
-1;62200;BANANAS;4944;8;4943;26;;;4950;26;;;;;4947.0;538.734375
-1;62300;PEARLS;9996;1;9995;21;;;10004;1;10005;21;;;10000.0;810.0
-1;62300;BANANAS;4944;22;;;;;4951;22;;;;;4947.5;549.3515625
-1;62400;BANANAS;4944;26;;;;;4951;26;;;;;4947.5;545.140625
-1;62400;PEARLS;9995;26;;;;;10005;26;;;;;10000.0;810.0
-1;62500;PEARLS;9996;2;9995;27;;;10004;2;10005;27;;;10000.0;810.0
-1;62500;BANANAS;4944;29;;;;;4950;2;4951;27;;;4947.0;543.7265625
-1;62600;PEARLS;9996;2;9995;29;;;10004;2;10005;29;;;10000.0;810.0
-1;62600;BANANAS;4943;31;;;;;4950;31;;;;;4946.5;536.9375
-1;62700;PEARLS;9995;25;;;;;10002;4;10005;25;;;9998.5;810.0
-1;62700;BANANAS;4944;25;;;;;4949;4;4951;25;;;4946.5;543.0234375
-1;62800;BANANAS;4943;28;;;;;4950;28;;;;;4946.5;533.6171875
-1;62800;PEARLS;9996;1;9995;27;;;10004;1;10005;27;;;10000.0;810.0
-1;62900;PEARLS;9996;1;9995;21;;;10004;1;10005;21;;;10000.0;825.0
-1;62900;BANANAS;4943;22;;;;;4950;22;;;;;4946.5;533.8515625
-1;63000;PEARLS;9996;2;9995;25;;;10004;2;10005;25;;;10000.0;826.0
-1;63000;BANANAS;4943;27;;;;;4950;27;;;;;4946.5;532.9140625
-1;63100;BANANAS;4943;20;;;;;4948;1;4950;20;;;4945.5;554.044921875
-1;63100;PEARLS;9995;20;;;;;10002;1;10005;20;;;9998.5;826.0
-1;63200;BANANAS;4943;24;;;;;4950;24;;;;;4946.5;553.9345703125
-1;63200;PEARLS;9995;24;;;;;10005;24;;;;;10000.0;826.0
-1;63300;BANANAS;4943;28;;;;;4950;28;;;;;4946.5;553.849609375
-1;63300;PEARLS;9996;2;9995;26;;;10004;2;10005;26;;;10000.0;826.0
-1;63400;PEARLS;9996;1;9995;30;;;10002;9;10004;1;10005;30;9999.0;826.0
-1;63400;BANANAS;4943;31;;;;;4948;9;4950;31;;;4945.5;554.314453125
-1;63500;PEARLS;9996;2;9995;30;;;9998;1;10002;3;10004;2;9997.0;826.0
-1;63500;BANANAS;4943;32;;;;;4948;3;4950;32;;;4945.5;554.443359375
-1;63600;BANANAS;4943;31;;;;;4948;6;4950;31;;;4945.5;554.5
-1;63600;PEARLS;9996;1;9995;30;;;10002;6;10004;1;10005;30;9999.0;828.0
-1;63700;PEARLS;9998;8;9996;2;9995;22;10004;2;10005;22;;;10001.0;828.0
-1;63700;BANANAS;4944;8;4943;24;;;4949;2;4950;22;;;4946.5;553.74609375
-1;63800;PEARLS;9996;2;9995;26;;;10004;2;10005;26;;;10000.0;828.0
-1;63800;BANANAS;4943;1;4942;26;;;4949;28;;;;;4946.0;553.34765625
-1;63900;PEARLS;9995;25;;;;;10002;3;10005;25;;;9998.5;828.0
-1;63900;BANANAS;4942;24;;;;;4947;3;4949;25;;;4944.5;551.8671875
-1;64000;BANANAS;4942;31;;;;;4948;1;4949;30;;;4945.0;555.7177734375
-1;64000;PEARLS;9996;1;9995;30;;;10004;1;10005;30;;;10000.0;828.0
-1;64100;PEARLS;9995;29;;;;;10005;29;;;;;10000.0;828.0
-1;64100;BANANAS;4941;29;;;;;4948;29;;;;;4944.5;557.20703125
-1;64200;PEARLS;9996;1;9995;23;;;10002;1;10004;1;10005;23;9999.0;828.0
-1;64200;BANANAS;4941;24;;;;;4946;1;4948;24;;;4943.5;557.42578125
-1;64300;PEARLS;9995;29;;;;;10005;29;;;;;10000.0;828.0
-1;64300;BANANAS;4941;29;;;;;4948;29;;;;;4944.5;557.8125
-1;64400;BANANAS;4940;25;;;;;4947;26;;;;;4943.5;568.26171875
-1;64400;PEARLS;9996;1;9995;25;;;10004;1;10005;25;;;10000.0;828.0
-1;64500;PEARLS;9998;1;9996;1;9995;30;10004;1;10005;30;;;10001.0;828.0
-1;64500;BANANAS;4942;1;4941;31;;;4947;1;4948;30;;;4944.5;567.23046875
-1;64600;PEARLS;9996;1;9995;23;;;10004;1;10005;23;;;10000.0;828.0
-1;64600;BANANAS;4941;23;;;;;4948;24;;;;;4944.5;565.26171875
-1;64700;BANANAS;4941;30;;;;;4946;1;4947;2;4948;28;4943.5;567.03125
-1;64700;PEARLS;9996;2;9995;28;;;10002;1;10004;2;10005;28;9999.0;828.0
-1;64800;BANANAS;4941;2;4940;26;;;4945;4;4947;28;;;4943.0;568.6484375
-1;64800;PEARLS;9996;2;9995;26;;;10002;4;10004;2;10005;26;9999.0;828.0
-1;64900;BANANAS;4940;30;;;;;4941;1;4947;30;;;4940.5;570.45703125
-1;64900;PEARLS;9995;30;;;;;10005;30;;;;;10000.0;828.0
-1;65000;PEARLS;9995;22;;;;;10002;3;10005;22;;;9998.5;828.0
-1;65000;BANANAS;4941;22;;;;;4946;3;4948;22;;;4943.5;570.4375
-1;65100;BANANAS;4942;9;4941;31;;;4947;31;;;;;4944.5;571.09765625
-1;65100;PEARLS;9998;9;9996;2;9995;29;10004;2;10005;29;;;10001.0;828.0
-1;65200;BANANAS;4940;25;;;;;4947;25;;;;;4943.5;577.52734375
-1;65200;PEARLS;10002;5;9995;25;;;10005;25;;;;;10003.5;830.0
-1;65300;BANANAS;4945;1;4941;3;4940;31;4946;2;4947;29;;;4945.5;579.44921875
-1;65300;PEARLS;10002;1;9998;3;9996;2;10004;2;10005;29;;;10003.0;840.0
-1;65400;PEARLS;9996;1;9995;24;;;9998;1;10004;1;10005;24;9997.0;842.0
-1;65400;BANANAS;4940;25;;;;;4947;25;;;;;4943.5;577.8046875
-1;65500;BANANAS;4941;2;4940;25;;;4945;6;4947;27;;;4943.0;576.296875
-1;65500;PEARLS;9996;2;9995;25;;;10002;6;10004;2;10005;25;9999.0;844.0
-1;65600;BANANAS;4941;8;4940;28;;;4947;28;;;;;4944.0;576.1484375
-1;65600;PEARLS;9998;8;9995;28;;;10005;28;;;;;10001.5;844.0
-1;65700;BANANAS;4940;21;;;;;4947;21;;;;;4943.5;575.4453125
-1;65700;PEARLS;9995;21;;;;;10005;21;;;;;10000.0;844.0
-1;65800;PEARLS;9995;29;;;;;10005;29;;;;;10000.0;844.0
-1;65800;BANANAS;4940;29;;;;;4947;29;;;;;4943.5;579.62109375
-1;65900;BANANAS;4940;27;;;;;4946;1;4947;26;;;4943.0;581.78515625
-1;65900;PEARLS;9996;1;9995;26;;;10004;1;10005;26;;;10000.0;844.0
-1;66000;BANANAS;4941;1;4940;20;;;4947;21;;;;;4944.0;576.84375
-1;66000;PEARLS;9996;1;9995;20;;;9998;2;10004;1;10005;20;9997.0;844.0
-1;66100;BANANAS;4940;22;;;;;4947;22;;;;;4943.5;582.32421875
-1;66100;PEARLS;9995;22;;;;;10005;22;;;;;10000.0;856.0
-1;66200;PEARLS;9995;28;;;;;10005;28;;;;;10000.0;868.0
-1;66200;BANANAS;4940;28;;;;;4947;28;;;;;4943.5;582.509765625
-1;66300;BANANAS;4940;25;;;;;4947;25;;;;;4943.5;580.67578125
-1;66300;PEARLS;9995;25;;;;;9998;1;10005;25;;;9996.5;868.0
-1;66400;BANANAS;4940;29;;;;;4945;6;4947;29;;;4942.5;582.765625
-1;66400;PEARLS;9996;1;9995;28;;;10002;6;10004;1;10005;28;9999.0;870.0
-1;66500;BANANAS;4940;24;;;;;4941;1;4947;24;;;4940.5;581.81640625
-1;66500;PEARLS;9996;2;9995;22;;;10004;2;10005;22;;;10000.0;870.0
-1;66600;PEARLS;9995;25;;;;;10002;8;10005;25;;;9998.5;870.0
-1;66600;BANANAS;4942;1;4939;25;;;4944;8;4946;25;;;4943.0;595.279296875
-1;66700;BANANAS;4942;6;4940;1;4939;30;4946;30;;;;;4944.0;593.861328125
-1;66700;PEARLS;9998;1;9995;30;;;10005;30;;;;;10001.5;870.0
-1;66800;BANANAS;4939;24;;;;;4945;2;4946;22;;;4942.0;592.236328125
-1;66800;PEARLS;9996;2;9995;22;;;9998;1;10004;2;10005;22;9997.0;870.0
-1;66900;BANANAS;4938;29;;;;;4945;29;;;;;4941.5;590.470703125
-1;66900;PEARLS;9996;1;9995;28;;;10004;1;10005;28;;;10000.0;872.0
-1;67000;PEARLS;10002;4;9996;2;9995;30;10004;2;10005;30;;;10003.0;872.0
-1;67000;BANANAS;4938;32;;;;;4939;5;4944;2;4945;30;4938.5;589.02734375
-1;67100;BANANAS;4938;21;;;;;4943;4;4944;1;4945;21;4940.5;598.36328125
-1;67100;PEARLS;9996;1;9995;21;;;10002;4;10004;1;10005;21;9999.0;880.0
-1;67200;BANANAS;4937;30;;;;;4943;30;;;;;4940.0;589.2265625
-1;67200;PEARLS;9996;2;9995;28;;;10004;2;10005;28;;;10000.0;880.0
-1;67300;BANANAS;4937;26;;;;;4942;3;4944;26;;;4939.5;591.73046875
-1;67300;PEARLS;9996;1;9995;25;;;10002;3;10004;1;10005;25;9999.0;880.0
-1;67400;PEARLS;9996;1;9995;29;;;9998;5;10004;1;10005;29;9997.0;880.0
-1;67400;BANANAS;4937;1;4936;29;;;4943;30;;;;;4940.0;602.765625
-1;67500;PEARLS;9996;1;9995;28;;;10004;1;10005;28;;;10000.0;890.0
-1;67500;BANANAS;4937;29;;;;;4944;29;;;;;4940.5;611.1796875
-1;67600;BANANAS;4937;31;;;;;4944;31;;;;;4940.5;612.453125
-1;67600;PEARLS;9996;1;9995;30;;;10004;1;10005;30;;;10000.0;890.0
-1;67700;BANANAS;4938;2;4937;21;;;4944;21;;;;;4941.0;613.5625
-1;67700;PEARLS;10002;1;9998;2;9995;21;10005;21;;;;;10003.5;890.0
-1;67800;BANANAS;4938;23;;;;;4944;2;4945;21;;;4941.0;619.9453125
-1;67800;PEARLS;9996;2;9995;21;;;9998;1;10004;2;10005;21;9997.0;892.0
-1;67900;PEARLS;9996;2;9995;20;;;10002;4;10004;2;10005;20;9999.0;894.0
-1;67900;BANANAS;4938;22;;;;;4942;4;4944;22;;;4940.0;617.9453125
-1;68000;PEARLS;9995;30;;;;;10005;30;;;;;10000.0;894.0
-1;68000;BANANAS;4938;30;;;;;4945;30;;;;;4941.5;622.6171875
-1;68100;BANANAS;4937;26;;;;;4944;26;;;;;4940.5;623.640625
-1;68100;PEARLS;9995;26;;;;;10005;26;;;;;10000.0;894.0
-1;68200;PEARLS;9996;2;9995;24;;;10004;2;10005;24;;;10000.0;894.0
-1;68200;BANANAS;4938;26;;;;;4941;5;4944;2;4945;24;4939.5;628.4140625
-1;68300;PEARLS;9996;1;9995;26;;;10004;1;10005;26;;;10000.0;894.0
-1;68300;BANANAS;4937;27;;;;;4944;27;;;;;4940.5;621.8515625
-1;68400;PEARLS;9998;6;9995;28;;;10005;28;;;;;10001.5;894.0
-1;68400;BANANAS;4938;6;4937;28;;;4944;28;;;;;4941.0;624.359375
-1;68500;BANANAS;4939;2;4938;24;;;4944;1;4945;23;;;4941.5;630.046875
-1;68500;PEARLS;9998;2;9996;1;9995;23;10004;1;10005;23;;;10001.0;894.0
-1;68600;PEARLS;9996;1;9995;30;;;10002;10;10004;1;10005;30;9999.0;894.0
-1;68600;BANANAS;4938;31;;;;;4943;10;4945;31;;;4940.5;633.1640625
-1;68700;PEARLS;10002;1;9998;7;9996;2;10004;2;10005;27;;;10003.0;894.0
-1;68700;BANANAS;4939;7;4938;29;;;4944;2;4945;27;;;4941.5;628.5546875
-1;68800;PEARLS;9995;23;;;;;10005;23;;;;;10000.0;896.0
-1;68800;BANANAS;4938;23;;;;;4945;23;;;;;4941.5;662.59521484375
-1;68900;BANANAS;4941;6;4938;21;;;4944;21;;;;;4942.5;662.97509765625
-1;68900;PEARLS;9995;21;;;;;10005;21;;;;;10000.0;896.0
-1;69000;BANANAS;4939;3;4938;21;;;4944;1;4945;20;;;4941.5;662.83349609375
-1;69000;PEARLS;9998;3;9996;1;9995;20;10004;1;10005;20;;;10001.0;896.0
-1;69100;PEARLS;9995;21;;;;;10005;21;;;;;10000.0;896.0
-1;69100;BANANAS;4938;21;;;;;4945;21;;;;;4941.5;662.861328125
-1;69200;PEARLS;9996;1;9995;26;;;10002;6;10004;1;10005;26;9999.0;896.0
-1;69200;BANANAS;4938;27;;;;;4943;6;4945;27;;;4940.5;662.54052734375
-1;69300;PEARLS;9996;2;9995;22;;;10004;2;10005;22;;;10000.0;896.0
-1;69300;BANANAS;4939;2;4938;22;;;4945;24;;;;;4942.0;662.12890625
-1;69400;BANANAS;4939;1;4938;27;;;4945;28;;;;;4942.0;662.15673828125
-1;69400;PEARLS;10002;4;9996;1;9995;27;10004;1;10005;27;;;10003.0;896.0
-1;69500;PEARLS;10002;2;9998;3;9995;27;10005;27;;;;;10003.5;904.0
-1;69500;BANANAS;4939;3;4938;27;;;4945;27;;;;;4942.0;662.50830078125
-1;69600;PEARLS;9996;1;9995;24;;;10002;4;10004;1;10005;24;9999.0;908.0
-1;69600;BANANAS;4938;25;;;;;4943;4;4944;1;4945;24;4940.5;662.84521484375
-1;69700;PEARLS;9996;2;9995;27;;;10004;2;10005;27;;;10000.0;909.0
-1;69700;BANANAS;4938;2;4937;27;;;4944;29;;;;;4941.0;665.08984375
-1;69800;BANANAS;4938;1;4937;26;;;4944;28;;;;;4941.0;665.4345703125
-1;69800;PEARLS;9996;2;9995;26;;;10004;2;10005;26;;;10000.0;909.0
-1;69900;PEARLS;9995;26;;;;;10005;26;;;;;10000.0;909.0
-1;69900;BANANAS;4937;26;;;;;4944;26;;;;;4940.5;665.6884765625
-1;70000;PEARLS;9998;10;9996;1;9995;28;10004;1;10005;28;;;10001.0;909.0
-1;70000;BANANAS;4938;10;4937;29;;;4944;29;;;;;4941.0;665.8623046875
-1;70100;PEARLS;9995;27;;;;;10002;6;10005;27;;;9998.5;909.0
-1;70100;BANANAS;4937;27;;;;;4942;6;4944;27;;;4939.5;666.4765625
-1;70200;BANANAS;4937;1;4936;25;;;4943;26;;;;;4940.0;667.2822265625
-1;70200;PEARLS;9996;1;9995;25;;;10000;3;10004;1;10005;25;9998.0;909.0
-1;70300;PEARLS;9995;25;;;;;10005;25;;;;;10000.0;909.0
-1;70300;BANANAS;4936;25;;;;;4942;25;;;;;4939.0;668.94921875
-1;70400;PEARLS;9996;2;9995;29;;;10002;4;10004;2;10005;29;9999.0;909.0
-1;70400;BANANAS;4936;2;4935;29;;;4940;9;4942;31;;;4938.0;669.421875
-1;70500;PEARLS;9995;24;;;;;10005;24;;;;;10000.0;909.0
-1;70500;BANANAS;4936;24;;;;;4943;24;;;;;4939.5;668.3759765625
-1;70600;BANANAS;4941;1;4936;2;4935;27;4942;29;;;;;4941.5;669.4326171875
-1;70600;PEARLS;9996;2;9995;27;;;10004;2;10005;27;;;10000.0;909.0
-1;70700;PEARLS;9995;24;;;;;10002;2;10005;24;;;9998.5;929.0
-1;70700;BANANAS;4935;24;;;;;4940;2;4942;24;;;4937.5;671.962890625
-1;70800;PEARLS;9996;2;9995;30;;;9998;1;10004;2;10005;30;9997.0;931.0
-1;70800;BANANAS;4935;31;;;;;4942;32;;;;;4938.5;676.181640625
-1;70900;PEARLS;9995;29;;;;;10005;29;;;;;10000.0;933.0
-1;70900;BANANAS;4934;29;;;;;4941;29;;;;;4937.5;679.26953125
-1;71000;BANANAS;4940;1;4935;2;4934;29;4941;31;;;;;4940.5;681.671875
-1;71000;PEARLS;9996;2;9995;29;;;10004;2;10005;29;;;10000.0;946.0
-1;71100;PEARLS;9996;2;9995;20;;;10004;2;10005;20;;;10000.0;946.0
-1;71100;BANANAS;4934;22;;;;;4935;7;4941;22;;;4934.5;684.6953125
-1;71200;PEARLS;9996;2;9995;24;;;10004;2;10005;24;;;10000.0;946.0
-1;71200;BANANAS;4935;2;4934;24;;;4941;26;;;;;4938.0;703.0
-1;71300;PEARLS;9995;20;;;;;10005;20;;;;;10000.0;946.0
-1;71300;BANANAS;4935;20;;;;;4942;20;;;;;4938.5;703.0
-1;71400;BANANAS;4934;30;;;;;4941;30;;;;;4937.5;703.0
-1;71400;PEARLS;9998;1;9995;30;;;10005;30;;;;;10001.5;946.0
-1;71500;PEARLS;9996;1;9995;30;;;10004;1;10005;30;;;10000.0;946.0
-1;71500;BANANAS;4936;31;;;;;4942;1;4943;30;;;4939.0;703.0
-1;71600;PEARLS;9995;22;;;;;10005;22;;;;;10000.0;946.0
-1;71600;BANANAS;4936;22;;;;;4943;22;;;;;4939.5;703.0
-1;71700;PEARLS;9995;28;;;;;10005;28;;;;;10000.0;946.0
-1;71700;BANANAS;4936;28;;;;;4943;28;;;;;4939.5;703.0
-1;71800;BANANAS;4937;2;4936;20;;;4943;22;;;;;4940.0;703.0
-1;71800;PEARLS;9996;2;9995;20;;;10004;2;10005;20;;;10000.0;946.0
-1;71900;PEARLS;9996;2;9995;20;;;10004;2;10005;20;;;10000.0;946.0
-1;71900;BANANAS;4937;2;4936;20;;;4939;5;4943;22;;;4938.0;703.0
-1;72000;PEARLS;9995;29;;;;;10002;8;10005;29;;;9998.5;946.0
-1;72000;BANANAS;4937;29;;;;;4942;8;4944;29;;;4939.5;703.0
-1;72100;BANANAS;4937;28;;;;;4938;3;4942;1;4943;28;4937.5;703.0
-1;72100;PEARLS;9996;2;9995;26;;;10002;1;10004;2;10005;26;9999.0;946.0
-1;72200;BANANAS;4936;21;;;;;4943;21;;;;;4939.5;707.2802734375
-1;72200;PEARLS;9996;1;9995;20;;;10004;1;10005;20;;;10000.0;946.0
-1;72300;BANANAS;4936;30;;;;;4942;30;;;;;4939.0;713.609375
-1;72300;PEARLS;9996;1;9995;29;;;10004;1;10005;29;;;10000.0;946.0
-1;72400;PEARLS;9995;24;;;;;10005;24;;;;;10000.0;946.0
-1;72400;BANANAS;4935;24;;;;;4942;24;;;;;4938.5;713.203125
-1;72500;PEARLS;9996;2;9995;28;;;10004;2;10005;28;;;10000.0;946.0
-1;72500;BANANAS;4936;30;;;;;4942;30;;;;;4939.0;713.65625
-1;72600;BANANAS;4938;4;4936;2;4935;22;4942;24;;;;;4940.0;712.6015625
-1;72600;PEARLS;9996;2;9995;22;;;10004;2;10005;22;;;10000.0;947.0
-1;72700;PEARLS;9995;29;;;;;10005;29;;;;;10000.0;947.0
-1;72700;BANANAS;4936;29;;;;;4943;29;;;;;4939.5;717.76953125
-1;72800;PEARLS;9995;30;;;;;10005;30;;;;;10000.0;947.0
-1;72800;BANANAS;4936;30;;;;;4943;30;;;;;4939.5;720.74609375
-1;72900;PEARLS;9996;1;9995;23;;;10004;1;10005;23;;;10000.0;947.0
-1;72900;BANANAS;4937;1;4936;23;;;4943;24;;;;;4940.0;723.265625
-1;73000;BANANAS;4937;26;;;;;4943;2;4944;24;;;4940.0;725.8046875
-1;73000;PEARLS;9996;2;9995;24;;;10004;2;10005;24;;;10000.0;947.0
-1;73100;PEARLS;9996;2;9995;24;;;10002;5;10004;2;10005;24;9999.0;947.0
-1;73100;BANANAS;4937;26;;;;;4942;5;4943;2;4944;24;4939.5;727.15234375
-1;73200;PEARLS;9996;1;9995;30;;;10004;1;10005;30;;;10000.0;947.0
-1;73200;BANANAS;4938;1;4937;30;;;4944;31;;;;;4941.0;734.39453125
-1;73300;PEARLS;9996;2;9995;22;;;10004;2;10005;22;;;10000.0;947.0
-1;73300;BANANAS;4941;2;4937;24;;;4944;24;;;;;4942.5;730.07421875
-1;73400;BANANAS;4938;30;;;;;4943;6;4944;1;4945;29;4940.5;735.5234375
-1;73400;PEARLS;9996;1;9995;29;;;9998;1;10002;6;10004;1;9997.0;947.0
-1;73500;BANANAS;4938;21;;;;;4945;21;;;;;4941.5;738.859375
-1;73500;PEARLS;9995;21;;;;;9998;1;10005;21;;;9996.5;949.0
-1;73600;PEARLS;10002;1;9995;21;;;10005;21;;;;;10003.5;951.0
-1;73600;BANANAS;4937;21;;;;;4944;21;;;;;4940.5;733.09375
-1;73700;BANANAS;4943;1;4937;20;;;4944;20;;;;;4943.5;732.12890625
-1;73700;PEARLS;9995;20;;;;;9998;10;10005;20;;;9996.5;953.0
-1;73800;BANANAS;4938;6;4937;27;;;4944;27;;;;;4941.0;734.5703125
-1;73800;PEARLS;10002;1;9998;6;9995;27;10005;27;;;;;10003.5;973.0
-1;73900;BANANAS;4939;3;4938;24;;;4944;2;4945;22;;;4941.5;738.109375
-1;73900;PEARLS;9998;3;9996;2;9995;22;10004;2;10005;22;;;10001.0;975.0
-1;74000;PEARLS;9995;21;;;;;10005;21;;;;;10000.0;975.0
-1;74000;BANANAS;4938;21;;;;;4941;3;4945;21;;;4939.5;738.28125
-1;74100;BANANAS;4939;2;4938;26;;;4944;2;4945;24;;;4941.5;739.08984375
-1;74100;PEARLS;9998;2;9996;2;9995;24;10004;2;10005;24;;;10001.0;975.0
-1;74200;BANANAS;4938;29;;;;;4945;29;;;;;4941.5;737.390625
-1;74200;PEARLS;9995;29;;;;;10005;29;;;;;10000.0;975.0
-1;74300;BANANAS;4938;13;;;;;4944;24;;;;;4941.0;736.7578125
-1;74300;PEARLS;9995;24;;;;;10005;24;;;;;10000.0;975.0
-1;74400;PEARLS;9995;21;;;;;10005;21;;;;;10000.0;975.0
-1;74400;BANANAS;4938;21;;;;;4939;1;4945;21;;;4938.5;741.7734375
-1;74500;BANANAS;4941;1;4938;27;;;4945;27;;;;;4943.0;742.76953125
-1;74500;PEARLS;9995;27;;;;;10005;27;;;;;10000.0;975.0
-1;74600;BANANAS;4938;28;;;;;4944;29;;;;;4941.0;738.76953125
-1;74600;PEARLS;9996;2;9995;27;;;10004;2;10005;27;;;10000.0;975.0
-1;74700;BANANAS;4938;2;4937;20;;;4944;22;;;;;4941.0;737.3984375
-1;74700;PEARLS;9996;2;9995;20;;;9998;1;10004;2;10005;20;9997.0;980.0
-1;74800;PEARLS;9996;2;9995;22;;;9998;2;10004;2;10005;22;9997.0;982.0
-1;74800;BANANAS;4938;2;4937;22;;;4944;24;;;;;4941.0;736.3984375
-1;74900;BANANAS;4937;22;;;;;4942;3;4943;1;4944;21;4939.5;729.34375
-1;74900;PEARLS;9996;1;9995;21;;;9998;1;10002;3;10004;1;9997.0;986.0
-1;75000;BANANAS;4937;2;4936;23;;;4943;25;;;;;4940.0;726.20703125
-1;75000;PEARLS;9996;2;9995;23;;;10004;2;10005;23;;;10000.0;988.0
-1;75100;BANANAS;4937;7;4936;21;;;4943;23;;;;;4940.0;726.32421875
-1;75100;PEARLS;10002;1;10000;4;9998;5;10004;2;10005;21;;;10003.0;988.0
-1;75200;PEARLS;9996;1;9995;28;;;10004;1;10005;28;;;10000.0;990.0
-1;75200;BANANAS;4941;13;4937;29;;;4943;29;;;;;4942.0;727.76953125
-1;75300;BANANAS;4936;27;;;;;4937;1;4943;27;;;4936.5;727.2109375
-1;75300;PEARLS;9995;27;;;;;10005;27;;;;;10000.0;990.0
-1;75400;BANANAS;4941;5;4937;28;;;4943;2;4944;26;;;4942.0;734.1796875
-1;75400;PEARLS;9996;2;9995;26;;;10004;2;10005;26;;;10000.0;990.0
-1;75500;BANANAS;4937;1;4936;23;;;4943;24;;;;;4940.0;729.60546875
-1;75500;PEARLS;9996;1;9995;23;;;10004;1;10005;23;;;10000.0;990.0
-1;75600;PEARLS;9995;30;;;;;10002;9;10005;30;;;9998.5;990.0
-1;75600;BANANAS;4937;30;;;;;4941;9;4943;30;;;4939.0;730.65625
-1;75700;BANANAS;4937;20;;;;;4941;1;4943;20;;;4939.0;731.2109375
-1;75700;PEARLS;9995;20;;;;;10002;1;10005;20;;;9998.5;990.0
-1;75800;BANANAS;4936;31;;;;;4942;2;4943;29;;;4939.0;719.828125
-1;75800;PEARLS;9996;2;9995;29;;;10004;2;10005;29;;;10000.0;990.0
-1;75900;BANANAS;4936;21;;;;;4939;1;4943;21;;;4937.5;725.296875
-1;75900;PEARLS;9996;1;9995;20;;;10004;1;10005;20;;;10000.0;991.0
-1;76000;PEARLS;10000;4;9995;21;;;10002;9;10005;21;;;10001.0;991.0
-1;76000;BANANAS;4936;21;;;;;4941;9;4943;21;;;4938.5;726.98828125
-1;76100;BANANAS;4936;26;;;;;4943;26;;;;;4939.5;727.7890625
-1;76100;PEARLS;9996;1;9995;25;;;10004;1;10005;25;;;10000.0;991.0
-1;76200;BANANAS;4936;20;;;;;4943;20;;;;;4939.5;730.828125
-1;76200;PEARLS;9995;20;;;;;10005;20;;;;;10000.0;991.0
-1;76300;BANANAS;4936;21;;;;;4943;22;;;;;4939.5;724.703125
-1;76300;PEARLS;9996;1;9995;21;;;9998;12;10004;1;10005;21;9997.0;991.0
-1;76400;BANANAS;4935;28;;;;;4942;28;;;;;4938.5;716.953125
-1;76400;PEARLS;9996;2;9995;26;;;10004;2;10005;26;;;10000.0;991.0
-1;76500;PEARLS;9996;1;9995;20;;;10004;1;10005;20;;;10000.0;991.0
-1;76500;BANANAS;4935;21;;;;;4941;1;4942;20;;;4938.0;709.6328125
-1;76600;BANANAS;4940;1;4934;30;;;4941;30;;;;;4940.5;705.515625
-1;76600;PEARLS;9995;30;;;;;10005;30;;;;;10000.0;991.0
-1;76700;BANANAS;4936;1;4935;26;;;4941;1;4942;25;;;4938.5;712.734375
-1;76700;PEARLS;9998;1;9996;1;9995;25;10004;1;10005;25;;;10001.0;991.0
-1;76800;PEARLS;9996;2;9995;25;;;10004;2;10005;25;;;10000.0;991.0
-1;76800;BANANAS;4935;26;;;;;4942;27;;;;;4938.5;715.7265625
-1;76900;PEARLS;9996;2;9995;21;;;10004;2;10005;21;;;10000.0;991.0
-1;76900;BANANAS;4935;23;;;;;4942;23;;;;;4938.5;715.4375
-1;77000;PEARLS;9996;2;9995;30;;;10004;2;10005;30;;;10000.0;991.0
-1;77000;BANANAS;4935;32;;;;;4941;2;4942;30;;;4938.0;712.78125
-1;77100;BANANAS;4935;29;;;;;4942;30;;;;;4938.5;715.68359375
-1;77100;PEARLS;9996;1;9995;29;;;10004;1;10005;29;;;10000.0;991.0
-1;77200;PEARLS;9996;1;9995;29;;;10004;1;10005;29;;;10000.0;991.0
-1;77200;BANANAS;4935;1;4934;29;;;4941;30;;;;;4938.0;708.39453125
-1;77300;PEARLS;9996;1;9995;23;;;10004;1;10005;23;;;10000.0;991.0
-1;77300;BANANAS;4935;24;;;;;4941;1;4942;23;;;4938.0;713.0234375
-1;77400;PEARLS;9996;1;9995;21;;;10004;1;10005;21;;;10000.0;991.0
-1;77400;BANANAS;4935;1;4934;21;;;4941;22;;;;;4938.0;710.515625
-1;77500;BANANAS;4935;28;;;;;4941;2;4942;26;;;4938.0;712.40625
-1;77500;PEARLS;9996;2;9995;26;;;9998;3;10004;2;10005;26;9997.0;991.0
-1;77600;PEARLS;9996;1;9995;30;;;10004;1;10005;30;;;10000.0;997.0
