day;timestamp;buyer;seller;symbol;currency;price;quantity
-2;0;Paris;Charlie;BANANAS;SEASHELLS;5003.0;1
-2;0;Paris;Penelope;PEARLS;SEASHELLS;9996.0;1
-2;0;Caesar;Penelope;PEARLS;SEASHELLS;9996.0;1
-2;1100;Camilla;Paris;BANANAS;SEASHELLS;4998.0;1
-2;1300;Charlie;Penelope;BANANAS;SEASHELLS;5000.0;4
-2;1300;Caesar;Penelope;BANANAS;SEASHELLS;5000.0;3
-2;1400;Charlie;Penelope;BANANAS;SEASHELLS;4997.0;10
-2;1500;Paris;Charlie;BANANAS;SEASHELLS;5004.0;1
-2;1500;Paris;Caesar;PEARLS;SEASHELLS;10004.0;1
-2;1800;Paris;Charlie;BANANAS;SEASHELLS;5003.0;1
-2;2000;Paris;Charlie;BANANAS;SEASHELLS;5002.0;1
-2;2500;Charlie;Paris;PEARLS;SEASHELLS;9998.0;1
-2;3200;Charlie;Paris;BANANAS;SEASHELLS;4996.0;1
-2;3200;Caesar;Paris;PEARLS;SEASHELLS;9996.0;1
-2;3300;Charlie;Paris;PEARLS;SEASHELLS;9995.0;2
-2;3300;Charlie;Paris;BANANAS;SEASHELLS;4996.0;2
-2;3600;Penelope;Charlie;PEARLS;SEASHELLS;10005.0;6
-2;3900;Paris;Charlie;BANANAS;SEASHELLS;5002.0;1
-2;4000;Camilla;Pablo;PEARLS;SEASHELLS;9998.0;1
-2;4200;Camilla;Paris;BANANAS;SEASHELLS;4996.0;1
-2;4200;Penelope;Caesar;PEARLS;SEASHELLS;10004.0;2
-2;4200;Penelope;Charlie;PEARLS;SEASHELLS;10004.0;1
-2;6400;Charlie;Paris;BANANAS;SEASHELLS;4995.0;1
-2;6600;Caesar;Paris;BANANAS;SEASHELLS;4995.0;1
-2;6700;Camilla;Paris;PEARLS;SEASHELLS;9998.0;2
-2;6700;Camilla;Paris;BANANAS;SEASHELLS;4996.0;2
-2;6900;Pablo;Charlie;BANANAS;SEASHELLS;4999.0;1
-2;6900;Pablo;Camilla;BANANAS;SEASHELLS;4999.0;1
-2;7300;Caesar;Paris;BANANAS;SEASHELLS;4995.0;1
-2;7400;Paris;Camilla;BANANAS;SEASHELLS;5000.0;1
-2;7400;Paris;Pablo;BANANAS;SEASHELLS;4996.0;1
-2;7400;Paris;Camilla;PEARLS;SEASHELLS;10002.0;1
-2;7500;Paris;Charlie;PEARLS;SEASHELLS;10002.0;1
-2;8200;Paris;Camilla;BANANAS;SEASHELLS;5000.0;1
-2;8600;Paris;Camilla;BANANAS;SEASHELLS;4999.0;1
-2;8600;Paris;Camilla;PEARLS;SEASHELLS;10002.0;1
-2;8700;Paris;Camilla;PEARLS;SEASHELLS;10002.0;2
-2;8700;Paris;Camilla;BANANAS;SEASHELLS;4999.0;2
-2;8800;Paris;Charlie;PEARLS;SEASHELLS;10002.0;1
-2;8800;Paris;Charlie;BANANAS;SEASHELLS;4999.0;1
-2;9600;Caesar;Penelope;PEARLS;SEASHELLS;10000.0;3
-2;10100;Caesar;Paris;PEARLS;SEASHELLS;9998.0;1
-2;10200;Caesar;Paris;PEARLS;SEASHELLS;9996.0;1
-2;10200;Charlie;Paris;BANANAS;SEASHELLS;4994.0;1
-2;10500;Pablo;Charlie;BANANAS;SEASHELLS;4999.0;5
-2;11100;Paris;Charlie;BANANAS;SEASHELLS;5001.0;2
-2;11100;Paris;Charlie;PEARLS;SEASHELLS;10005.0;2
-2;11300;Charlie;Paris;BANANAS;SEASHELLS;4994.0;1
-2;11400;Charlie;Paris;BANANAS;SEASHELLS;4995.0;1
-2;12800;Charlie;Gary;BANANAS;SEASHELLS;4994.0;13
-2;12900;Paris;Camilla;BANANAS;SEASHELLS;4999.0;1
-2;13000;Charlie;Paris;PEARLS;SEASHELLS;9998.0;1
-2;13500;Camilla;Paris;BANANAS;SEASHELLS;4993.0;1
-2;13600;Caesar;Paris;PEARLS;SEASHELLS;9998.0;1
-2;13900;Charlie;Paris;BANANAS;SEASHELLS;4992.0;2
-2;13900;Caesar;Paris;PEARLS;SEASHELLS;9996.0;1
-2;13900;Charlie;Paris;PEARLS;SEASHELLS;9996.0;1
-2;14000;Penelope;Charlie;PEARLS;SEASHELLS;10005.0;7
-2;14300;Charlie;Paris;BANANAS;SEASHELLS;4992.0;1
-2;15000;Charlie;Paris;BANANAS;SEASHELLS;4992.0;1
-2;15100;Penelope;Charlie;PEARLS;SEASHELLS;10005.0;4
-2;15400;Pablo;Camilla;PEARLS;SEASHELLS;10002.0;5
-2;15800;Gina;Charlie;BANANAS;SEASHELLS;4996.0;8
-2;15800;Gina;Camilla;BANANAS;SEASHELLS;4996.0;2
-2;16500;Gary;Camilla;BANANAS;SEASHELLS;4995.0;9
-2;16500;Gary;Charlie;BANANAS;SEASHELLS;4995.0;5
-2;16700;Charlie;Caesar;BANANAS;SEASHELLS;4994.0;4
-2;16800;Penelope;Charlie;BANANAS;SEASHELLS;4999.0;2
-2;17300;Paris;Camilla;PEARLS;SEASHELLS;10002.0;1
-2;17800;Pablo;Charlie;BANANAS;SEASHELLS;4995.0;5
-2;18100;Caesar;Paris;BANANAS;SEASHELLS;4992.0;1
-2;18200;Charlie;Caesar;BANANAS;SEASHELLS;4994.0;5
-2;18200;Camilla;Paris;PEARLS;SEASHELLS;9998.0;1
-2;18300;Paris;Charlie;PEARLS;SEASHELLS;10005.0;2
-2;18300;Camilla;Paris;PEARLS;SEASHELLS;9998.0;1
-2;18300;Paris;Charlie;BANANAS;SEASHELLS;4998.0;2
-2;18500;Penelope;Charlie;PEARLS;SEASHELLS;10005.0;5
-2;18600;Charlie;Paris;BANANAS;SEASHELLS;4993.0;1
-2;19200;Charlie;Paris;BANANAS;SEASHELLS;4992.0;1
-2;19400;Camilla;Paris;BANANAS;SEASHELLS;4991.0;1
-2;19500;Paris;Charlie;PEARLS;SEASHELLS;10002.0;1
-2;19600;Pablo;Charlie;BANANAS;SEASHELLS;4995.0;1
-2;19600;Pablo;Charlie;PEARLS;SEASHELLS;10002.0;1
-2;19900;Paris;Charlie;PEARLS;SEASHELLS;10002.0;1
-2;20200;Pablo;Charlie;PEARLS;SEASHELLS;10002.0;1
-2;20300;Penelope;Caesar;BANANAS;SEASHELLS;4998.0;1
-2;20300;Paris;Charlie;BANANAS;SEASHELLS;4997.0;1
-2;20300;Penelope;Charlie;BANANAS;SEASHELLS;4998.0;5
-2;20300;Pablo;Charlie;BANANAS;SEASHELLS;4996.0;5
-2;20400;Charlie;Penelope;BANANAS;SEASHELLS;4992.0;2
-2;20600;Charlie;Paris;PEARLS;SEASHELLS;9998.0;1
-2;20600;Charlie;Gary;PEARLS;SEASHELLS;9995.0;9
-2;20900;Paris;Charlie;BANANAS;SEASHELLS;4998.0;1
-2;20900;Paris;Paris;PEARLS;SEASHELLS;9998.0;1
-2;21300;Paris;Camilla;BANANAS;SEASHELLS;4996.0;1
-2;21300;Paris;Camilla;PEARLS;SEASHELLS;10002.0;1
-2;22300;Charlie;Paris;BANANAS;SEASHELLS;4990.0;1
-2;22700;Gary;Pablo;PEARLS;SEASHELLS;9998.0;1
-2;23000;Gina;Pablo;PEARLS;SEASHELLS;9998.0;4
-2;23100;Paris;Pablo;BANANAS;SEASHELLS;4990.0;1
-2;23300;Caesar;Pablo;PEARLS;SEASHELLS;9998.0;2
-2;23900;Charlie;Pablo;PEARLS;SEASHELLS;9998.0;3
-2;23900;Charlie;Penelope;PEARLS;SEASHELLS;9995.0;8
-2;24300;Paris;Penelope;PEARLS;SEASHELLS;10002.0;1
-2;24500;Paris;Charlie;BANANAS;SEASHELLS;4993.0;1
-2;24600;Gary;Charlie;BANANAS;SEASHELLS;4994.0;16
-2;24600;Charlie;Penelope;PEARLS;SEASHELLS;9996.0;2
-2;24600;Caesar;Penelope;PEARLS;SEASHELLS;9996.0;2
-2;25100;Paris;Charlie;BANANAS;SEASHELLS;4992.0;1
-2;25100;Paris;Charlie;PEARLS;SEASHELLS;10002.0;1
-2;25600;Paris;Caesar;PEARLS;SEASHELLS;10004.0;2
-2;25600;Paris;Charlie;BANANAS;SEASHELLS;4993.0;2
-2;25700;Gina;Camilla;PEARLS;SEASHELLS;10002.0;8
-2;25700;Gina;Charlie;PEARLS;SEASHELLS;10002.0;3
-2;26300;Camilla;Paris;BANANAS;SEASHELLS;4986.0;1
-2;26400;Charlie;Paris;BANANAS;SEASHELLS;4985.0;1
-2;26400;Gary;Charlie;PEARLS;SEASHELLS;10005.0;9
-2;26600;Gary;Charlie;BANANAS;SEASHELLS;4991.0;15
-2;26700;Paris;Charlie;BANANAS;SEASHELLS;4990.0;1
-2;27000;Paris;Charlie;PEARLS;SEASHELLS;10002.0;1
-2;27200;Charlie;Paris;BANANAS;SEASHELLS;4985.0;1
-2;27700;Charlie;Pablo;PEARLS;SEASHELLS;9998.0;1
-2;27700;Caesar;Pablo;PEARLS;SEASHELLS;9998.0;3
-2;27900;Pablo;Charlie;PEARLS;SEASHELLS;10002.0;4
-2;28000;Paris;Charlie;PEARLS;SEASHELLS;10005.0;1
-2;28000;Paris;Charlie;BANANAS;SEASHELLS;4991.0;1
-2;28300;Charlie;Gina;BANANAS;SEASHELLS;4985.0;12
-2;28300;Paris;Pablo;PEARLS;SEASHELLS;9998.0;1
-2;28300;Paris;Pablo;BANANAS;SEASHELLS;4985.0;1
-2;28300;Charlie;Pablo;PEARLS;SEASHELLS;9998.0;2
-2;28300;Charlie;Pablo;BANANAS;SEASHELLS;4985.0;2
-2;28500;Charlie;Pablo;BANANAS;SEASHELLS;4985.0;3
-2;28600;Penelope;Charlie;BANANAS;SEASHELLS;4989.0;1
-2;28600;Penelope;Camilla;BANANAS;SEASHELLS;4989.0;2
-2;28600;Charlie;Paris;PEARLS;SEASHELLS;9998.0;1
-2;29400;Paris;Charlie;PEARLS;SEASHELLS;10005.0;2
-2;29400;Paris;Charlie;BANANAS;SEASHELLS;4990.0;2
-2;29500;Camilla;Pablo;PEARLS;SEASHELLS;9998.0;3
-2;29500;Charlie;Pablo;PEARLS;SEASHELLS;9998.0;2
-2;29900;Pablo;Charlie;BANANAS;SEASHELLS;4989.0;5
-2;29900;Paris;Charlie;BANANAS;SEASHELLS;4990.0;1
-2;30300;Paris;Camilla;BANANAS;SEASHELLS;4989.0;1
-2;30400;Charlie;Paris;BANANAS;SEASHELLS;4984.0;1
-2;30400;Penelope;Caesar;PEARLS;SEASHELLS;10004.0;1
-2;30400;Penelope;Charlie;PEARLS;SEASHELLS;10004.0;6
-2;30900;Camilla;Paris;BANANAS;SEASHELLS;4984.0;1
-2;31000;Caesar;Paris;PEARLS;SEASHELLS;9996.0;1
-2;31000;Charlie;Paris;BANANAS;SEASHELLS;4984.0;1
-2;31200;Charlie;Paris;BANANAS;SEASHELLS;4985.0;1
-2;31300;Charlie;Paris;PEARLS;SEASHELLS;9998.0;1
-2;31300;Paris;Camilla;BANANAS;SEASHELLS;4990.0;1
-2;31600;Pablo;Charlie;PEARLS;SEASHELLS;10002.0;3
-2;31800;Paris;Charlie;PEARLS;SEASHELLS;10002.0;1
-2;32100;Pablo;Camilla;PEARLS;SEASHELLS;10002.0;4
-2;32500;Paris;Charlie;PEARLS;SEASHELLS;10002.0;1
-2;32700;Paris;Charlie;BANANAS;SEASHELLS;4987.0;1
-2;32800;Caesar;Penelope;PEARLS;SEASHELLS;9996.0;2
-2;32800;Charlie;Paris;PEARLS;SEASHELLS;9995.0;2
-2;32800;Caesar;Paris;BANANAS;SEASHELLS;4982.0;2
-2;33100;Gary;Charlie;BANANAS;SEASHELLS;4987.0;8
-2;33100;Gary;Camilla;BANANAS;SEASHELLS;4987.0;5
-2;33200;Camilla;Paris;BANANAS;SEASHELLS;4983.0;1
-2;33300;Paris;Charlie;BANANAS;SEASHELLS;4988.0;1
-2;33500;Pablo;Camilla;PEARLS;SEASHELLS;10002.0;3
-2;33800;Charlie;Penelope;BANANAS;SEASHELLS;4983.0;2
-2;33900;Paris;Charlie;BANANAS;SEASHELLS;4987.0;1
-2;34000;Paris;Paris;BANANAS;SEASHELLS;4988.0;1
-2;34000;Camilla;Paris;PEARLS;SEASHELLS;9998.0;1
-2;34100;Pablo;Charlie;PEARLS;SEASHELLS;10002.0;1
-2;34900;Charlie;Paris;BANANAS;SEASHELLS;4981.0;1
-2;35300;Charlie;Paris;BANANAS;SEASHELLS;4981.0;1
-2;35600;Paris;Charlie;PEARLS;SEASHELLS;10002.0;1
-2;35700;Charlie;Gary;BANANAS;SEASHELLS;4982.0;14
-2;35700;Charlie;Paris;BANANAS;SEASHELLS;4982.0;1
-2;36300;Paris;Charlie;BANANAS;SEASHELLS;4989.0;1
-2;36300;Paris;Charlie;PEARLS;SEASHELLS;10005.0;1
-2;36500;Penelope;Charlie;PEARLS;SEASHELLS;10005.0;4
-2;36800;Charlie;Paris;BANANAS;SEASHELLS;4982.0;1
-2;37300;Caesar;Paris;BANANAS;SEASHELLS;4983.0;1
-2;37400;Paris;Charlie;PEARLS;SEASHELLS;10002.0;1
-2;37400;Charlie;Pablo;BANANAS;SEASHELLS;4984.0;2
-2;37900;Charlie;Penelope;PEARLS;SEASHELLS;9995.0;4
-2;38300;Gary;Charlie;BANANAS;SEASHELLS;4990.0;13
-2;38400;Penelope;Caesar;PEARLS;SEASHELLS;10004.0;2
-2;38500;Gina;Charlie;PEARLS;SEASHELLS;10002.0;6
-2;38500;Paris;Charlie;BANANAS;SEASHELLS;4989.0;1
-2;38900;Charlie;Paris;BANANAS;SEASHELLS;4984.0;1
-2;38900;Charlie;Paris;BANANAS;SEASHELLS;4984.0;2
-2;38900;Charlie;Paris;PEARLS;SEASHELLS;9995.0;2
-2;39100;Penelope;Camilla;PEARLS;SEASHELLS;10002.0;5
-2;39300;Caesar;Paris;PEARLS;SEASHELLS;9996.0;1
-2;39300;Charlie;Paris;BANANAS;SEASHELLS;4984.0;1
-2;39400;Charlie;Paris;BANANAS;SEASHELLS;4984.0;1
-2;39500;Paris;Charlie;BANANAS;SEASHELLS;4989.0;1
-2;40500;Caesar;Gina;BANANAS;SEASHELLS;4983.0;1
-2;40600;Charlie;Paris;BANANAS;SEASHELLS;4983.0;1
-2;41100;Charlie;Paris;BANANAS;SEASHELLS;4983.0;1
-2;41500;Paris;Caesar;PEARLS;SEASHELLS;10002.0;1
-2;41500;Penelope;Caesar;PEARLS;SEASHELLS;10000.0;2
-2;41600;Charlie;Paris;BANANAS;SEASHELLS;4982.0;1
-2;41600;Charlie;Paris;PEARLS;SEASHELLS;9995.0;1
-2;42300;Penelope;Camilla;BANANAS;SEASHELLS;4987.0;7
-2;42900;Paris;Camilla;BANANAS;SEASHELLS;4988.0;1
-2;42900;Paris;Camilla;PEARLS;SEASHELLS;10002.0;1
-2;43100;Paris;Charlie;BANANAS;SEASHELLS;4990.0;2
-2;43100;Paris;Charlie;PEARLS;SEASHELLS;10005.0;2
-2;43400;Paris;Charlie;PEARLS;SEASHELLS;10002.0;1
-2;43500;Charlie;Paris;BANANAS;SEASHELLS;4984.0;1
-2;43700;Camilla;Paris;PEARLS;SEASHELLS;9998.0;1
-2;43900;Paris;Caesar;PEARLS;SEASHELLS;10004.0;2
-2;43900;Camilla;Paris;BANANAS;SEASHELLS;4984.0;1
-2;43900;Paris;Charlie;BANANAS;SEASHELLS;4990.0;2
-2;44000;Charlie;Paris;PEARLS;SEASHELLS;9998.0;1
-2;44700;Paris;Charlie;BANANAS;SEASHELLS;4989.0;1
-2;44800;Caesar;Gary;PEARLS;SEASHELLS;9996.0;1
-2;45100;Caesar;Paris;PEARLS;SEASHELLS;9996.0;1
-2;45100;Caesar;Paris;BANANAS;SEASHELLS;4986.0;1
-2;45600;Gary;Camilla;BANANAS;SEASHELLS;4990.0;8
-2;45800;Charlie;Gary;PEARLS;SEASHELLS;9996.0;10
-2;45800;Charlie;Pablo;BANANAS;SEASHELLS;4987.0;1
-2;45800;Caesar;Gary;PEARLS;SEASHELLS;9996.0;1
-2;45900;Gina;Camilla;BANANAS;SEASHELLS;4991.0;8
-2;45900;Gina;Charlie;BANANAS;SEASHELLS;4991.0;4
-2;46200;Caesar;Paris;PEARLS;SEASHELLS;9998.0;1
-2;46300;Charlie;Paris;PEARLS;SEASHELLS;9995.0;1
-2;46300;Charlie;Paris;BANANAS;SEASHELLS;4987.0;1
-2;46800;Caesar;Paris;PEARLS;SEASHELLS;9996.0;1
-2;46800;Charlie;Paris;BANANAS;SEASHELLS;4988.0;2
-2;46800;Charlie;Paris;BANANAS;SEASHELLS;4988.0;1
-2;47200;Paris;Camilla;BANANAS;SEASHELLS;4993.0;1
-2;47300;Caesar;Gina;BANANAS;SEASHELLS;4988.0;2
-2;47400;Charlie;Paris;BANANAS;SEASHELLS;4987.0;1
-2;47700;Charlie;Paris;BANANAS;SEASHELLS;4988.0;1
-2;48200;Charlie;Caesar;BANANAS;SEASHELLS;4990.0;5
-2;48300;Charlie;Paris;PEARLS;SEASHELLS;9995.0;1
-2;48300;Caesar;Paris;BANANAS;SEASHELLS;4991.0;1
-2;48600;Paris;Caesar;PEARLS;SEASHELLS;10004.0;1
-2;48600;Paris;Caesar;BANANAS;SEASHELLS;4992.0;1
-2;48600;Camilla;Paris;BANANAS;SEASHELLS;4989.0;1
-2;48900;Charlie;Paris;BANANAS;SEASHELLS;4990.0;1
-2;49300;Paris;Charlie;BANANAS;SEASHELLS;4996.0;1
-2;49300;Paris;Charlie;PEARLS;SEASHELLS;10005.0;1
-2;49400;Charlie;Paris;BANANAS;SEASHELLS;4990.0;1
-2;49700;Charlie;Paris;PEARLS;SEASHELLS;9995.0;2
-2;49700;Charlie;Paris;BANANAS;SEASHELLS;4990.0;2
-2;49900;Charlie;Paris;BANANAS;SEASHELLS;4989.0;1
-2;50200;Caesar;Paris;PEARLS;SEASHELLS;9996.0;1
-2;50200;Caesar;Paris;BANANAS;SEASHELLS;4990.0;1
-2;50300;Charlie;Paris;BANANAS;SEASHELLS;4989.0;1
-2;50400;Caesar;Paris;BANANAS;SEASHELLS;4989.0;2
-2;50400;Caesar;Paris;PEARLS;SEASHELLS;9996.0;2
-2;50900;Caesar;Penelope;PEARLS;SEASHELLS;9996.0;2
-2;51000;Charlie;Paris;BANANAS;SEASHELLS;4989.0;1
-2;51000;Charlie;Paris;PEARLS;SEASHELLS;9998.0;1
-2;51300;Paris;Charlie;BANANAS;SEASHELLS;4994.0;1
-2;51500;Charlie;Gary;BANANAS;SEASHELLS;4988.0;13
-2;51600;Paris;Camilla;BANANAS;SEASHELLS;4993.0;1
-2;51600;Paris;Camilla;PEARLS;SEASHELLS;10002.0;1
-2;51900;Gina;Camilla;PEARLS;SEASHELLS;10002.0;2
-2;52000;Charlie;Pablo;PEARLS;SEASHELLS;9998.0;2
-2;52200;Caesar;Paris;BANANAS;SEASHELLS;4989.0;1
-2;52300;Charlie;Paris;BANANAS;SEASHELLS;4988.0;1
-2;52700;Pablo;Charlie;PEARLS;SEASHELLS;10002.0;3
-2;53000;Camilla;Paris;PEARLS;SEASHELLS;9998.0;1
-2;53200;Paris;Charlie;PEARLS;SEASHELLS;10002.0;1
-2;53300;Charlie;Pablo;PEARLS;SEASHELLS;9998.0;2
-2;53400;Penelope;Charlie;BANANAS;SEASHELLS;4994.0;10
-2;53500;Paris;Camilla;BANANAS;SEASHELLS;4993.0;1
-2;53600;Camilla;Gary;BANANAS;SEASHELLS;4988.0;2
-2;53600;Charlie;Paris;BANANAS;SEASHELLS;4987.0;1
-2;53600;Charlie;Gary;BANANAS;SEASHELLS;4988.0;15
-2;53600;Camilla;Paris;PEARLS;SEASHELLS;9998.0;1
-2;53700;Paris;Caesar;PEARLS;SEASHELLS;10004.0;2
-2;53700;Paris;Pablo;BANANAS;SEASHELLS;4989.0;2
-2;53900;Paris;Camilla;PEARLS;SEASHELLS;10002.0;1
-2;54300;Charlie;Paris;PEARLS;SEASHELLS;9998.0;1
-2;54600;Caesar;Penelope;PEARLS;SEASHELLS;9996.0;1
-2;54600;Charlie;Penelope;PEARLS;SEASHELLS;9996.0;5
-2;54600;Charlie;Paris;BANANAS;SEASHELLS;4990.0;1
-2;54600;Charlie;Pablo;BANANAS;SEASHELLS;4991.0;3
-2;54700;Paris;Charlie;BANANAS;SEASHELLS;4995.0;1
-2;54900;Pablo;Camilla;PEARLS;SEASHELLS;10002.0;3
-2;55200;Paris;Charlie;BANANAS;SEASHELLS;4995.0;1
-2;56100;Paris;Charlie;BANANAS;SEASHELLS;4996.0;1
-2;56100;Paris;Caesar;PEARLS;SEASHELLS;10004.0;1
-2;56500;Camilla;Paris;PEARLS;SEASHELLS;9998.0;1
-2;56500;Gina;Paris;BANANAS;SEASHELLS;4991.0;1
-2;56500;Gina;Charlie;BANANAS;SEASHELLS;4995.0;11
-2;56700;Paris;Charlie;PEARLS;SEASHELLS;10002.0;1
-2;56700;Charlie;Penelope;BANANAS;SEASHELLS;4991.0;4
-2;56700;Caesar;Penelope;BANANAS;SEASHELLS;4991.0;2
-2;57000;Paris;Caesar;PEARLS;SEASHELLS;10004.0;1
-2;57000;Paris;Charlie;BANANAS;SEASHELLS;4997.0;1
-2;57100;Paris;Charlie;PEARLS;SEASHELLS;10002.0;1
-2;57200;Paris;Charlie;PEARLS;SEASHELLS;10002.0;1
-2;57300;Paris;Charlie;PEARLS;SEASHELLS;10002.0;1
-2;57400;Paris;Camilla;BANANAS;SEASHELLS;4997.0;1
-2;57700;Caesar;Paris;BANANAS;SEASHELLS;4991.0;1
-2;57700;Pablo;Paris;PEARLS;SEASHELLS;10002.0;2
-2;57800;Charlie;Paris;BANANAS;SEASHELLS;4990.0;1
-2;58000;Paris;Pablo;BANANAS;SEASHELLS;4991.0;1
-2;58400;Caesar;Penelope;PEARLS;SEASHELLS;9996.0;1
-2;58600;Penelope;Camilla;BANANAS;SEASHELLS;4995.0;10
-2;58600;Charlie;Paris;PEARLS;SEASHELLS;9998.0;1
-2;58800;Charlie;Paris;BANANAS;SEASHELLS;4989.0;1
-2;59500;Penelope;Charlie;PEARLS;SEASHELLS;10005.0;4
-2;59700;Gina;Camilla;PEARLS;SEASHELLS;10002.0;6
-2;60000;Paris;Charlie;BANANAS;SEASHELLS;4991.0;1
-2;60200;Charlie;Paris;BANANAS;SEASHELLS;4988.0;1
-2;60200;Caesar;Paris;PEARLS;SEASHELLS;9996.0;1
-2;60200;Charlie;Paris;PEARLS;SEASHELLS;9996.0;1
-2;60200;Caesar;Paris;BANANAS;SEASHELLS;4988.0;1
-2;60300;Caesar;Gary;PEARLS;SEASHELLS;9996.0;2
-2;60300;Charlie;Gary;PEARLS;SEASHELLS;9996.0;6
-2;60300;Gina;Charlie;BANANAS;SEASHELLS;4991.0;13
-2;60400;Paris;Pablo;PEARLS;SEASHELLS;9998.0;1
-2;60500;Charlie;Paris;PEARLS;SEASHELLS;9998.0;1
-2;60600;Caesar;Paris;BANANAS;SEASHELLS;4988.0;1
-2;60800;Charlie;Penelope;BANANAS;SEASHELLS;4987.0;2
-2;61100;Paris;Charlie;PEARLS;SEASHELLS;10005.0;2
-2;61100;Paris;Charlie;PEARLS;SEASHELLS;10002.0;1
-2;61100;Paris;Charlie;BANANAS;SEASHELLS;4994.0;2
-2;61300;Paris;Charlie;BANANAS;SEASHELLS;4992.0;1
-2;62300;Paris;Caesar;PEARLS;SEASHELLS;10004.0;1
-2;62300;Paris;Charlie;BANANAS;SEASHELLS;4995.0;1
-2;62400;Charlie;Pablo;BANANAS;SEASHELLS;4989.0;5
-2;62500;Pablo;Charlie;BANANAS;SEASHELLS;4992.0;3
-2;62500;Pablo;Camilla;BANANAS;SEASHELLS;4992.0;2
-2;62600;Charlie;Paris;BANANAS;SEASHELLS;4988.0;1
-2;62900;Charlie;Gary;BANANAS;SEASHELLS;4990.0;15
-2;62900;Caesar;Gary;BANANAS;SEASHELLS;4990.0;1
-2;63200;Camilla;Paris;PEARLS;SEASHELLS;9998.0;1
-2;63200;Camilla;Paris;BANANAS;SEASHELLS;4991.0;1
-2;63300;Paris;Charlie;BANANAS;SEASHELLS;4996.0;2
-2;63300;Paris;Paris;PEARLS;SEASHELLS;9998.0;1
-2;63500;Charlie;Gina;PEARLS;SEASHELLS;9998.0;6
-2;63700;Caesar;Penelope;PEARLS;SEASHELLS;9996.0;1
-2;64200;Charlie;Paris;BANANAS;SEASHELLS;4989.0;2
-2;64200;Charlie;Paris;PEARLS;SEASHELLS;9995.0;2
-2;64500;Paris;Charlie;PEARLS;SEASHELLS;10005.0;2
-2;64500;Paris;Camilla;BANANAS;SEASHELLS;4994.0;1
-2;64500;Paris;Camilla;PEARLS;SEASHELLS;10002.0;1
-2;64500;Paris;Charlie;BANANAS;SEASHELLS;4994.0;1
-2;64900;Penelope;Charlie;PEARLS;SEASHELLS;10005.0;2
-2;65300;Caesar;Penelope;PEARLS;SEASHELLS;10000.0;2
-2;65300;Caesar;Paris;PEARLS;SEASHELLS;9998.0;1
-2;65400;Caesar;Paris;BANANAS;SEASHELLS;4987.0;1
-2;65500;Charlie;Paris;PEARLS;SEASHELLS;9998.0;1
-2;65600;Charlie;Paris;BANANAS;SEASHELLS;4986.0;1
-2;65600;Charlie;Paris;PEARLS;SEASHELLS;9995.0;1
-2;65800;Caesar;Paris;PEARLS;SEASHELLS;9996.0;1
-2;65800;Charlie;Paris;BANANAS;SEASHELLS;4986.0;1
-2;65900;Charlie;Paris;PEARLS;SEASHELLS;9998.0;1
-2;66000;Camilla;Paris;PEARLS;SEASHELLS;9998.0;1
-2;66700;Charlie;Pablo;PEARLS;SEASHELLS;9998.0;2
-2;67000;Caesar;Paris;BANANAS;SEASHELLS;4985.0;1
-2;67200;Paris;Camilla;BANANAS;SEASHELLS;4989.0;1
-2;67400;Charlie;Paris;BANANAS;SEASHELLS;4983.0;2
-2;67400;Caesar;Paris;PEARLS;SEASHELLS;9996.0;1
-2;67500;Caesar;Penelope;BANANAS;SEASHELLS;4984.0;2
-2;67500;Charlie;Penelope;BANANAS;SEASHELLS;4984.0;6
-2;67900;Camilla;Paris;PEARLS;SEASHELLS;9998.0;2
-2;67900;Camilla;Paris;BANANAS;SEASHELLS;4984.0;2
-2;67900;Charlie;Caesar;BANANAS;SEASHELLS;4986.0;1
-2;68000;Pablo;Charlie;PEARLS;SEASHELLS;10002.0;5
-2;68000;Gina;Paris;BANANAS;SEASHELLS;4984.0;1
-2;68000;Penelope;Charlie;PEARLS;SEASHELLS;10005.0;3
-2;68100;Pablo;Camilla;PEARLS;SEASHELLS;10002.0;1
-2;68200;Paris;Charlie;BANANAS;SEASHELLS;4989.0;1
-2;68300;Charlie;Paris;BANANAS;SEASHELLS;4983.0;1
-2;68500;Gary;Caesar;BANANAS;SEASHELLS;4990.0;2
-2;68500;Paris;Charlie;PEARLS;SEASHELLS;10002.0;1
-2;68500;Gary;Charlie;BANANAS;SEASHELLS;4990.0;10
-2;68800;Charlie;Gina;BANANAS;SEASHELLS;4985.0;9
-2;68900;Paris;Charlie;BANANAS;SEASHELLS;4989.0;1
-2;68900;Pablo;Charlie;PEARLS;SEASHELLS;10002.0;1
-2;69300;Paris;Charlie;PEARLS;SEASHELLS;10005.0;2
-2;69300;Paris;Charlie;BANANAS;SEASHELLS;4990.0;2
-2;69400;Paris;Charlie;BANANAS;SEASHELLS;4989.0;1
-2;69600;Charlie;Pablo;BANANAS;SEASHELLS;4985.0;2
-2;70400;Charlie;Paris;BANANAS;SEASHELLS;4980.0;1
-2;70500;Charlie;Penelope;BANANAS;SEASHELLS;4979.0;3
-2;70700;Charlie;Gina;BANANAS;SEASHELLS;4980.0;10
-2;71400;Charlie;Paris;BANANAS;SEASHELLS;4980.0;1
-2;71600;Charlie;Gary;PEARLS;SEASHELLS;9995.0;10
-2;73400;Charlie;Pablo;BANANAS;SEASHELLS;4982.0;1
-2;73700;Penelope;Charlie;BANANAS;SEASHELLS;4987.0;9
-2;73900;Charlie;Paris;BANANAS;SEASHELLS;4980.0;1
-2;74100;Paris;Charlie;PEARLS;SEASHELLS;10002.0;1
-2;74200;Paris;Camilla;BANANAS;SEASHELLS;4984.0;1
-2;74300;Pablo;Charlie;BANANAS;SEASHELLS;4983.0;1
-2;74400;Paris;Caesar;PEARLS;SEASHELLS;10004.0;1
-2;74400;Paris;Charlie;BANANAS;SEASHELLS;4985.0;2
-2;74900;Paris;Charlie;PEARLS;SEASHELLS;10002.0;1
-2;75200;Charlie;Paris;BANANAS;SEASHELLS;4978.0;1
-2;75200;Caesar;Paris;PEARLS;SEASHELLS;9996.0;1
-2;75300;Pablo;Caesar;BANANAS;SEASHELLS;4983.0;3
-2;75500;Charlie;Paris;BANANAS;SEASHELLS;4979.0;1
-2;76200;Charlie;Penelope;BANANAS;SEASHELLS;4979.0;6
-2;76200;Camilla;Penelope;BANANAS;SEASHELLS;4979.0;5
-2;76400;Caesar;Penelope;BANANAS;SEASHELLS;4978.0;1
-2;76400;Paris;Caesar;PEARLS;SEASHELLS;10002.0;1
-2;76400;Caesar;Paris;BANANAS;SEASHELLS;4978.0;1
-2;76400;Charlie;Penelope;BANANAS;SEASHELLS;4978.0;7
-2;77700;Camilla;Pablo;PEARLS;SEASHELLS;9998.0;5
-2;77800;Paris;Charlie;BANANAS;SEASHELLS;4981.0;1
-2;78000;Pablo;Charlie;PEARLS;SEASHELLS;10002.0;2
-2;78100;Paris;Charlie;BANANAS;SEASHELLS;4979.0;1
-2;78300;Charlie;Paris;PEARLS;SEASHELLS;9995.0;2
-2;78300;Charlie;Paris;BANANAS;SEASHELLS;4974.0;2
-2;78400;Camilla;Penelope;BANANAS;SEASHELLS;4976.0;1
-2;78400;Charlie;Penelope;BANANAS;SEASHELLS;4976.0;7
-2;78800;Charlie;Paris;BANANAS;SEASHELLS;4974.0;1
-2;78800;Penelope;Charlie;BANANAS;SEASHELLS;4981.0;10
-2;79000;Paris;Charlie;PEARLS;SEASHELLS;10005.0;2
-2;79000;Gary;Caesar;PEARLS;SEASHELLS;10004.0;1
-2;79000;Paris;Charlie;BANANAS;SEASHELLS;4981.0;2
-2;79500;Charlie;Gary;BANANAS;SEASHELLS;4975.0;20
-2;79500;Paris;Charlie;PEARLS;SEASHELLS;10002.0;1
-2;80100;Paris;Camilla;BANANAS;SEASHELLS;4979.0;1
-2;80300;Paris;Charlie;PEARLS;SEASHELLS;10002.0;1
-2;80500;Caesar;Paris;BANANAS;SEASHELLS;4973.0;1
-2;80800;Paris;Camilla;PEARLS;SEASHELLS;10002.0;1
-2;80900;Caesar;Paris;BANANAS;SEASHELLS;4973.0;1
-2;81300;Paris;Camilla;BANANAS;SEASHELLS;4978.0;1
-2;81300;Charlie;Pablo;PEARLS;SEASHELLS;9998.0;1
-2;81700;Paris;Camilla;PEARLS;SEASHELLS;10002.0;1
-2;81800;Camilla;Paris;PEARLS;SEASHELLS;9998.0;1
-2;81800;Camilla;Paris;BANANAS;SEASHELLS;4973.0;1
-2;82000;Pablo;Charlie;BANANAS;SEASHELLS;4976.0;5
-2;82100;Charlie;Paris;BANANAS;SEASHELLS;4972.0;1
-2;82300;Gary;Caesar;PEARLS;SEASHELLS;10004.0;1
-2;82600;Camilla;Paris;BANANAS;SEASHELLS;4972.0;1
-2;83200;Caesar;Paris;PEARLS;SEASHELLS;9996.0;1
-2;83200;Charlie;Paris;BANANAS;SEASHELLS;4972.0;2
-2;83200;Charlie;Paris;PEARLS;SEASHELLS;9996.0;1
-2;83300;Charlie;Penelope;BANANAS;SEASHELLS;4972.0;11
-2;83600;Charlie;Penelope;BANANAS;SEASHELLS;4972.0;8
-2;83700;Penelope;Caesar;PEARLS;SEASHELLS;10004.0;1
-2;84200;Charlie;Penelope;BANANAS;SEASHELLS;4972.0;8
-2;84200;Paris;Camilla;BANANAS;SEASHELLS;4977.0;1
-2;84200;Caesar;Penelope;BANANAS;SEASHELLS;4972.0;2
-2;84500;Charlie;Penelope;BANANAS;SEASHELLS;4972.0;2
-2;84600;Paris;Charlie;BANANAS;SEASHELLS;4979.0;2
-2;84600;Paris;Caesar;PEARLS;SEASHELLS;10004.0;2
-2;84700;Paris;Charlie;BANANAS;SEASHELLS;4978.0;1
-2;85000;Charlie;Pablo;PEARLS;SEASHELLS;9998.0;5
-2;85200;Charlie;Pablo;BANANAS;SEASHELLS;4973.0;3
-2;85700;Charlie;Paris;PEARLS;SEASHELLS;9995.0;2
-2;85700;Penelope;Charlie;PEARLS;SEASHELLS;10005.0;4
-2;85700;Charlie;Penelope;BANANAS;SEASHELLS;4972.0;8
-2;85700;Charlie;Paris;BANANAS;SEASHELLS;4972.0;2
-2;85800;Charlie;Gary;BANANAS;SEASHELLS;4974.0;13
-2;85800;Camilla;Gary;BANANAS;SEASHELLS;4974.0;7
-2;85900;Camilla;Paris;BANANAS;SEASHELLS;4974.0;1
-2;85900;Camilla;Penelope;PEARLS;SEASHELLS;9998.0;2
-2;86000;Paris;Camilla;BANANAS;SEASHELLS;4978.0;1
-2;86000;Caesar;Paris;BANANAS;SEASHELLS;4974.0;1
-2;86000;Paris;Camilla;PEARLS;SEASHELLS;10002.0;1
-2;86200;Charlie;Pablo;BANANAS;SEASHELLS;4976.0;2
-2;86300;Charlie;Paris;BANANAS;SEASHELLS;4975.0;1
-2;86300;Charlie;Paris;PEARLS;SEASHELLS;9998.0;1
-2;86500;Paris;Charlie;PEARLS;SEASHELLS;10002.0;1
-2;86700;Charlie;Gary;BANANAS;SEASHELLS;4975.0;14
-2;87200;Camilla;Paris;BANANAS;SEASHELLS;4977.0;1
-2;87400;Charlie;Gary;BANANAS;SEASHELLS;4975.0;13
-2;87500;Charlie;Penelope;BANANAS;SEASHELLS;4976.0;9
-2;87900;Pablo;Charlie;PEARLS;SEASHELLS;10002.0;4
-2;87900;Gary;Charlie;BANANAS;SEASHELLS;4982.0;12
-2;88200;Charlie;Pablo;BANANAS;SEASHELLS;4977.0;3
-2;88300;Penelope;Caesar;PEARLS;SEASHELLS;10004.0;2
-2;88500;Pablo;Charlie;PEARLS;SEASHELLS;10002.0;5
-2;88600;Charlie;Paris;PEARLS;SEASHELLS;9998.0;1
-2;88900;Paris;Camilla;BANANAS;SEASHELLS;4982.0;1
-2;89100;Paris;Charlie;BANANAS;SEASHELLS;4983.0;1
-2;90000;Charlie;Paris;BANANAS;SEASHELLS;4977.0;1
-2;90100;Paris;Caesar;PEARLS;SEASHELLS;10004.0;1
-2;90100;Paris;Charlie;BANANAS;SEASHELLS;4983.0;1
-2;90700;Penelope;Camilla;PEARLS;SEASHELLS;10002.0;6
-2;91000;Charlie;Paris;BANANAS;SEASHELLS;4977.0;1
-2;91000;Charlie;Paris;PEARLS;SEASHELLS;9998.0;1
-2;91400;Paris;Charlie;PEARLS;SEASHELLS;10002.0;1
-2;91500;Charlie;Paris;BANANAS;SEASHELLS;4976.0;1
-2;91900;Paris;Charlie;PEARLS;SEASHELLS;10002.0;1
-2;91900;Charlie;Paris;BANANAS;SEASHELLS;4975.0;1
-2;92300;Charlie;Paris;BANANAS;SEASHELLS;4976.0;1
-2;92300;Caesar;Paris;PEARLS;SEASHELLS;9996.0;1
-2;92300;Charlie;Pablo;BANANAS;SEASHELLS;4977.0;1
-2;92500;Charlie;Paris;BANANAS;SEASHELLS;4975.0;1
-2;92500;Charlie;Gina;BANANAS;SEASHELLS;4976.0;11
-2;92600;Charlie;Paris;BANANAS;SEASHELLS;4976.0;1
-2;93000;Paris;Gary;PEARLS;SEASHELLS;10002.0;1
-2;93100;Charlie;Pablo;PEARLS;SEASHELLS;9998.0;1
-2;93300;Camilla;Paris;BANANAS;SEASHELLS;4977.0;1
-2;93300;Camilla;Paris;PEARLS;SEASHELLS;9998.0;1
-2;93400;Pablo;Charlie;BANANAS;SEASHELLS;4980.0;5
-2;93500;Charlie;Paris;PEARLS;SEASHELLS;9998.0;1
-2;93700;Paris;Camilla;PEARLS;SEASHELLS;10002.0;1
-2;93900;Charlie;Paris;PEARLS;SEASHELLS;9998.0;1
-2;94100;Paris;Pablo;BANANAS;SEASHELLS;4976.0;1
-2;94300;Charlie;Paris;BANANAS;SEASHELLS;4974.0;1
-2;94400;Charlie;Paris;BANANAS;SEASHELLS;4974.0;1
-2;94700;Caesar;Gary;PEARLS;SEASHELLS;9996.0;2
-2;94700;Charlie;Gary;PEARLS;SEASHELLS;9996.0;9
-2;94800;Pablo;Camilla;PEARLS;SEASHELLS;10002.0;4
-2;95100;Caesar;Paris;BANANAS;SEASHELLS;4975.0;2
-2;95100;Caesar;Paris;PEARLS;SEASHELLS;9996.0;2
-2;95300;Caesar;Paris;BANANAS;SEASHELLS;4975.0;1
-2;95300;Paris;Charlie;PEARLS;SEASHELLS;10002.0;1
-2;95300;Charlie;Penelope;BANANAS;SEASHELLS;4974.0;2
-2;95600;Pablo;Charlie;BANANAS;SEASHELLS;4979.0;2
-2;95600;Paris;Charlie;BANANAS;SEASHELLS;4980.0;1
-2;95800;Caesar;Paris;BANANAS;SEASHELLS;4976.0;1
-2;95900;Penelope;Charlie;PEARLS;SEASHELLS;10002.0;3
-2;95900;Paris;Camilla;BANANAS;SEASHELLS;4980.0;1
-2;95900;Penelope;Camilla;PEARLS;SEASHELLS;10002.0;5
-2;96100;Charlie;Paris;BANANAS;SEASHELLS;4975.0;1
-2;96100;Charlie;Paris;PEARLS;SEASHELLS;9995.0;1
-2;96200;Gina;Paris;BANANAS;SEASHELLS;4975.0;1
-2;96200;Gina;Camilla;BANANAS;SEASHELLS;4980.0;6
-2;96400;Pablo;Charlie;PEARLS;SEASHELLS;10002.0;3
-2;96800;Paris;Charlie;BANANAS;SEASHELLS;4980.0;1
-2;96900;Penelope;Charlie;PEARLS;SEASHELLS;10005.0;3
-2;97200;Gary;Charlie;PEARLS;SEASHELLS;10005.0;12
-2;97300;Paris;Caesar;PEARLS;SEASHELLS;10004.0;1
-2;97300;Paris;Pablo;BANANAS;SEASHELLS;4975.0;1
-2;97400;Camilla;Paris;PEARLS;SEASHELLS;9998.0;1
-2;97600;Charlie;Paris;PEARLS;SEASHELLS;9998.0;1
-2;97900;Pablo;Charlie;PEARLS;SEASHELLS;10002.0;4
-2;98100;Paris;Caesar;BANANAS;SEASHELLS;4980.0;1
-2;98100;Charlie;Caesar;BANANAS;SEASHELLS;4977.0;3
-2;98100;Paris;Charlie;PEARLS;SEASHELLS;10002.0;1
-2;98200;Charlie;Paris;BANANAS;SEASHELLS;4974.0;1
-2;98300;Charlie;Penelope;BANANAS;SEASHELLS;4974.0;7
-2;98300;Charlie;Paris;PEARLS;SEASHELLS;9998.0;1
-2;98400;Charlie;Paris;BANANAS;SEASHELLS;4975.0;1
-2;98400;Charlie;Caesar;BANANAS;SEASHELLS;4977.0;1
-2;98800;Penelope;Caesar;BANANAS;SEASHELLS;4981.0;2
-2;98800;Caesar;Paris;PEARLS;SEASHELLS;9996.0;1
-2;98800;Penelope;Paris;BANANAS;SEASHELLS;4981.0;1
-2;99000;Charlie;Paris;PEARLS;SEASHELLS;9998.0;1
-2;99000;Charlie;Gina;BANANAS;SEASHELLS;4976.0;11
-2;99500;Gary;Charlie;BANANAS;SEASHELLS;4982.0;19
-2;100100;Gary;Paris;PEARLS;SEASHELLS;9998.0;1
-2;100500;Camilla;Paris;PEARLS;SEASHELLS;9998.0;1
-2;101800;Penelope;Camilla;BANANAS;SEASHELLS;4976.0;2
-2;102200;Paris;Caesar;BANANAS;SEASHELLS;4978.0;2
-2;102200;Paris;Caesar;PEARLS;SEASHELLS;10004.0;2
-2;102300;Pablo;Camilla;PEARLS;SEASHELLS;10002.0;3
-2;102300;Paris;Charlie;PEARLS;SEASHELLS;10002.0;1
-2;102400;Charlie;Paris;BANANAS;SEASHELLS;4972.0;1
-2;102500;Paris;Charlie;PEARLS;SEASHELLS;10002.0;1
-2;102500;Paris;Caesar;BANANAS;SEASHELLS;4977.0;1
-2;102900;Pablo;Charlie;BANANAS;SEASHELLS;4977.0;3
-2;102900;Charlie;Paris;PEARLS;SEASHELLS;9998.0;1
-2;102900;Gary;Charlie;BANANAS;SEASHELLS;4979.0;14
-2;103100;Charlie;Paris;BANANAS;SEASHELLS;4972.0;2
-2;103100;Charlie;Paris;PEARLS;SEASHELLS;9995.0;2
-2;104000;Charlie;Paris;PEARLS;SEASHELLS;9998.0;1
-2;104200;Charlie;Pablo;PEARLS;SEASHELLS;9998.0;2
-2;104200;Paris;Pablo;PEARLS;SEASHELLS;9998.0;1
-2;104300;Charlie;Pablo;PEARLS;SEASHELLS;9998.0;2
-2;104400;Charlie;Paris;BANANAS;SEASHELLS;4970.0;2
-2;104400;Charlie;Paris;PEARLS;SEASHELLS;9995.0;2
-2;104400;Charlie;Paris;PEARLS;SEASHELLS;9998.0;1
-2;104700;Paris;Camilla;PEARLS;SEASHELLS;10002.0;1
-2;104700;Charlie;Paris;BANANAS;SEASHELLS;4971.0;1
-2;104800;Caesar;Paris;BANANAS;SEASHELLS;4971.0;1
-2;104900;Paris;Camilla;BANANAS;SEASHELLS;4976.0;1
-2;105100;Paris;Charlie;PEARLS;SEASHELLS;10002.0;1
-2;105200;Charlie;Paris;BANANAS;SEASHELLS;4970.0;1
-2;105900;Penelope;Camilla;PEARLS;SEASHELLS;10002.0;5
-2;106500;Penelope;Charlie;BANANAS;SEASHELLS;4976.0;11
-2;106700;Charlie;Pablo;BANANAS;SEASHELLS;4971.0;4
-2;106800;Paris;Gina;BANANAS;SEASHELLS;4971.0;2
-2;106800;Charlie;Gina;BANANAS;SEASHELLS;4971.0;9
-2;106800;Paris;Charlie;PEARLS;SEASHELLS;10005.0;2
-2;107000;Charlie;Pablo;BANANAS;SEASHELLS;4971.0;1
-2;107200;Charlie;Penelope;PEARLS;SEASHELLS;9995.0;4
-2;107500;Gary;Camilla;BANANAS;SEASHELLS;4975.0;7
-2;107500;Paris;Camilla;PEARLS;SEASHELLS;10002.0;2
-2;107500;Paris;Charlie;BANANAS;SEASHELLS;4977.0;2
-2;107700;Paris;Caesar;PEARLS;SEASHELLS;10004.0;2
-2;107700;Paris;Caesar;BANANAS;SEASHELLS;4976.0;2
-2;107800;Paris;Camilla;BANANAS;SEASHELLS;4975.0;1
-2;108000;Camilla;Gary;PEARLS;SEASHELLS;9998.0;6
-2;108000;Penelope;Charlie;BANANAS;SEASHELLS;4977.0;12
-2;108000;Charlie;Gary;PEARLS;SEASHELLS;9998.0;5
-2;108300;Charlie;Paris;PEARLS;SEASHELLS;9998.0;1
-2;108400;Paris;Charlie;BANANAS;SEASHELLS;4975.0;1
-2;108500;Penelope;Charlie;BANANAS;SEASHELLS;4977.0;11
-2;108600;Paris;Charlie;PEARLS;SEASHELLS;10002.0;1
-2;108700;Charlie;Gary;PEARLS;SEASHELLS;9995.0;10
-2;108800;Charlie;Paris;BANANAS;SEASHELLS;4970.0;1
-2;108900;Paris;Charlie;BANANAS;SEASHELLS;4977.0;1
-2;108900;Paris;Caesar;PEARLS;SEASHELLS;10004.0;1
-2;109100;Pablo;Camilla;PEARLS;SEASHELLS;10002.0;2
-2;109400;Paris;Charlie;BANANAS;SEASHELLS;4975.0;1
-2;109900;Paris;Charlie;PEARLS;SEASHELLS;10005.0;1
-2;109900;Paris;Charlie;BANANAS;SEASHELLS;4976.0;1
-2;110000;Penelope;Camilla;BANANAS;SEASHELLS;4974.0;4
-2;110400;Charlie;Penelope;BANANAS;SEASHELLS;4969.0;9
-2;111300;Charlie;Paris;PEARLS;SEASHELLS;9995.0;1
-2;111300;Charlie;Paris;BANANAS;SEASHELLS;4970.0;1
-2;111600;Caesar;Penelope;PEARLS;SEASHELLS;9996.0;2
-2;112000;Paris;Camilla;PEARLS;SEASHELLS;10002.0;1
-2;112200;Paris;Camilla;PEARLS;SEASHELLS;10002.0;1
-2;112300;Camilla;Paris;BANANAS;SEASHELLS;4972.0;1
-2;112400;Paris;Camilla;BANANAS;SEASHELLS;4977.0;1
-2;112500;Pablo;Paris;BANANAS;SEASHELLS;4976.0;1
-2;112500;Paris;Charlie;PEARLS;SEASHELLS;10002.0;1
-2;113100;Paris;Charlie;BANANAS;SEASHELLS;4977.0;1
-2;113200;Pablo;Paris;BANANAS;SEASHELLS;4976.0;1
-2;113300;Pablo;Charlie;BANANAS;SEASHELLS;4976.0;1
-2;113400;Paris;Caesar;PEARLS;SEASHELLS;10004.0;1
-2;113400;Paris;Caesar;BANANAS;SEASHELLS;4978.0;1
-2;113700;Paris;Charlie;BANANAS;SEASHELLS;4978.0;1
-2;113800;Caesar;Paris;PEARLS;SEASHELLS;9996.0;1
-2;113800;Charlie;Paris;BANANAS;SEASHELLS;4973.0;1
-2;113900;Gina;Paris;BANANAS;SEASHELLS;4972.0;1
-2;114300;Charlie;Paris;BANANAS;SEASHELLS;4972.0;1
-2;114700;Gary;Charlie;PEARLS;SEASHELLS;10005.0;12
-2;114700;Charlie;Penelope;PEARLS;SEASHELLS;9995.0;4
-2;115000;Charlie;Paris;BANANAS;SEASHELLS;4973.0;1
-2;115200;Charlie;Paris;BANANAS;SEASHELLS;4973.0;1
-2;115300;Paris;Camilla;BANANAS;SEASHELLS;4978.0;1
-2;115400;Charlie;Caesar;BANANAS;SEASHELLS;4974.0;6
-2;115600;Camilla;Paris;PEARLS;SEASHELLS;9998.0;1
-2;115800;Paris;Gary;BANANAS;SEASHELLS;4977.0;1
-2;115800;Charlie;Paris;PEARLS;SEASHELLS;9998.0;1
-2;116700;Paris;Charlie;BANANAS;SEASHELLS;4976.0;1
-2;117700;Paris;Camilla;BANANAS;SEASHELLS;4977.0;1
-2;118000;Charlie;Paris;BANANAS;SEASHELLS;4972.0;1
-2;118000;Charlie;Paris;PEARLS;SEASHELLS;9995.0;1
-2;118200;Gary;Gina;BANANAS;SEASHELLS;4973.0;7
-2;118600;Charlie;Paris;BANANAS;SEASHELLS;4971.0;1
-2;119300;Paris;Camilla;PEARLS;SEASHELLS;10002.0;1
-2;119300;Paris;Camilla;BANANAS;SEASHELLS;4976.0;1
-2;119400;Charlie;Penelope;BANANAS;SEASHELLS;4971.0;8
-2;119500;Camilla;Paris;BANANAS;SEASHELLS;4972.0;1
-2;119700;Caesar;Paris;BANANAS;SEASHELLS;4972.0;1
-2;120200;Paris;Camilla;PEARLS;SEASHELLS;10002.0;1
-2;120500;Charlie;Pablo;PEARLS;SEASHELLS;9998.0;3
-2;120700;Charlie;Paris;BANANAS;SEASHELLS;4970.0;1
-2;120800;Caesar;Paris;PEARLS;SEASHELLS;10000.0;2
-2;120800;Paris;Paris;BANANAS;SEASHELLS;4975.0;1
-2;120900;Charlie;Paris;PEARLS;SEASHELLS;9998.0;1
-2;121800;Gina;Pablo;PEARLS;SEASHELLS;9998.0;2
-2;122300;Penelope;Charlie;PEARLS;SEASHELLS;10004.0;3
-2;122300;Penelope;Caesar;PEARLS;SEASHELLS;10004.0;2
-2;122700;Charlie;Paris;BANANAS;SEASHELLS;4970.0;1
-2;123000;Charlie;Paris;PEARLS;SEASHELLS;9998.0;1
-2;123000;Charlie;Paris;BANANAS;SEASHELLS;4972.0;1
-2;123100;Caesar;Penelope;BANANAS;SEASHELLS;4975.0;5
-2;123100;Caesar;Paris;BANANAS;SEASHELLS;4972.0;1
-2;123200;Paris;Camilla;BANANAS;SEASHELLS;4977.0;1
-2;124000;Penelope;Charlie;BANANAS;SEASHELLS;4977.0;7
-2;124000;Penelope;Caesar;BANANAS;SEASHELLS;4977.0;1
-2;124000;Paris;Charlie;BANANAS;SEASHELLS;4976.0;1
-2;124200;Penelope;Charlie;BANANAS;SEASHELLS;4977.0;7
-2;124400;Paris;Charlie;PEARLS;SEASHELLS;10002.0;1
-2;124500;Charlie;Penelope;PEARLS;SEASHELLS;9995.0;5
-2;124700;Charlie;Pablo;PEARLS;SEASHELLS;9998.0;1
-2;124900;Paris;Camilla;PEARLS;SEASHELLS;10002.0;2
-2;124900;Paris;Camilla;BANANAS;SEASHELLS;4975.0;2
-2;125100;Charlie;Paris;PEARLS;SEASHELLS;9998.0;1
-2;125100;Caesar;Paris;BANANAS;SEASHELLS;4970.0;1
-2;125200;Paris;Pablo;BANANAS;SEASHELLS;4971.0;1
-2;125200;Paris;Caesar;PEARLS;SEASHELLS;10004.0;1
-2;125300;Paris;Charlie;BANANAS;SEASHELLS;4976.0;2
-2;125300;Paris;Charlie;PEARLS;SEASHELLS;10005.0;2
-2;125400;Charlie;Paris;BANANAS;SEASHELLS;4970.0;2
-2;125400;Caesar;Paris;PEARLS;SEASHELLS;9996.0;2
-2;126400;Caesar;Penelope;PEARLS;SEASHELLS;9996.0;1
-2;126400;Charlie;Penelope;PEARLS;SEASHELLS;9996.0;3
-2;126500;Camilla;Penelope;PEARLS;SEASHELLS;9998.0;4
-2;126700;Gina;Camilla;BANANAS;SEASHELLS;4977.0;7
-2;127000;Charlie;Gary;PEARLS;SEASHELLS;9995.0;12
-2;127200;Pablo;Camilla;PEARLS;SEASHELLS;10002.0;2
-2;127300;Charlie;Paris;BANANAS;SEASHELLS;4973.0;1
-2;127400;Paris;Charlie;PEARLS;SEASHELLS;10002.0;1
-2;127600;Charlie;Paris;BANANAS;SEASHELLS;4973.0;1
-2;127800;Penelope;Caesar;PEARLS;SEASHELLS;10004.0;2
-2;127900;Paris;Camilla;PEARLS;SEASHELLS;10002.0;1
-2;128000;Penelope;Charlie;BANANAS;SEASHELLS;4980.0;5
-2;128000;Penelope;Caesar;BANANAS;SEASHELLS;4980.0;2
-2;129200;Charlie;Paris;PEARLS;SEASHELLS;9995.0;2
-2;129200;Charlie;Paris;BANANAS;SEASHELLS;4972.0;2
-2;129500;Penelope;Caesar;BANANAS;SEASHELLS;4980.0;1
-2;129700;Charlie;Gary;BANANAS;SEASHELLS;4973.0;13
-2;129700;Charlie;Paris;BANANAS;SEASHELLS;4973.0;1
-2;129700;Charlie;Paris;PEARLS;SEASHELLS;9995.0;1
-2;129800;Charlie;Paris;BANANAS;SEASHELLS;4974.0;1
-2;130100;Pablo;Charlie;PEARLS;SEASHELLS;10002.0;4
-2;130100;Pablo;Paris;PEARLS;SEASHELLS;10002.0;1
-2;130200;Pablo;Paris;BANANAS;SEASHELLS;4979.0;1
-2;130300;Penelope;Pablo;PEARLS;SEASHELLS;9998.0;3
-2;130300;Charlie;Paris;BANANAS;SEASHELLS;4975.0;1
-2;130400;Charlie;Paris;BANANAS;SEASHELLS;4975.0;1
-2;130500;Pablo;Charlie;BANANAS;SEASHELLS;4980.0;3
-2;130500;Charlie;Pablo;PEARLS;SEASHELLS;9998.0;3
-2;131100;Caesar;Paris;BANANAS;SEASHELLS;4976.0;1
-2;131200;Paris;Pablo;PEARLS;SEASHELLS;9998.0;1
-2;131400;Penelope;Pablo;PEARLS;SEASHELLS;9998.0;3
-2;131600;Camilla;Pablo;PEARLS;SEASHELLS;9998.0;1
-2;132000;Paris;Charlie;BANANAS;SEASHELLS;4984.0;1
-2;132000;Paris;Caesar;PEARLS;SEASHELLS;10004.0;1
-2;132100;Camilla;Pablo;PEARLS;SEASHELLS;9998.0;5
-2;132300;Caesar;Paris;PEARLS;SEASHELLS;10000.0;1
-2;132300;Charlie;Paris;BANANAS;SEASHELLS;4977.0;1
-2;132700;Gary;Charlie;PEARLS;SEASHELLS;10004.0;9
-2;132700;Gary;Caesar;PEARLS;SEASHELLS;10004.0;1
-2;133400;Paris;Caesar;PEARLS;SEASHELLS;10004.0;1
-2;133400;Paris;Charlie;BANANAS;SEASHELLS;4983.0;1
-2;133700;Paris;Caesar;PEARLS;SEASHELLS;10004.0;1
-2;133700;Paris;Charlie;BANANAS;SEASHELLS;4981.0;1
-2;134200;Gina;Charlie;BANANAS;SEASHELLS;4981.0;10
-2;134700;Paris;Caesar;PEARLS;SEASHELLS;10004.0;1
-2;134700;Paris;Pablo;BANANAS;SEASHELLS;4977.0;1
-2;134700;Charlie;Pablo;BANANAS;SEASHELLS;4977.0;4
-2;134800;Gary;Caesar;PEARLS;SEASHELLS;10004.0;2
-2;134900;Paris;Camilla;PEARLS;SEASHELLS;10002.0;1
-2;135300;Charlie;Paris;BANANAS;SEASHELLS;4976.0;1
-2;135400;Charlie;Penelope;BANANAS;SEASHELLS;4976.0;11
-2;135600;Charlie;Paris;BANANAS;SEASHELLS;4977.0;1
-2;136500;Paris;Charlie;BANANAS;SEASHELLS;4985.0;2
-2;136500;Paris;Charlie;PEARLS;SEASHELLS;10005.0;2
-2;136500;Charlie;Paris;BANANAS;SEASHELLS;4978.0;1
-2;136800;Charlie;Pablo;PEARLS;SEASHELLS;9998.0;2
-2;136900;Charlie;Paris;BANANAS;SEASHELLS;4978.0;1
-2;137500;Paris;Camilla;BANANAS;SEASHELLS;4984.0;1
-2;137700;Penelope;Caesar;PEARLS;SEASHELLS;10004.0;1
-2;138100;Pablo;Charlie;BANANAS;SEASHELLS;4982.0;2
-2;139100;Charlie;Pablo;PEARLS;SEASHELLS;9998.0;5
-2;139400;Caesar;Penelope;PEARLS;SEASHELLS;9996.0;1
-2;139400;Charlie;Penelope;PEARLS;SEASHELLS;9996.0;2
-2;139900;Charlie;Penelope;BANANAS;SEASHELLS;4975.0;7
-2;140000;Camilla;Gary;BANANAS;SEASHELLS;4976.0;1
-2;140100;Charlie;Pablo;BANANAS;SEASHELLS;4977.0;5
-2;140700;Paris;Caesar;BANANAS;SEASHELLS;4981.0;1
-2;140700;Camilla;Pablo;PEARLS;SEASHELLS;9998.0;2
-2;140800;Charlie;Paris;BANANAS;SEASHELLS;4976.0;1
-2;141100;Charlie;Paris;PEARLS;SEASHELLS;9998.0;1
-2;141100;Gina;Charlie;BANANAS;SEASHELLS;4980.0;12
-2;141400;Paris;Charlie;BANANAS;SEASHELLS;4981.0;1
-2;141600;Paris;Charlie;BANANAS;SEASHELLS;4981.0;1
-2;141900;Charlie;Pablo;BANANAS;SEASHELLS;4977.0;2
-2;142000;Caesar;Penelope;PEARLS;SEASHELLS;9996.0;1
-2;142400;Paris;Charlie;BANANAS;SEASHELLS;4982.0;1
-2;142400;Paris;Caesar;PEARLS;SEASHELLS;10004.0;1
-2;142800;Paris;Charlie;BANANAS;SEASHELLS;4982.0;1
-2;142900;Penelope;Charlie;BANANAS;SEASHELLS;4983.0;12
-2;143100;Charlie;Paris;BANANAS;SEASHELLS;4976.0;2
-2;143100;Charlie;Paris;PEARLS;SEASHELLS;9995.0;2
-2;143200;Charlie;Paris;BANANAS;SEASHELLS;4976.0;1
-2;143200;Charlie;Paris;PEARLS;SEASHELLS;9995.0;1
-2;143200;Charlie;Paris;PEARLS;SEASHELLS;9998.0;1
-2;143300;Charlie;Paris;BANANAS;SEASHELLS;4976.0;1
-2;143800;Camilla;Paris;PEARLS;SEASHELLS;9998.0;1
-2;143800;Camilla;Paris;BANANAS;SEASHELLS;4975.0;1
-2;144100;Pablo;Charlie;PEARLS;SEASHELLS;10002.0;1
-2;144200;Paris;Caesar;BANANAS;SEASHELLS;4979.0;1
-2;144200;Paris;Caesar;PEARLS;SEASHELLS;10004.0;1
-2;144600;Camilla;Pablo;PEARLS;SEASHELLS;9998.0;3
-2;144800;Paris;Charlie;BANANAS;SEASHELLS;4978.0;1
-2;144900;Paris;Charlie;PEARLS;SEASHELLS;10002.0;1
-2;145800;Charlie;Pablo;PEARLS;SEASHELLS;9998.0;3
-2;145800;Paris;Camilla;BANANAS;SEASHELLS;4978.0;1
-2;145900;Paris;Penelope;BANANAS;SEASHELLS;4978.0;1
-2;145900;Paris;Caesar;PEARLS;SEASHELLS;10004.0;1
-2;146300;Paris;Charlie;PEARLS;SEASHELLS;10005.0;2
-2;146300;Paris;Charlie;BANANAS;SEASHELLS;4980.0;2
-2;146700;Penelope;Charlie;PEARLS;SEASHELLS;10005.0;5
-2;146900;Charlie;Paris;BANANAS;SEASHELLS;4973.0;1
-2;146900;Gary;Caesar;PEARLS;SEASHELLS;10004.0;2
-2;146900;Gary;Charlie;PEARLS;SEASHELLS;10004.0;8
-2;147300;Charlie;Penelope;BANANAS;SEASHELLS;4973.0;10
-2;147400;Charlie;Paris;PEARLS;SEASHELLS;9995.0;1
-2;147400;Charlie;Paris;BANANAS;SEASHELLS;4973.0;1
-2;147800;Paris;Charlie;BANANAS;SEASHELLS;4977.0;1
-2;147800;Charlie;Paris;PEARLS;SEASHELLS;9998.0;1
-2;148000;Caesar;Paris;PEARLS;SEASHELLS;10000.0;1
-2;148000;Caesar;Paris;PEARLS;SEASHELLS;9998.0;1
-2;148000;Caesar;Paris;BANANAS;SEASHELLS;4974.0;1
-2;148200;Charlie;Paris;PEARLS;SEASHELLS;9995.0;2
-2;148200;Paris;Paris;BANANAS;SEASHELLS;4976.0;1
-2;148500;Paris;Charlie;BANANAS;SEASHELLS;4976.0;1
-2;148700;Charlie;Paris;BANANAS;SEASHELLS;4971.0;1
-2;150000;Caesar;Paris;BANANAS;SEASHELLS;4969.0;1
-2;150100;Paris;Charlie;BANANAS;SEASHELLS;4975.0;1
-2;150100;Paris;Caesar;PEARLS;SEASHELLS;10004.0;1
-2;150300;Caesar;Paris;PEARLS;SEASHELLS;9996.0;1
-2;150300;Charlie;Paris;BANANAS;SEASHELLS;4970.0;1
-2;151200;Penelope;Charlie;BANANAS;SEASHELLS;4979.0;6
-2;151400;Camilla;Paris;BANANAS;SEASHELLS;4973.0;1
-2;151400;Paris;Charlie;PEARLS;SEASHELLS;10002.0;1
-2;151500;Charlie;Pablo;BANANAS;SEASHELLS;4974.0;1
-2;151900;Charlie;Paris;BANANAS;SEASHELLS;4974.0;1
-2;152000;Paris;Caesar;BANANAS;SEASHELLS;4980.0;1
-2;152000;Gina;Camilla;PEARLS;SEASHELLS;10002.0;6
-2;152100;Paris;Caesar;BANANAS;SEASHELLS;4981.0;2
-2;152100;Paris;Caesar;PEARLS;SEASHELLS;10004.0;2
-2;152300;Caesar;Paris;BANANAS;SEASHELLS;4975.0;1
-2;152500;Charlie;Caesar;BANANAS;SEASHELLS;4977.0;3
-2;153000;Charlie;Penelope;BANANAS;SEASHELLS;4973.0;9
-2;153200;Charlie;Penelope;PEARLS;SEASHELLS;9995.0;5
-2;153500;Paris;Camilla;BANANAS;SEASHELLS;4978.0;1
-2;153500;Paris;Camilla;PEARLS;SEASHELLS;10002.0;1
-2;153600;Charlie;Paris;BANANAS;SEASHELLS;4973.0;1
-2;153700;Charlie;Paris;PEARLS;SEASHELLS;9998.0;1
-2;153900;Camilla;Paris;BANANAS;SEASHELLS;4974.0;1
-2;153900;Camilla;Penelope;BANANAS;SEASHELLS;4974.0;2
-2;154100;Camilla;Pablo;PEARLS;SEASHELLS;9998.0;2
-2;154400;Pablo;Charlie;PEARLS;SEASHELLS;10002.0;2
-2;154600;Paris;Penelope;PEARLS;SEASHELLS;10002.0;1
-2;154700;Charlie;Paris;BANANAS;SEASHELLS;4974.0;1
-2;154800;Charlie;Paris;BANANAS;SEASHELLS;4974.0;1
-2;155200;Paris;Charlie;PEARLS;SEASHELLS;10002.0;1
-2;155600;Paris;Charlie;BANANAS;SEASHELLS;4981.0;1
-2;155600;Paris;Paris;PEARLS;SEASHELLS;9998.0;1
-2;155700;Paris;Charlie;PEARLS;SEASHELLS;10002.0;1
-2;156300;Penelope;Charlie;BANANAS;SEASHELLS;4982.0;5
-2;156500;Paris;Camilla;PEARLS;SEASHELLS;10002.0;1
-2;156600;Gary;Charlie;BANANAS;SEASHELLS;4983.0;16
-2;156700;Paris;Charlie;BANANAS;SEASHELLS;4983.0;2
-2;156700;Paris;Caesar;PEARLS;SEASHELLS;10004.0;2
-2;157400;Charlie;Paris;BANANAS;SEASHELLS;4975.0;1
-2;157400;Paris;Paris;PEARLS;SEASHELLS;10002.0;1
-2;157700;Paris;Charlie;BANANAS;SEASHELLS;4982.0;1
-2;157700;Paris;Caesar;PEARLS;SEASHELLS;10004.0;1
-2;157900;Paris;Charlie;BANANAS;SEASHELLS;4981.0;2
-2;157900;Paris;Charlie;PEARLS;SEASHELLS;10005.0;2
-2;158000;Paris;Charlie;PEARLS;SEASHELLS;10002.0;1
-2;158000;Charlie;Paris;BANANAS;SEASHELLS;4974.0;1
-2;158200;Camilla;Penelope;PEARLS;SEASHELLS;9998.0;8
-2;158300;Paris;Charlie;PEARLS;SEASHELLS;10002.0;1
-2;158300;Charlie;Paris;BANANAS;SEASHELLS;4974.0;1
-2;158500;Caesar;Paris;BANANAS;SEASHELLS;4975.0;1
-2;158900;Gina;Charlie;BANANAS;SEASHELLS;4980.0;12
-2;159200;Camilla;Paris;PEARLS;SEASHELLS;9998.0;2
-2;159200;Camilla;Gina;BANANAS;SEASHELLS;4975.0;4
-2;159200;Charlie;Paris;BANANAS;SEASHELLS;4974.0;2
-2;159400;Paris;Camilla;PEARLS;SEASHELLS;10002.0;1
-2;159500;Camilla;Paris;BANANAS;SEASHELLS;4973.0;1
-2;159900;Caesar;Paris;BANANAS;SEASHELLS;4977.0;2
-2;159900;Caesar;Paris;PEARLS;SEASHELLS;9996.0;2
-2;160200;Caesar;Paris;BANANAS;SEASHELLS;4975.0;1
-2;160300;Paris;Camilla;BANANAS;SEASHELLS;4980.0;1
-2;160400;Charlie;Paris;BANANAS;SEASHELLS;4974.0;1
-2;160700;Charlie;Paris;BANANAS;SEASHELLS;4973.0;1
-2;160800;Charlie;Penelope;BANANAS;SEASHELLS;4973.0;3
-2;160900;Charlie;Gina;BANANAS;SEASHELLS;4974.0;13
-2;161800;Charlie;Paris;BANANAS;SEASHELLS;4972.0;1
-2;162000;Paris;Charlie;PEARLS;SEASHELLS;10005.0;2
-2;162000;Paris;Charlie;BANANAS;SEASHELLS;4979.0;2
-2;162100;Charlie;Penelope;BANANAS;SEASHELLS;4972.0;12
-2;162300;Caesar;Paris;BANANAS;SEASHELLS;4975.0;2
-2;162300;Pablo;Paris;PEARLS;SEASHELLS;10002.0;2
-2;162400;Pablo;Paris;BANANAS;SEASHELLS;4976.0;1
-2;162700;Caesar;Paris;PEARLS;SEASHELLS;9996.0;1
-2;162700;Charlie;Paris;BANANAS;SEASHELLS;4973.0;1
-2;162800;Charlie;Paris;PEARLS;SEASHELLS;9995.0;2
-2;162800;Charlie;Paris;BANANAS;SEASHELLS;4973.0;2
-2;163100;Paris;Camilla;BANANAS;SEASHELLS;4978.0;1
-2;163300;Paris;Charlie;BANANAS;SEASHELLS;4979.0;1
-2;163800;Gary;Caesar;BANANAS;SEASHELLS;4977.0;1
-2;163900;Pablo;Charlie;PEARLS;SEASHELLS;10002.0;4
-2;163900;Paris;Charlie;PEARLS;SEASHELLS;10002.0;1
-2;163900;Pablo;Charlie;BANANAS;SEASHELLS;4978.0;5
-2;164000;Caesar;Gary;PEARLS;SEASHELLS;10000.0;3
-2;164600;Camilla;Paris;PEARLS;SEASHELLS;9998.0;1
-2;164700;Caesar;Penelope;BANANAS;SEASHELLS;4973.0;2
-2;164700;Charlie;Penelope;BANANAS;SEASHELLS;4973.0;7
-2;164800;Paris;Pablo;PEARLS;SEASHELLS;9998.0;1
-2;165000;Pablo;Charlie;PEARLS;SEASHELLS;10002.0;2
-2;165300;Caesar;Penelope;PEARLS;SEASHELLS;9996.0;1
-2;165300;Charlie;Penelope;PEARLS;SEASHELLS;9996.0;3
-2;165700;Paris;Gina;BANANAS;SEASHELLS;4978.0;1
-2;165900;Charlie;Pablo;BANANAS;SEASHELLS;4974.0;5
-2;166100;Pablo;Camilla;PEARLS;SEASHELLS;10002.0;1
-2;166300;Charlie;Gina;BANANAS;SEASHELLS;4973.0;13
-2;166300;Paris;Charlie;PEARLS;SEASHELLS;10002.0;1
-2;166400;Paris;Charlie;PEARLS;SEASHELLS;10002.0;1
-2;166700;Paris;Paris;PEARLS;SEASHELLS;10002.0;1
-2;166700;Gina;Paris;BANANAS;SEASHELLS;4973.0;1
-2;166700;Gina;Paris;BANANAS;SEASHELLS;4978.0;1
-2;167100;Camilla;Paris;BANANAS;SEASHELLS;4972.0;1
-2;167100;Gary;Charlie;BANANAS;SEASHELLS;4978.0;13
-2;167300;Paris;Charlie;PEARLS;SEASHELLS;10005.0;2
-2;167300;Paris;Charlie;BANANAS;SEASHELLS;4979.0;2
-2;168100;Paris;Charlie;PEARLS;SEASHELLS;10002.0;1
-2;168200;Charlie;Paris;BANANAS;SEASHELLS;4973.0;1
-2;168200;Charlie;Paris;PEARLS;SEASHELLS;9995.0;1
-2;168700;Charlie;Gary;BANANAS;SEASHELLS;4975.0;11
-2;168700;Camilla;Gary;BANANAS;SEASHELLS;4975.0;9
-2;168900;Charlie;Pablo;PEARLS;SEASHELLS;9998.0;5
-2;169200;Caesar;Paris;BANANAS;SEASHELLS;4974.0;1
-2;169300;Pablo;Caesar;PEARLS;SEASHELLS;10002.0;1
-2;169600;Paris;Charlie;BANANAS;SEASHELLS;4979.0;1
-2;170000;Paris;Camilla;PEARLS;SEASHELLS;10002.0;2
-2;170000;Paris;Camilla;BANANAS;SEASHELLS;4977.0;2
-2;170000;Charlie;Paris;BANANAS;SEASHELLS;4972.0;1
-2;170200;Paris;Caesar;PEARLS;SEASHELLS;10004.0;1
-2;170200;Paris;Caesar;BANANAS;SEASHELLS;4977.0;1
-2;170600;Caesar;Gina;BANANAS;SEASHELLS;4972.0;1
-2;170800;Camilla;Pablo;BANANAS;SEASHELLS;4973.0;3
-2;171100;Charlie;Gary;BANANAS;SEASHELLS;4973.0;18
-2;171300;Paris;Camilla;BANANAS;SEASHELLS;4977.0;1
-2;171400;Charlie;Paris;PEARLS;SEASHELLS;9998.0;1
-2;171700;Paris;Caesar;PEARLS;SEASHELLS;10004.0;1
-2;171700;Paris;Charlie;BANANAS;SEASHELLS;4978.0;1
-2;172100;Paris;Gina;PEARLS;SEASHELLS;10002.0;1
-2;172200;Paris;Charlie;PEARLS;SEASHELLS;10002.0;1
-2;172300;Paris;Camilla;PEARLS;SEASHELLS;10002.0;1
-2;172600;Paris;Charlie;PEARLS;SEASHELLS;10002.0;1
-2;172700;Penelope;Caesar;PEARLS;SEASHELLS;10004.0;2
-2;172800;Charlie;Pablo;BANANAS;SEASHELLS;4974.0;3
-2;173100;Penelope;Charlie;PEARLS;SEASHELLS;10005.0;4
-2;173600;Paris;Camilla;BANANAS;SEASHELLS;4978.0;1
-2;173700;Charlie;Paris;PEARLS;SEASHELLS;9998.0;1
-2;174100;Paris;Camilla;BANANAS;SEASHELLS;4978.0;1
-2;174100;Charlie;Paris;PEARLS;SEASHELLS;9998.0;1
-2;174900;Paris;Camilla;PEARLS;SEASHELLS;10002.0;1
-2;174900;Paris;Camilla;BANANAS;SEASHELLS;4977.0;1
-2;175200;Charlie;Paris;PEARLS;SEASHELLS;9998.0;1
-2;175200;Caesar;Paris;PEARLS;SEASHELLS;9996.0;2
-2;175200;Paris;Paris;BANANAS;SEASHELLS;4977.0;1
-2;175500;Paris;Charlie;BANANAS;SEASHELLS;4978.0;1
-2;175500;Paris;Caesar;PEARLS;SEASHELLS;10004.0;1
-2;175600;Paris;Charlie;BANANAS;SEASHELLS;4977.0;1
-2;176000;Caesar;Paris;BANANAS;SEASHELLS;4972.0;1
-2;176100;Paris;Camilla;PEARLS;SEASHELLS;10002.0;1
-2;176100;Paris;Camilla;BANANAS;SEASHELLS;4976.0;1
-2;176500;Paris;Charlie;BANANAS;SEASHELLS;4979.0;2
-2;176500;Paris;Caesar;PEARLS;SEASHELLS;10004.0;1
-2;176900;Gary;Charlie;PEARLS;SEASHELLS;10005.0;9
-2;177300;Charlie;Pablo;BANANAS;SEASHELLS;4973.0;3
-2;177500;Charlie;Pablo;BANANAS;SEASHELLS;4975.0;4
-2;177600;Penelope;Charlie;BANANAS;SEASHELLS;4980.0;12
-2;177900;Gary;Charlie;BANANAS;SEASHELLS;4980.0;20
-2;177900;Camilla;Gary;PEARLS;SEASHELLS;9998.0;3
-2;178200;Paris;Charlie;BANANAS;SEASHELLS;4980.0;1
-2;179600;Paris;Charlie;PEARLS;SEASHELLS;10002.0;1
-2;180000;Caesar;Paris;BANANAS;SEASHELLS;4976.0;1
-2;180300;Paris;Camilla;BANANAS;SEASHELLS;4981.0;1
-2;180500;Charlie;Paris;BANANAS;SEASHELLS;4976.0;1
-2;180900;Camilla;Pablo;PEARLS;SEASHELLS;9998.0;2
-2;180900;Paris;Pablo;PEARLS;SEASHELLS;9998.0;1
-2;181000;Paris;Camilla;PEARLS;SEASHELLS;10002.0;1
-2;181400;Charlie;Paris;BANANAS;SEASHELLS;4977.0;1
-2;181600;Caesar;Penelope;PEARLS;SEASHELLS;9996.0;1
-2;181800;Paris;Charlie;BANANAS;SEASHELLS;4984.0;2
-2;181800;Paris;Charlie;PEARLS;SEASHELLS;10005.0;2
-2;182300;Charlie;Pablo;PEARLS;SEASHELLS;9998.0;3
-2;182300;Camilla;Pablo;PEARLS;SEASHELLS;9998.0;1
-2;182500;Paris;Charlie;PEARLS;SEASHELLS;10002.0;1
-2;182700;Caesar;Penelope;PEARLS;SEASHELLS;9996.0;2
-2;182700;Penelope;Charlie;BANANAS;SEASHELLS;4985.0;9
-2;182800;Charlie;Penelope;BANANAS;SEASHELLS;4978.0;4
-2;182900;Paris;Charlie;PEARLS;SEASHELLS;10002.0;1
-2;183100;Pablo;Charlie;PEARLS;SEASHELLS;10002.0;1
-2;183100;Charlie;Paris;BANANAS;SEASHELLS;4980.0;1
-2;183400;Caesar;Paris;BANANAS;SEASHELLS;4979.0;1
-2;183500;Pablo;Charlie;BANANAS;SEASHELLS;4983.0;4
-2;183900;Paris;Charlie;PEARLS;SEASHELLS;10002.0;1
-2;184200;Charlie;Paris;BANANAS;SEASHELLS;4979.0;1
-2;184800;Caesar;Penelope;PEARLS;SEASHELLS;10000.0;2
-2;185000;Charlie;Paris;PEARLS;SEASHELLS;9995.0;1
-2;185000;Charlie;Paris;BANANAS;SEASHELLS;4977.0;1
-2;186000;Charlie;Paris;PEARLS;SEASHELLS;9995.0;1
-2;186000;Charlie;Paris;BANANAS;SEASHELLS;4978.0;1
-2;186100;Charlie;Penelope;BANANAS;SEASHELLS;4978.0;4
-2;186500;Caesar;Paris;BANANAS;SEASHELLS;4980.0;1
-2;186500;Caesar;Paris;PEARLS;SEASHELLS;9996.0;1
-2;186800;Charlie;Penelope;PEARLS;SEASHELLS;9995.0;6
-2;186800;Charlie;Paris;BANANAS;SEASHELLS;4979.0;1
-2;186800;Charlie;Paris;PEARLS;SEASHELLS;9995.0;1
-2;186900;Gary;Charlie;BANANAS;SEASHELLS;4986.0;18
-2;186900;Pablo;Charlie;PEARLS;SEASHELLS;10002.0;5
-2;186900;Gary;Charlie;PEARLS;SEASHELLS;10004.0;9
-2;186900;Gary;Caesar;PEARLS;SEASHELLS;10004.0;2
-2;186900;Gina;Charlie;BANANAS;SEASHELLS;4984.0;8
-2;187300;Paris;Camilla;BANANAS;SEASHELLS;4984.0;1
-2;187300;Charlie;Pablo;PEARLS;SEASHELLS;9998.0;2
-2;187400;Camilla;Gary;BANANAS;SEASHELLS;4980.0;7
-2;187400;Charlie;Gary;BANANAS;SEASHELLS;4980.0;12
-2;187600;Penelope;Charlie;BANANAS;SEASHELLS;4985.0;3
-2;187700;Paris;Charlie;BANANAS;SEASHELLS;4983.0;1
-2;188400;Camilla;Paris;BANANAS;SEASHELLS;4981.0;1
-2;188500;Penelope;Charlie;BANANAS;SEASHELLS;4987.0;9
-2;188700;Paris;Charlie;BANANAS;SEASHELLS;4986.0;1
-2;188700;Paris;Charlie;PEARLS;SEASHELLS;10002.0;1
-2;188900;Paris;Charlie;BANANAS;SEASHELLS;4986.0;1
-2;189000;Paris;Charlie;PEARLS;SEASHELLS;10002.0;1
-2;189300;Gina;Paris;BANANAS;SEASHELLS;4980.0;1
-2;189400;Paris;Caesar;BANANAS;SEASHELLS;4985.0;1
-2;189600;Gary;Charlie;BANANAS;SEASHELLS;4986.0;14
-2;189700;Paris;Charlie;BANANAS;SEASHELLS;4987.0;1
-2;189700;Paris;Charlie;PEARLS;SEASHELLS;10005.0;1
-2;189900;Camilla;Paris;PEARLS;SEASHELLS;9998.0;1
-2;190400;Penelope;Camilla;PEARLS;SEASHELLS;10002.0;4
-2;190400;Penelope;Charlie;PEARLS;SEASHELLS;10002.0;1
-2;191500;Caesar;Paris;BANANAS;SEASHELLS;4983.0;2
-2;191500;Charlie;Paris;PEARLS;SEASHELLS;9995.0;2
-2;191600;Caesar;Paris;BANANAS;SEASHELLS;4981.0;1
-2;191600;Charlie;Pablo;PEARLS;SEASHELLS;9998.0;3
-2;191900;Paris;Charlie;PEARLS;SEASHELLS;10002.0;1
-2;193100;Camilla;Paris;BANANAS;SEASHELLS;4981.0;1
-2;193400;Pablo;Charlie;PEARLS;SEASHELLS;10002.0;2
-2;193600;Charlie;Paris;PEARLS;SEASHELLS;9995.0;2
-2;193600;Charlie;Paris;BANANAS;SEASHELLS;4980.0;2
-2;193900;Gary;Camilla;BANANAS;SEASHELLS;4986.0;6
-2;194600;Paris;Pablo;PEARLS;SEASHELLS;9998.0;2
-2;194600;Paris;Camilla;BANANAS;SEASHELLS;4985.0;2
-2;194800;Paris;Camilla;BANANAS;SEASHELLS;4987.0;1
-2;195700;Paris;Charlie;PEARLS;SEASHELLS;10002.0;1
-2;196000;Paris;Camilla;BANANAS;SEASHELLS;4988.0;1
-2;196100;Charlie;Paris;BANANAS;SEASHELLS;4983.0;1
-2;196400;Charlie;Paris;BANANAS;SEASHELLS;4984.0;1
-2;196600;Camilla;Paris;PEARLS;SEASHELLS;9998.0;1
-2;196600;Paris;Charlie;BANANAS;SEASHELLS;4989.0;1
-2;196700;Camilla;Paris;PEARLS;SEASHELLS;9998.0;2
-2;196700;Camilla;Paris;BANANAS;SEASHELLS;4984.0;2
-2;196800;Charlie;Pablo;PEARLS;SEASHELLS;9998.0;4
-2;197100;Penelope;Charlie;BANANAS;SEASHELLS;4990.0;7
-2;197100;Charlie;Pablo;PEARLS;SEASHELLS;9998.0;4
-2;197200;Paris;Charlie;PEARLS;SEASHELLS;10002.0;1
-2;197300;Paris;Caesar;PEARLS;SEASHELLS;10004.0;2
-2;197300;Paris;Charlie;BANANAS;SEASHELLS;4990.0;2
-2;197400;Charlie;Pablo;PEARLS;SEASHELLS;9998.0;4
-2;197600;Charlie;Paris;PEARLS;SEASHELLS;9998.0;1
-2;197900;Charlie;Pablo;PEARLS;SEASHELLS;9998.0;5
-2;198000;Paris;Charlie;BANANAS;SEASHELLS;4991.0;1
-2;198000;Paris;Caesar;PEARLS;SEASHELLS;10004.0;1
-2;198100;Paris;Charlie;BANANAS;SEASHELLS;4990.0;1
-2;198400;Charlie;Paris;BANANAS;SEASHELLS;4984.0;1
-2;198700;Charlie;Pablo;PEARLS;SEASHELLS;9998.0;5
-2;198900;Pablo;Charlie;BANANAS;SEASHELLS;4988.0;1
-2;198900;Paris;Charlie;BANANAS;SEASHELLS;4989.0;1
-2;199000;Caesar;Paris;PEARLS;SEASHELLS;9996.0;1
-2;199000;Charlie;Paris;BANANAS;SEASHELLS;4984.0;1
-2;199400;Paris;Camilla;BANANAS;SEASHELLS;4989.0;2
-2;199400;Paris;Camilla;PEARLS;SEASHELLS;10002.0;2
-2;200100;Caesar;Penelope;PEARLS;SEASHELLS;9996.0;1
-2;200200;Pablo;Charlie;BANANAS;SEASHELLS;4989.0;5
-2;200300;Charlie;Paris;BANANAS;SEASHELLS;4984.0;2
-2;200300;Caesar;Paris;PEARLS;SEASHELLS;9996.0;1
-2;200300;Charlie;Paris;PEARLS;SEASHELLS;9996.0;1
-2;200400;Penelope;Charlie;PEARLS;SEASHELLS;10004.0;7
-2;200400;Penelope;Caesar;PEARLS;SEASHELLS;10004.0;1
-2;200500;Paris;Charlie;BANANAS;SEASHELLS;4991.0;2
-2;200500;Paris;Caesar;PEARLS;SEASHELLS;10004.0;2
-2;200600;Penelope;Camilla;PEARLS;SEASHELLS;10002.0;1
-2;200600;Charlie;Paris;BANANAS;SEASHELLS;4985.0;2
-2;200600;Penelope;Paris;PEARLS;SEASHELLS;10002.0;2
-2;201000;Charlie;Penelope;BANANAS;SEASHELLS;4984.0;2
-2;201700;Charlie;Penelope;PEARLS;SEASHELLS;9996.0;1
-2;201700;Charlie;Gina;BANANAS;SEASHELLS;4986.0;9
-2;201700;Caesar;Penelope;PEARLS;SEASHELLS;9996.0;2
-2;201700;Charlie;Pablo;PEARLS;SEASHELLS;9998.0;1
-2;201900;Charlie;Paris;PEARLS;SEASHELLS;9998.0;1
-2;202100;Charlie;Gary;BANANAS;SEASHELLS;4986.0;20
-2;202100;Paris;Caesar;BANANAS;SEASHELLS;4992.0;1
-2;202400;Camilla;Paris;BANANAS;SEASHELLS;4987.0;1
-2;202800;Charlie;Paris;PEARLS;SEASHELLS;9998.0;1
-2;202900;Charlie;Paris;BANANAS;SEASHELLS;4987.0;2
-2;202900;Caesar;Paris;PEARLS;SEASHELLS;9996.0;1
-2;203300;Penelope;Charlie;BANANAS;SEASHELLS;4994.0;2
-2;203500;Penelope;Charlie;BANANAS;SEASHELLS;4994.0;11
-2;203800;Charlie;Paris;PEARLS;SEASHELLS;9998.0;1
-2;203900;Paris;Camilla;BANANAS;SEASHELLS;4992.0;2
-2;203900;Paris;Pablo;PEARLS;SEASHELLS;9998.0;2
-2;204200;Paris;Camilla;PEARLS;SEASHELLS;10002.0;1
-2;204400;Paris;Camilla;PEARLS;SEASHELLS;10002.0;1
-2;204600;Caesar;Gary;PEARLS;SEASHELLS;10000.0;3
-2;204700;Penelope;Charlie;BANANAS;SEASHELLS;4993.0;4
-2;204800;Gina;Pablo;PEARLS;SEASHELLS;9998.0;4
-2;204800;Gina;Paris;PEARLS;SEASHELLS;9998.0;1
-2;204800;Gina;Camilla;PEARLS;SEASHELLS;10002.0;6
-2;204900;Paris;Camilla;BANANAS;SEASHELLS;4992.0;1
-2;205200;Caesar;Paris;PEARLS;SEASHELLS;9996.0;2
-2;205200;Caesar;Paris;BANANAS;SEASHELLS;4989.0;2
-2;205300;Paris;Caesar;PEARLS;SEASHELLS;10004.0;1
-2;205300;Paris;Caesar;BANANAS;SEASHELLS;4995.0;1
-2;205600;Charlie;Penelope;PEARLS;SEASHELLS;9995.0;8
-2;205900;Camilla;Pablo;PEARLS;SEASHELLS;9998.0;1
-2;206200;Charlie;Paris;PEARLS;SEASHELLS;9998.0;1
-2;206200;Charlie;Pablo;BANANAS;SEASHELLS;4989.0;2
-2;206400;Charlie;Paris;BANANAS;SEASHELLS;4988.0;1
-2;206400;Charlie;Paris;PEARLS;SEASHELLS;9995.0;1
-2;207100;Paris;Charlie;PEARLS;SEASHELLS;10005.0;2
-2;207100;Paris;Charlie;BANANAS;SEASHELLS;4994.0;2
-2;207200;Charlie;Paris;BANANAS;SEASHELLS;4987.0;1
-2;207300;Camilla;Paris;BANANAS;SEASHELLS;4987.0;1
-2;207300;Penelope;Charlie;BANANAS;SEASHELLS;4993.0;6
-2;207700;Paris;Charlie;BANANAS;SEASHELLS;4992.0;1
-2;207800;Gary;Pablo;PEARLS;SEASHELLS;9998.0;4
-2;208000;Camilla;Paris;BANANAS;SEASHELLS;4987.0;1
-2;208200;Paris;Charlie;BANANAS;SEASHELLS;4993.0;1
-2;208400;Charlie;Paris;BANANAS;SEASHELLS;4987.0;1
-2;208500;Charlie;Paris;PEARLS;SEASHELLS;9998.0;1
-2;209000;Charlie;Pablo;BANANAS;SEASHELLS;4988.0;1
-2;209000;Charlie;Pablo;PEARLS;SEASHELLS;9998.0;4
-2;209300;Charlie;Paris;PEARLS;SEASHELLS;9995.0;1
-2;209300;Charlie;Paris;BANANAS;SEASHELLS;4987.0;1
-2;209600;Charlie;Paris;BANANAS;SEASHELLS;4987.0;1
-2;209900;Charlie;Paris;BANANAS;SEASHELLS;4988.0;2
-2;209900;Caesar;Paris;PEARLS;SEASHELLS;9996.0;2
-2;210000;Charlie;Paris;PEARLS;SEASHELLS;9998.0;1
-2;210000;Charlie;Penelope;PEARLS;SEASHELLS;9995.0;4
-2;210400;Paris;Gina;PEARLS;SEASHELLS;10002.0;1
-2;210700;Charlie;Penelope;BANANAS;SEASHELLS;4988.0;12
-2;211000;Charlie;Pablo;BANANAS;SEASHELLS;4990.0;1
-2;211300;Paris;Charlie;BANANAS;SEASHELLS;4995.0;1
-2;211400;Camilla;Paris;BANANAS;SEASHELLS;4990.0;1
-2;211900;Penelope;Charlie;BANANAS;SEASHELLS;4995.0;5
-2;212500;Paris;Camilla;BANANAS;SEASHELLS;4995.0;1
-2;212700;Caesar;Penelope;PEARLS;SEASHELLS;9996.0;2
-2;212700;Charlie;Paris;BANANAS;SEASHELLS;4989.0;1
-2;212800;Pablo;Charlie;PEARLS;SEASHELLS;10002.0;3
-2;212900;Charlie;Pablo;PEARLS;SEASHELLS;9998.0;5
-2;213100;Camilla;Pablo;PEARLS;SEASHELLS;9998.0;1
-2;213100;Charlie;Pablo;PEARLS;SEASHELLS;9998.0;3
-2;213200;Camilla;Pablo;BANANAS;SEASHELLS;4989.0;4
-2;213400;Camilla;Pablo;PEARLS;SEASHELLS;9998.0;2
-2;214400;Gary;Caesar;PEARLS;SEASHELLS;10004.0;2
-2;214600;Camilla;Paris;PEARLS;SEASHELLS;9998.0;1
-2;214700;Charlie;Paris;BANANAS;SEASHELLS;4986.0;1
-2;214800;Gina;Charlie;BANANAS;SEASHELLS;4991.0;11
-2;214900;Charlie;Paris;BANANAS;SEASHELLS;4986.0;1
-2;215100;Paris;Charlie;PEARLS;SEASHELLS;10005.0;2
-2;215100;Paris;Charlie;BANANAS;SEASHELLS;4992.0;2
-2;215200;Gary;Pablo;BANANAS;SEASHELLS;4987.0;5
-2;215200;Paris;Caesar;PEARLS;SEASHELLS;10002.0;1
-2;216300;Gary;Caesar;BANANAS;SEASHELLS;4993.0;1
-2;216500;Paris;Camilla;PEARLS;SEASHELLS;10002.0;1
-2;216500;Caesar;Paris;BANANAS;SEASHELLS;4987.0;1
-2;216700;Charlie;Paris;BANANAS;SEASHELLS;4987.0;1
-2;216700;Charlie;Gary;BANANAS;SEASHELLS;4987.0;12
-2;217100;Paris;Charlie;BANANAS;SEASHELLS;4992.0;1
-2;217100;Paris;Caesar;PEARLS;SEASHELLS;10004.0;1
-2;217500;Paris;Charlie;PEARLS;SEASHELLS;10002.0;1
-2;217700;Charlie;Pablo;BANANAS;SEASHELLS;4987.0;5
-2;217900;Charlie;Paris;BANANAS;SEASHELLS;4986.0;1
-2;217900;Caesar;Paris;PEARLS;SEASHELLS;9996.0;1
-2;218100;Charlie;Paris;PEARLS;SEASHELLS;9998.0;1
-2;218300;Charlie;Gary;BANANAS;SEASHELLS;4986.0;19
-2;218400;Paris;Caesar;BANANAS;SEASHELLS;4991.0;1
-2;218400;Paris;Charlie;PEARLS;SEASHELLS;10005.0;1
-2;218400;Paris;Caesar;BANANAS;SEASHELLS;4988.0;1
-2;219600;Paris;Camilla;BANANAS;SEASHELLS;4990.0;1
-2;219900;Paris;Camilla;BANANAS;SEASHELLS;4991.0;1
-2;220100;Paris;Paris;BANANAS;SEASHELLS;4991.0;1
-2;220100;Caesar;Paris;PEARLS;SEASHELLS;9996.0;1
-2;220300;Paris;Paris;PEARLS;SEASHELLS;10002.0;1
-2;220300;Charlie;Paris;BANANAS;SEASHELLS;4986.0;2
-2;220800;Camilla;Paris;BANANAS;SEASHELLS;4986.0;1
-2;220900;Pablo;Camilla;BANANAS;SEASHELLS;4989.0;2
-2;221500;Paris;Charlie;BANANAS;SEASHELLS;4988.0;1
-2;221700;Charlie;Paris;BANANAS;SEASHELLS;4983.0;1
-2;222500;Paris;Paris;PEARLS;SEASHELLS;9998.0;1
-2;222500;Paris;Charlie;BANANAS;SEASHELLS;4991.0;2
-2;222600;Pablo;Paris;PEARLS;SEASHELLS;10002.0;1
-2;222900;Penelope;Charlie;PEARLS;SEASHELLS;10005.0;8
-2;223200;Pablo;Paris;BANANAS;SEASHELLS;4989.0;1
-2;223200;Pablo;Charlie;PEARLS;SEASHELLS;10002.0;1
-2;223400;Paris;Charlie;BANANAS;SEASHELLS;4989.0;1
-2;223900;Pablo;Charlie;PEARLS;SEASHELLS;10002.0;3
-2;224300;Paris;Caesar;PEARLS;SEASHELLS;10004.0;2
-2;224300;Paris;Caesar;BANANAS;SEASHELLS;4990.0;2
-2;224500;Paris;Charlie;BANANAS;SEASHELLS;4990.0;1
-2;224500;Paris;Caesar;PEARLS;SEASHELLS;10004.0;1
-2;224600;Charlie;Paris;BANANAS;SEASHELLS;4984.0;1
-2;224800;Penelope;Charlie;PEARLS;SEASHELLS;10005.0;7
-2;224900;Charlie;Paris;BANANAS;SEASHELLS;4984.0;1
-2;225800;Charlie;Paris;BANANAS;SEASHELLS;4983.0;1
-2;225900;Gary;Charlie;BANANAS;SEASHELLS;4990.0;14
-2;226000;Charlie;Paris;PEARLS;SEASHELLS;9995.0;2
-2;226000;Charlie;Paris;BANANAS;SEASHELLS;4983.0;2
-2;226100;Paris;Charlie;BANANAS;SEASHELLS;4990.0;1
-2;226100;Paris;Charlie;PEARLS;SEASHELLS;10005.0;1
-2;226300;Charlie;Pablo;BANANAS;SEASHELLS;4984.0;3
-2;226300;Paris;Camilla;PEARLS;SEASHELLS;10002.0;1
-2;226500;Paris;Charlie;PEARLS;SEASHELLS;10002.0;1
-2;226700;Charlie;Paris;BANANAS;SEASHELLS;4983.0;1
-2;226800;Paris;Charlie;BANANAS;SEASHELLS;4989.0;1
-2;227400;Camilla;Pablo;PEARLS;SEASHELLS;9998.0;5
-2;227600;Charlie;Penelope;PEARLS;SEASHELLS;9998.0;3
-2;227600;Camilla;Paris;PEARLS;SEASHELLS;9998.0;1
-2;227600;Paris;Charlie;BANANAS;SEASHELLS;4989.0;1
-2;227600;Camilla;Penelope;PEARLS;SEASHELLS;9998.0;3
-2;227700;Paris;Caesar;PEARLS;SEASHELLS;10004.0;1
-2;227700;Camilla;Pablo;PEARLS;SEASHELLS;9998.0;4
-2;227700;Paris;Caesar;BANANAS;SEASHELLS;4989.0;1
-2;227800;Charlie;Paris;BANANAS;SEASHELLS;4983.0;1
-2;227900;Pablo;Charlie;BANANAS;SEASHELLS;4988.0;5
-2;227900;Paris;Charlie;BANANAS;SEASHELLS;4989.0;1
-2;228000;Pablo;Charlie;BANANAS;SEASHELLS;4987.0;3
-2;228300;Camilla;Pablo;PEARLS;SEASHELLS;9998.0;4
-2;228700;Camilla;Paris;PEARLS;SEASHELLS;9998.0;1
-2;228800;Paris;Pablo;BANANAS;SEASHELLS;4986.0;1
-2;229200;Penelope;Charlie;PEARLS;SEASHELLS;10005.0;8
-2;229600;Penelope;Camilla;PEARLS;SEASHELLS;10002.0;4
-2;229800;Pablo;Penelope;BANANAS;SEASHELLS;4992.0;2
-2;230000;Paris;Charlie;PEARLS;SEASHELLS;10002.0;1
-2;230400;Charlie;Paris;BANANAS;SEASHELLS;4987.0;1
-2;230600;Charlie;Paris;BANANAS;SEASHELLS;4986.0;2
-2;230600;Charlie;Pablo;BANANAS;SEASHELLS;4988.0;1
-2;230600;Caesar;Paris;PEARLS;SEASHELLS;9996.0;2
-2;230600;Paris;Pablo;BANANAS;SEASHELLS;4988.0;1
-2;230700;Paris;Camilla;BANANAS;SEASHELLS;4992.0;1
-2;230700;Charlie;Gary;BANANAS;SEASHELLS;4986.0;19
-2;231100;Paris;Charlie;BANANAS;SEASHELLS;4992.0;1
-2;231800;Charlie;Pablo;BANANAS;SEASHELLS;4987.0;5
-2;232100;Charlie;Pablo;BANANAS;SEASHELLS;4987.0;4
-2;232200;Pablo;Charlie;BANANAS;SEASHELLS;4991.0;2
-2;232500;Charlie;Paris;BANANAS;SEASHELLS;4987.0;1
-2;232700;Charlie;Pablo;PEARLS;SEASHELLS;9998.0;2
-2;232700;Charlie;Paris;BANANAS;SEASHELLS;4987.0;1
-2;233000;Charlie;Pablo;PEARLS;SEASHELLS;9998.0;4
-2;233100;Paris;Camilla;PEARLS;SEASHELLS;10002.0;1
-2;233100;Paris;Camilla;BANANAS;SEASHELLS;4992.0;1
-2;233200;Charlie;Pablo;PEARLS;SEASHELLS;9998.0;1
-2;233500;Paris;Camilla;PEARLS;SEASHELLS;10002.0;1
-2;233500;Paris;Camilla;BANANAS;SEASHELLS;4993.0;1
-2;233700;Gary;Caesar;BANANAS;SEASHELLS;4994.0;2
-2;234500;Camilla;Paris;BANANAS;SEASHELLS;4987.0;1
-2;234500;Camilla;Paris;PEARLS;SEASHELLS;9998.0;1
-2;234800;Charlie;Pablo;PEARLS;SEASHELLS;9998.0;1
-2;235400;Paris;Charlie;BANANAS;SEASHELLS;4991.0;1
-2;235400;Charlie;Paris;PEARLS;SEASHELLS;9998.0;1
-2;235700;Paris;Charlie;PEARLS;SEASHELLS;10002.0;1
-2;236100;Charlie;Paris;PEARLS;SEASHELLS;9998.0;1
-2;236100;Charlie;Penelope;PEARLS;SEASHELLS;9995.0;5
-2;236100;Charlie;Gary;PEARLS;SEASHELLS;9995.0;12
-2;236400;Charlie;Paris;BANANAS;SEASHELLS;4984.0;2
-2;236400;Charlie;Paris;PEARLS;SEASHELLS;9998.0;1
-2;236400;Caesar;Paris;PEARLS;SEASHELLS;9996.0;2
-2;236500;Charlie;Paris;BANANAS;SEASHELLS;4984.0;1
-2;236500;Charlie;Penelope;PEARLS;SEASHELLS;9995.0;2
-2;236600;Caesar;Penelope;PEARLS;SEASHELLS;10000.0;3
-2;236700;Charlie;Paris;BANANAS;SEASHELLS;4985.0;1
-2;237000;Paris;Charlie;BANANAS;SEASHELLS;4992.0;1
-2;237000;Paris;Charlie;PEARLS;SEASHELLS;10005.0;1
-2;237000;Penelope;Caesar;PEARLS;SEASHELLS;10004.0;1
-2;237100;Charlie;Penelope;PEARLS;SEASHELLS;9995.0;4
-2;237100;Charlie;Paris;PEARLS;SEASHELLS;9998.0;1
-2;237300;Charlie;Pablo;BANANAS;SEASHELLS;4986.0;2
-2;237500;Penelope;Charlie;BANANAS;SEASHELLS;4992.0;10
-2;237700;Camilla;Paris;BANANAS;SEASHELLS;4985.0;1
-2;237900;Paris;Charlie;BANANAS;SEASHELLS;4991.0;1
-2;237900;Paris;Caesar;PEARLS;SEASHELLS;10004.0;1
-2;238000;Paris;Charlie;BANANAS;SEASHELLS;4991.0;1
-2;238000;Paris;Caesar;PEARLS;SEASHELLS;10004.0;1
-2;238000;Penelope;Caesar;BANANAS;SEASHELLS;4990.0;2
-2;238700;Charlie;Paris;BANANAS;SEASHELLS;4983.0;2
-2;238700;Paris;Paris;PEARLS;SEASHELLS;10002.0;1
-2;238900;Gary;Charlie;BANANAS;SEASHELLS;4990.0;20
-2;239100;Charlie;Paris;BANANAS;SEASHELLS;4984.0;1
-2;239200;Paris;Charlie;BANANAS;SEASHELLS;4990.0;1
-2;239400;Paris;Charlie;PEARLS;SEASHELLS;10002.0;1
-2;239800;Camilla;Paris;PEARLS;SEASHELLS;9998.0;1
-2;240100;Caesar;Paris;PEARLS;SEASHELLS;9998.0;1
-2;240700;Camilla;Pablo;PEARLS;SEASHELLS;9998.0;1
-2;241000;Charlie;Paris;BANANAS;SEASHELLS;4983.0;1
-2;241200;Charlie;Paris;BANANAS;SEASHELLS;4982.0;1
-2;241200;Gary;Pablo;PEARLS;SEASHELLS;9998.0;3
-2;241300;Charlie;Gina;PEARLS;SEASHELLS;9998.0;4
-2;241300;Camilla;Gina;PEARLS;SEASHELLS;9998.0;8
-2;241400;Caesar;Gary;PEARLS;SEASHELLS;9996.0;1
-2;241400;Charlie;Gary;PEARLS;SEASHELLS;9996.0;9
-2;241500;Charlie;Paris;BANANAS;SEASHELLS;4981.0;1
-2;241700;Penelope;Camilla;BANANAS;SEASHELLS;4986.0;6
-2;241700;Paris;Camilla;PEARLS;SEASHELLS;10002.0;2
-2;241700;Paris;Camilla;BANANAS;SEASHELLS;4986.0;2
-2;241800;Pablo;Paris;PEARLS;SEASHELLS;10002.0;1
-2;242200;Gary;Charlie;BANANAS;SEASHELLS;4988.0;20
-2;242200;Charlie;Paris;PEARLS;SEASHELLS;9998.0;1
-2;242300;Paris;Charlie;PEARLS;SEASHELLS;10002.0;1
-2;242500;Charlie;Penelope;BANANAS;SEASHELLS;4981.0;6
-2;242600;Paris;Charlie;BANANAS;SEASHELLS;4986.0;1
-2;242800;Penelope;Charlie;PEARLS;SEASHELLS;10005.0;8
-2;242900;Paris;Charlie;BANANAS;SEASHELLS;4985.0;1
-2;243100;Charlie;Paris;BANANAS;SEASHELLS;4980.0;1
-2;243200;Penelope;Charlie;PEARLS;SEASHELLS;10005.0;4
-2;243300;Camilla;Pablo;PEARLS;SEASHELLS;9998.0;3
-2;243400;Caesar;Paris;PEARLS;SEASHELLS;9996.0;1
-2;243400;Paris;Paris;BANANAS;SEASHELLS;4987.0;1
-2;243600;Charlie;Paris;BANANAS;SEASHELLS;4982.0;1
-2;243700;Charlie;Paris;BANANAS;SEASHELLS;4981.0;2
-2;243700;Caesar;Paris;PEARLS;SEASHELLS;9996.0;1
-2;244100;Charlie;Paris;PEARLS;SEASHELLS;9998.0;1
-2;244400;Charlie;Paris;PEARLS;SEASHELLS;9998.0;1
-2;244700;Paris;Charlie;BANANAS;SEASHELLS;4986.0;1
-2;244900;Paris;Caesar;PEARLS;SEASHELLS;10002.0;1
-2;245000;Gary;Camilla;PEARLS;SEASHELLS;10002.0;8
-2;245000;Penelope;Camilla;BANANAS;SEASHELLS;4986.0;8
-2;245100;Caesar;Penelope;BANANAS;SEASHELLS;4981.0;1
-2;245200;Charlie;Paris;BANANAS;SEASHELLS;4981.0;1
-2;246100;Pablo;Charlie;PEARLS;SEASHELLS;10002.0;3
-2;246200;Pablo;Charlie;PEARLS;SEASHELLS;10002.0;3
-2;246500;Camilla;Pablo;BANANAS;SEASHELLS;4980.0;3
-2;247100;Charlie;Paris;PEARLS;SEASHELLS;9998.0;1
-2;247300;Caesar;Paris;BANANAS;SEASHELLS;4979.0;1
-2;247600;Camilla;Pablo;PEARLS;SEASHELLS;9998.0;2
-2;247600;Penelope;Charlie;BANANAS;SEASHELLS;4987.0;4
-2;247600;Camilla;Penelope;PEARLS;SEASHELLS;9998.0;1
-2;247600;Camilla;Paris;BANANAS;SEASHELLS;4980.0;1
-2;247600;Charlie;Penelope;PEARLS;SEASHELLS;9998.0;4
-2;247700;Caesar;Paris;PEARLS;SEASHELLS;9996.0;2
-2;247700;Camilla;Gina;PEARLS;SEASHELLS;9998.0;6
-2;247700;Camilla;Paris;BANANAS;SEASHELLS;4981.0;2
-2;247900;Charlie;Gary;PEARLS;SEASHELLS;9996.0;9
-2;247900;Caesar;Gary;PEARLS;SEASHELLS;9996.0;1
-2;248100;Gary;Camilla;BANANAS;SEASHELLS;4985.0;1
-2;248300;Pablo;Charlie;BANANAS;SEASHELLS;4984.0;3
-2;248400;Caesar;Paris;PEARLS;SEASHELLS;9996.0;1
-2;248400;Charlie;Gary;BANANAS;SEASHELLS;4980.0;16
-2;248400;Charlie;Paris;BANANAS;SEASHELLS;4980.0;1
-2;248700;Charlie;Paris;PEARLS;SEASHELLS;9998.0;1
-2;249000;Paris;Charlie;PEARLS;SEASHELLS;10002.0;1
-2;249200;Gary;Camilla;BANANAS;SEASHELLS;4984.0;9
-2;249300;Charlie;Paris;PEARLS;SEASHELLS;9998.0;1
-2;249400;Camilla;Paris;BANANAS;SEASHELLS;4980.0;1
-2;249400;Camilla;Paris;PEARLS;SEASHELLS;9998.0;1
-2;249800;Paris;Charlie;PEARLS;SEASHELLS;10002.0;1
-2;249900;Paris;Charlie;PEARLS;SEASHELLS;10002.0;1
-2;249900;Paris;Charlie;BANANAS;SEASHELLS;4985.0;1
-2;250300;Pablo;Caesar;BANANAS;SEASHELLS;4985.0;2
-2;250500;Pablo;Charlie;PEARLS;SEASHELLS;10002.0;1
-2;250500;Paris;Charlie;PEARLS;SEASHELLS;10005.0;2
-2;250500;Paris;Charlie;BANANAS;SEASHELLS;4988.0;2
-2;250600;Paris;Charlie;BANANAS;SEASHELLS;4987.0;1
-2;250700;Caesar;Pablo;PEARLS;SEASHELLS;9998.0;3
-2;251100;Pablo;Charlie;PEARLS;SEASHELLS;10002.0;5
-2;251300;Charlie;Paris;BANANAS;SEASHELLS;4982.0;1
-2;251500;Penelope;Charlie;BANANAS;SEASHELLS;4989.0;4
-2;251700;Caesar;Penelope;PEARLS;SEASHELLS;9996.0;2
-2;251700;Charlie;Penelope;PEARLS;SEASHELLS;9996.0;2
-2;251700;Charlie;Paris;PEARLS;SEASHELLS;9998.0;1
-2;252300;Penelope;Camilla;PEARLS;SEASHELLS;10002.0;5
-2;252800;Caesar;Paris;PEARLS;SEASHELLS;9996.0;2
-2;252800;Charlie;Paris;BANANAS;SEASHELLS;4984.0;2
-2;253400;Charlie;Penelope;BANANAS;SEASHELLS;4985.0;10
-2;253500;Charlie;Paris;BANANAS;SEASHELLS;4985.0;1
-2;253500;Caesar;Paris;PEARLS;SEASHELLS;9996.0;1
-2;253700;Charlie;Paris;BANANAS;SEASHELLS;4986.0;1
-2;253800;Paris;Camilla;PEARLS;SEASHELLS;10002.0;1
-2;254000;Paris;Gina;BANANAS;SEASHELLS;4988.0;2
-2;254000;Charlie;Gina;BANANAS;SEASHELLS;4988.0;10
-2;254000;Paris;Charlie;PEARLS;SEASHELLS;10005.0;2
-2;254700;Paris;Charlie;BANANAS;SEASHELLS;4994.0;1
-2;254700;Paris;Caesar;PEARLS;SEASHELLS;10004.0;1
-2;254800;Paris;Charlie;PEARLS;SEASHELLS;10002.0;1
-2;255000;Charlie;Paris;BANANAS;SEASHELLS;4987.0;1
-2;255100;Charlie;Paris;BANANAS;SEASHELLS;4988.0;2
-2;255100;Caesar;Paris;PEARLS;SEASHELLS;9996.0;1
-2;255400;Charlie;Paris;BANANAS;SEASHELLS;4988.0;1
-2;255700;Pablo;Charlie;BANANAS;SEASHELLS;4992.0;1
-2;256000;Penelope;Charlie;BANANAS;SEASHELLS;4994.0;6
-2;256000;Paris;Charlie;BANANAS;SEASHELLS;4993.0;1
-2;256000;Penelope;Caesar;BANANAS;SEASHELLS;4994.0;1
-2;256200;Charlie;Gary;BANANAS;SEASHELLS;4989.0;15
-2;257000;Paris;Camilla;PEARLS;SEASHELLS;10002.0;1
-2;257100;Charlie;Pablo;BANANAS;SEASHELLS;4991.0;1
-2;257100;Paris;Pablo;BANANAS;SEASHELLS;4991.0;1
-2;257300;Pablo;Charlie;BANANAS;SEASHELLS;4995.0;5
-2;257600;Caesar;Paris;BANANAS;SEASHELLS;4991.0;1
-2;257600;Caesar;Paris;PEARLS;SEASHELLS;9996.0;1
-2;258000;Charlie;Paris;PEARLS;SEASHELLS;9998.0;1
-2;258200;Charlie;Paris;BANANAS;SEASHELLS;4990.0;2
-2;258200;Charlie;Paris;PEARLS;SEASHELLS;9995.0;2
-2;258400;Penelope;Charlie;PEARLS;SEASHELLS;10005.0;5
-2;259300;Camilla;Paris;BANANAS;SEASHELLS;4991.0;1
-2;259300;Camilla;Paris;PEARLS;SEASHELLS;9998.0;1
-2;259500;Paris;Camilla;BANANAS;SEASHELLS;4995.0;1
-2;260000;Paris;Camilla;PEARLS;SEASHELLS;10002.0;1
-2;260200;Charlie;Paris;PEARLS;SEASHELLS;9995.0;1
-2;260200;Charlie;Paris;BANANAS;SEASHELLS;4989.0;1
-2;260300;Caesar;Paris;BANANAS;SEASHELLS;4990.0;1
-2;260300;Paris;Charlie;PEARLS;SEASHELLS;10002.0;1
-2;260600;Penelope;Caesar;PEARLS;SEASHELLS;10004.0;1
-2;260600;Caesar;Paris;BANANAS;SEASHELLS;4990.0;1
-2;261000;Paris;Pablo;BANANAS;SEASHELLS;4990.0;1
-2;261200;Paris;Camilla;PEARLS;SEASHELLS;10002.0;1
-2;261300;Paris;Penelope;PEARLS;SEASHELLS;10002.0;1
-2;261500;Camilla;Paris;BANANAS;SEASHELLS;4989.0;1
-2;261500;Camilla;Paris;PEARLS;SEASHELLS;9998.0;1
-2;261600;Paris;Charlie;PEARLS;SEASHELLS;10002.0;1
-2;261800;Paris;Camilla;BANANAS;SEASHELLS;4994.0;1
-2;261900;Charlie;Paris;BANANAS;SEASHELLS;4989.0;1
-2;262200;Paris;Charlie;BANANAS;SEASHELLS;4996.0;2
-2;262200;Paris;Charlie;PEARLS;SEASHELLS;10005.0;2
-2;262400;Paris;Camilla;PEARLS;SEASHELLS;10002.0;1
-2;262500;Charlie;Pablo;PEARLS;SEASHELLS;9998.0;2
-2;262800;Charlie;Paris;BANANAS;SEASHELLS;4990.0;1
-2;262900;Paris;Charlie;BANANAS;SEASHELLS;4996.0;1
-2;263700;Caesar;Paris;BANANAS;SEASHELLS;4991.0;1
-2;263800;Paris;Camilla;PEARLS;SEASHELLS;10002.0;1
-2;264500;Camilla;Pablo;BANANAS;SEASHELLS;4991.0;5
-2;264700;Charlie;Paris;PEARLS;SEASHELLS;9998.0;1
-2;265000;Charlie;Paris;PEARLS;SEASHELLS;9998.0;1
-2;265700;Penelope;Caesar;BANANAS;SEASHELLS;4995.0;2
-2;265700;Paris;Charlie;BANANAS;SEASHELLS;4996.0;2
-2;265700;Paris;Caesar;PEARLS;SEASHELLS;10004.0;2
-2;265900;Caesar;Paris;BANANAS;SEASHELLS;4992.0;1
-2;265900;Paris;Camilla;BANANAS;SEASHELLS;4994.0;1
-2;265900;Caesar;Paris;PEARLS;SEASHELLS;10000.0;1
-2;266000;Camilla;Pablo;PEARLS;SEASHELLS;9998.0;3
-2;266000;Camilla;Paris;BANANAS;SEASHELLS;4990.0;1
-2;266300;Charlie;Paris;BANANAS;SEASHELLS;4989.0;1
-2;266500;Paris;Charlie;BANANAS;SEASHELLS;4995.0;1
-2;266700;Paris;Charlie;PEARLS;SEASHELLS;10002.0;1
-2;266800;Paris;Charlie;BANANAS;SEASHELLS;4997.0;1
-2;266800;Paris;Caesar;PEARLS;SEASHELLS;10004.0;1
-2;267000;Charlie;Paris;BANANAS;SEASHELLS;4991.0;1
-2;267000;Pablo;Charlie;PEARLS;SEASHELLS;10002.0;5
-2;267600;Paris;Charlie;PEARLS;SEASHELLS;10002.0;1
-2;267900;Pablo;Charlie;BANANAS;SEASHELLS;4994.0;1
-2;268800;Penelope;Caesar;PEARLS;SEASHELLS;10004.0;2
-2;269000;Charlie;Paris;BANANAS;SEASHELLS;4990.0;1
-2;269000;Caesar;Paris;BANANAS;SEASHELLS;4990.0;1
-2;269000;Charlie;Paris;PEARLS;SEASHELLS;9996.0;1
-2;269000;Caesar;Paris;PEARLS;SEASHELLS;9996.0;1
-2;269200;Paris;Camilla;BANANAS;SEASHELLS;4994.0;1
-2;269200;Gina;Camilla;PEARLS;SEASHELLS;10002.0;8
-2;269400;Charlie;Penelope;PEARLS;SEASHELLS;9995.0;5
-2;269700;Charlie;Paris;PEARLS;SEASHELLS;9998.0;1
-2;269800;Pablo;Charlie;PEARLS;SEASHELLS;10002.0;1
-2;269800;Paris;Paris;BANANAS;SEASHELLS;4994.0;1
-2;269800;Pablo;Paris;PEARLS;SEASHELLS;10002.0;2
-2;269900;Paris;Charlie;BANANAS;SEASHELLS;4994.0;1
-2;270000;Charlie;Penelope;BANANAS;SEASHELLS;4988.0;4
-2;270100;Camilla;Paris;BANANAS;SEASHELLS;4989.0;1
-2;270200;Camilla;Paris;PEARLS;SEASHELLS;9998.0;1
-2;270300;Camilla;Paris;BANANAS;SEASHELLS;4989.0;1
-2;270400;Penelope;Charlie;PEARLS;SEASHELLS;10005.0;5
-2;270600;Paris;Charlie;BANANAS;SEASHELLS;4994.0;1
-2;270700;Charlie;Paris;BANANAS;SEASHELLS;4989.0;1
-2;270900;Paris;Caesar;PEARLS;SEASHELLS;10004.0;2
-2;270900;Paris;Charlie;BANANAS;SEASHELLS;4996.0;2
-2;271200;Penelope;Camilla;BANANAS;SEASHELLS;4994.0;7
-2;271600;Camilla;Paris;PEARLS;SEASHELLS;9998.0;1
-2;271700;Charlie;Paris;BANANAS;SEASHELLS;4989.0;1
-2;271800;Penelope;Caesar;PEARLS;SEASHELLS;10004.0;2
-2;271900;Gary;Charlie;BANANAS;SEASHELLS;4995.0;14
-2;272100;Paris;Charlie;BANANAS;SEASHELLS;4994.0;1
-2;272200;Charlie;Paris;BANANAS;SEASHELLS;4989.0;1
-2;272300;Pablo;Charlie;PEARLS;SEASHELLS;10002.0;2
-2;272700;Charlie;Paris;PEARLS;SEASHELLS;9998.0;1
-2;272800;Penelope;Caesar;PEARLS;SEASHELLS;10004.0;1
-2;272800;Paris;Charlie;PEARLS;SEASHELLS;10005.0;2
-2;272800;Paris;Charlie;BANANAS;SEASHELLS;4995.0;2
-2;273400;Caesar;Gary;PEARLS;SEASHELLS;9996.0;2
-2;273400;Charlie;Gary;PEARLS;SEASHELLS;9996.0;6
-2;274200;Paris;Charlie;BANANAS;SEASHELLS;4994.0;1
-2;274600;Charlie;Pablo;BANANAS;SEASHELLS;4989.0;1
-2;275000;Paris;Charlie;BANANAS;SEASHELLS;4993.0;1
-2;275600;Penelope;Paris;PEARLS;SEASHELLS;9998.0;1
-2;275600;Pablo;Charlie;BANANAS;SEASHELLS;4993.0;3
-2;276500;Gary;Paris;PEARLS;SEASHELLS;9998.0;1
-2;277000;Caesar;Paris;BANANAS;SEASHELLS;4988.0;1
-2;277000;Charlie;Paris;BANANAS;SEASHELLS;4988.0;1
-2;277000;Caesar;Paris;PEARLS;SEASHELLS;9996.0;2
-2;278100;Pablo;Paris;BANANAS;SEASHELLS;4991.0;1
-2;278200;Charlie;Pablo;PEARLS;SEASHELLS;9998.0;3
-2;278200;Charlie;Paris;BANANAS;SEASHELLS;4988.0;1
-2;278500;Caesar;Gary;PEARLS;SEASHELLS;9996.0;1
-2;278700;Penelope;Camilla;BANANAS;SEASHELLS;4991.0;3
-2;278700;Penelope;Charlie;BANANAS;SEASHELLS;4991.0;8
-2;279200;Camilla;Penelope;BANANAS;SEASHELLS;4987.0;4
-2;279300;Charlie;Paris;BANANAS;SEASHELLS;4986.0;1
-2;279400;Charlie;Paris;BANANAS;SEASHELLS;4985.0;2
-2;279400;Caesar;Gary;PEARLS;SEASHELLS;9996.0;2
-2;279400;Charlie;Paris;PEARLS;SEASHELLS;9995.0;2
-2;279900;Caesar;Paris;PEARLS;SEASHELLS;9996.0;1
-2;279900;Charlie;Paris;BANANAS;SEASHELLS;4985.0;2
-2;280200;Gary;Charlie;BANANAS;SEASHELLS;4992.0;13
-2;280400;Paris;Charlie;BANANAS;SEASHELLS;4992.0;2
-2;280400;Paris;Caesar;PEARLS;SEASHELLS;10004.0;2
-2;280900;Caesar;Penelope;PEARLS;SEASHELLS;10000.0;2
-2;281100;Pablo;Charlie;PEARLS;SEASHELLS;10002.0;5
-2;282200;Camilla;Paris;BANANAS;SEASHELLS;4984.0;1
-2;282400;Pablo;Camilla;PEARLS;SEASHELLS;10002.0;1
-2;282500;Charlie;Penelope;PEARLS;SEASHELLS;9995.0;2
-2;283300;Paris;Charlie;BANANAS;SEASHELLS;4992.0;2
-2;283300;Paris;Caesar;PEARLS;SEASHELLS;10004.0;1
-2;283300;Paris;Charlie;PEARLS;SEASHELLS;10004.0;1
-2;283600;Paris;Charlie;PEARLS;SEASHELLS;10002.0;1
-2;283700;Charlie;Paris;PEARLS;SEASHELLS;9998.0;1
-2;284200;Penelope;Charlie;BANANAS;SEASHELLS;4992.0;10
-2;284300;Camilla;Paris;PEARLS;SEASHELLS;9998.0;1
-2;284500;Charlie;Paris;BANANAS;SEASHELLS;4985.0;2
-2;284500;Caesar;Paris;PEARLS;SEASHELLS;9996.0;2
-2;285100;Charlie;Paris;BANANAS;SEASHELLS;4986.0;1
-2;285100;Caesar;Paris;PEARLS;SEASHELLS;9996.0;1
-2;285300;Charlie;Paris;BANANAS;SEASHELLS;4986.0;1
-2;285700;Caesar;Gary;PEARLS;SEASHELLS;9996.0;2
-2;286000;Paris;Paris;PEARLS;SEASHELLS;9998.0;1
-2;286000;Paris;Charlie;BANANAS;SEASHELLS;4991.0;2
-2;288100;Pablo;Charlie;PEARLS;SEASHELLS;10002.0;4
-2;288100;Pablo;Paris;PEARLS;SEASHELLS;10002.0;1
-2;288100;Charlie;Paris;BANANAS;SEASHELLS;4984.0;1
-2;288600;Charlie;Paris;BANANAS;SEASHELLS;4984.0;1
-2;288900;Paris;Charlie;BANANAS;SEASHELLS;4988.0;1
-2;288900;Paris;Charlie;BANANAS;SEASHELLS;4989.0;1
-2;288900;Paris;Caesar;PEARLS;SEASHELLS;10004.0;1
-2;289400;Paris;Camilla;BANANAS;SEASHELLS;4989.0;1
-2;289400;Charlie;Penelope;BANANAS;SEASHELLS;4984.0;7
-2;289700;Charlie;Penelope;BANANAS;SEASHELLS;4984.0;5
-2;289800;Gary;Caesar;PEARLS;SEASHELLS;10004.0;2
-2;290200;Pablo;Paris;BANANAS;SEASHELLS;4988.0;1
-2;290300;Paris;Charlie;BANANAS;SEASHELLS;4990.0;1
-2;290300;Paris;Paris;PEARLS;SEASHELLS;9998.0;1
-2;291400;Charlie;Penelope;PEARLS;SEASHELLS;9995.0;4
-2;291400;Charlie;Paris;BANANAS;SEASHELLS;4986.0;1
-2;291500;Charlie;Paris;PEARLS;SEASHELLS;9998.0;1
-2;291700;Caesar;Paris;BANANAS;SEASHELLS;4987.0;1
-2;291700;Charlie;Paris;PEARLS;SEASHELLS;9998.0;1
-2;292200;Paris;Charlie;PEARLS;SEASHELLS;10002.0;1
-2;292300;Charlie;Paris;BANANAS;SEASHELLS;4988.0;2
-2;292300;Caesar;Paris;PEARLS;SEASHELLS;9996.0;2
-2;292400;Paris;Charlie;PEARLS;SEASHELLS;10002.0;1
-2;292500;Pablo;Charlie;PEARLS;SEASHELLS;10002.0;3
-2;292500;Pablo;Camilla;PEARLS;SEASHELLS;10002.0;2
-2;292600;Penelope;Charlie;BANANAS;SEASHELLS;4995.0;6
-2;292600;Penelope;Caesar;BANANAS;SEASHELLS;4995.0;1
-2;292800;Caesar;Paris;BANANAS;SEASHELLS;4989.0;1
-2;292800;Paris;Paris;PEARLS;SEASHELLS;10002.0;1
-2;293000;Gary;Charlie;BANANAS;SEASHELLS;4995.0;16
-2;293000;Charlie;Paris;BANANAS;SEASHELLS;4988.0;1
-2;293100;Camilla;Paris;BANANAS;SEASHELLS;4989.0;1
-2;293400;Charlie;Paris;BANANAS;SEASHELLS;4988.0;1
-2;293400;Charlie;Pablo;BANANAS;SEASHELLS;4989.0;5
-2;293600;Caesar;Gina;BANANAS;SEASHELLS;4988.0;1
-2;293700;Paris;Charlie;PEARLS;SEASHELLS;10002.0;1
-2;294000;Charlie;Penelope;BANANAS;SEASHELLS;4988.0;9
-2;294200;Caesar;Penelope;BANANAS;SEASHELLS;4988.0;1
-2;294200;Charlie;Penelope;BANANAS;SEASHELLS;4988.0;4
-2;294300;Gina;Charlie;BANANAS;SEASHELLS;4993.0;11
-2;294900;Charlie;Paris;PEARLS;SEASHELLS;9995.0;1
-2;294900;Charlie;Paris;BANANAS;SEASHELLS;4988.0;1
-2;295300;Camilla;Paris;BANANAS;SEASHELLS;4989.0;1
-2;295700;Paris;Caesar;PEARLS;SEASHELLS;10004.0;1
-2;295700;Paris;Charlie;BANANAS;SEASHELLS;4995.0;2
-2;295800;Paris;Paris;PEARLS;SEASHELLS;10002.0;1
-2;295800;Charlie;Paris;BANANAS;SEASHELLS;4988.0;1
-2;296100;Penelope;Pablo;BANANAS;SEASHELLS;4990.0;1
-2;296200;Paris;Camilla;PEARLS;SEASHELLS;10002.0;1
-2;296300;Paris;Charlie;BANANAS;SEASHELLS;4993.0;1
-2;296400;Camilla;Pablo;PEARLS;SEASHELLS;9998.0;5
-2;296700;Gina;Charlie;BANANAS;SEASHELLS;4992.0;8
-2;297000;Charlie;Pablo;BANANAS;SEASHELLS;4988.0;2
-2;297100;Paris;Charlie;BANANAS;SEASHELLS;4992.0;1
-2;297300;Penelope;Caesar;PEARLS;SEASHELLS;10004.0;2
-2;297400;Paris;Charlie;BANANAS;SEASHELLS;4994.0;2
-2;297400;Paris;Pablo;PEARLS;SEASHELLS;9998.0;2
-2;297400;Charlie;Paris;BANANAS;SEASHELLS;4987.0;1
-2;297400;Gary;Caesar;BANANAS;SEASHELLS;4993.0;1
-2;297700;Paris;Camilla;PEARLS;SEASHELLS;10002.0;1
-2;297800;Pablo;Charlie;PEARLS;SEASHELLS;10002.0;3
-2;298100;Camilla;Paris;BANANAS;SEASHELLS;4990.0;2
-2;298100;Camilla;Paris;PEARLS;SEASHELLS;9998.0;2
-2;298600;Charlie;Paris;BANANAS;SEASHELLS;4990.0;1
-2;298800;Paris;Camilla;BANANAS;SEASHELLS;4996.0;1
-2;298900;Paris;Camilla;BANANAS;SEASHELLS;4996.0;1
-2;299500;Charlie;Penelope;PEARLS;SEASHELLS;9995.0;5
-2;299600;Paris;Camilla;BANANAS;SEASHELLS;4996.0;1
-2;299700;Paris;Charlie;BANANAS;SEASHELLS;4996.0;1
-2;300700;Charlie;Penelope;BANANAS;SEASHELLS;4992.0;6
-2;300800;Paris;Charlie;BANANAS;SEASHELLS;4999.0;1
-2;300800;Paris;Charlie;PEARLS;SEASHELLS;10005.0;1
-2;301100;Charlie;Pablo;BANANAS;SEASHELLS;4993.0;1
-2;301400;Paris;Charlie;PEARLS;SEASHELLS;10005.0;2
-2;301400;Paris;Charlie;BANANAS;SEASHELLS;4998.0;2
-2;301500;Paris;Charlie;PEARLS;SEASHELLS;10002.0;1
-2;301900;Gina;Camilla;BANANAS;SEASHELLS;4996.0;8
-2;301900;Gary;Charlie;BANANAS;SEASHELLS;4998.0;20
-2;302100;Paris;Charlie;BANANAS;SEASHELLS;4996.0;1
-2;302100;Paris;Charlie;BANANAS;SEASHELLS;4997.0;1
-2;302100;Paris;Caesar;PEARLS;SEASHELLS;10004.0;1
-2;302400;Camilla;Pablo;PEARLS;SEASHELLS;9998.0;1
-2;302400;Charlie;Pablo;PEARLS;SEASHELLS;9998.0;4
-2;302500;Charlie;Paris;PEARLS;SEASHELLS;9998.0;1
-2;302900;Caesar;Paris;BANANAS;SEASHELLS;4990.0;1
-2;303100;Charlie;Paris;BANANAS;SEASHELLS;4990.0;1
-2;303100;Paris;Charlie;PEARLS;SEASHELLS;10005.0;2
-2;303100;Paris;Charlie;BANANAS;SEASHELLS;4997.0;2
-2;303400;Charlie;Pablo;BANANAS;SEASHELLS;4991.0;5
-2;303600;Camilla;Paris;BANANAS;SEASHELLS;4991.0;1
-2;303600;Camilla;Pablo;PEARLS;SEASHELLS;9998.0;5
-2;303700;Paris;Charlie;PEARLS;SEASHELLS;10002.0;1
-2;303900;Charlie;Gary;BANANAS;SEASHELLS;4991.0;17
-2;304100;Charlie;Pablo;BANANAS;SEASHELLS;4992.0;5
-2;305100;Camilla;Paris;PEARLS;SEASHELLS;9998.0;1
-2;305600;Penelope;Charlie;BANANAS;SEASHELLS;4996.0;12
-2;305900;Pablo;Camilla;PEARLS;SEASHELLS;10002.0;3
-2;306000;Camilla;Paris;BANANAS;SEASHELLS;4989.0;1
-2;306300;Charlie;Paris;PEARLS;SEASHELLS;9998.0;1
-2;306700;Charlie;Pablo;PEARLS;SEASHELLS;9998.0;2
-2;307400;Charlie;Paris;PEARLS;SEASHELLS;9998.0;1
-2;307500;Charlie;Paris;BANANAS;SEASHELLS;4989.0;1
-2;307900;Paris;Charlie;BANANAS;SEASHELLS;4997.0;1
-2;307900;Paris;Caesar;PEARLS;SEASHELLS;10004.0;1
-2;308000;Paris;Charlie;PEARLS;SEASHELLS;10002.0;1
-2;308200;Caesar;Paris;PEARLS;SEASHELLS;9996.0;1
-2;308200;Charlie;Paris;BANANAS;SEASHELLS;4990.0;1
-2;308300;Paris;Charlie;PEARLS;SEASHELLS;10002.0;1
-2;308300;Charlie;Paris;BANANAS;SEASHELLS;4990.0;1
-2;308500;Charlie;Paris;BANANAS;SEASHELLS;4991.0;1
-2;308600;Charlie;Pablo;BANANAS;SEASHELLS;4992.0;5
-2;308600;Charlie;Paris;BANANAS;SEASHELLS;4991.0;1
-2;309200;Caesar;Pablo;BANANAS;SEASHELLS;4991.0;1
-2;309600;Camilla;Paris;BANANAS;SEASHELLS;4991.0;2
-2;309600;Camilla;Paris;PEARLS;SEASHELLS;9998.0;2
-2;309800;Charlie;Paris;PEARLS;SEASHELLS;9998.0;1
-2;310600;Paris;Camilla;PEARLS;SEASHELLS;10002.0;1
-2;310800;Paris;Charlie;BANANAS;SEASHELLS;4994.0;1
-2;310900;Penelope;Caesar;PEARLS;SEASHELLS;10004.0;2
-2;311100;Charlie;Paris;BANANAS;SEASHELLS;4988.0;1
-2;311700;Charlie;Paris;BANANAS;SEASHELLS;4988.0;2
-2;311700;Caesar;Paris;PEARLS;SEASHELLS;9996.0;2
-2;312300;Caesar;Paris;BANANAS;SEASHELLS;4990.0;2
-2;312300;Caesar;Paris;PEARLS;SEASHELLS;9996.0;2
-2;312500;Paris;Camilla;BANANAS;SEASHELLS;4995.0;1
-2;312600;Gary;Caesar;PEARLS;SEASHELLS;10004.0;2
-2;312600;Gary;Charlie;PEARLS;SEASHELLS;10004.0;8
-2;313100;Charlie;Penelope;PEARLS;SEASHELLS;9996.0;1
-2;313100;Caesar;Penelope;PEARLS;SEASHELLS;9996.0;2
-2;313100;Charlie;Paris;BANANAS;SEASHELLS;4990.0;1
-2;313200;Caesar;Paris;BANANAS;SEASHELLS;4990.0;1
-2;313600;Penelope;Charlie;PEARLS;SEASHELLS;10005.0;5
-2;313700;Charlie;Pablo;PEARLS;SEASHELLS;9998.0;2
-2;313700;Camilla;Pablo;PEARLS;SEASHELLS;9998.0;2
-2;314000;Pablo;Camilla;PEARLS;SEASHELLS;10002.0;1
-2;314100;Paris;Camilla;PEARLS;SEASHELLS;10002.0;1
-2;314200;Charlie;Caesar;BANANAS;SEASHELLS;4994.0;1
-2;314700;Paris;Paris;PEARLS;SEASHELLS;10002.0;1
-2;314700;Charlie;Paris;BANANAS;SEASHELLS;4992.0;2
-2;315300;Pablo;Camilla;PEARLS;SEASHELLS;10002.0;5
-2;315500;Camilla;Gary;PEARLS;SEASHELLS;9998.0;2
-2;315800;Paris;Camilla;BANANAS;SEASHELLS;4998.0;1
-2;315800;Paris;Camilla;PEARLS;SEASHELLS;10002.0;1
-2;315800;Paris;Charlie;BANANAS;SEASHELLS;4999.0;1
-2;316000;Camilla;Pablo;BANANAS;SEASHELLS;4993.0;2
-2;316200;Paris;Caesar;PEARLS;SEASHELLS;10004.0;2
-2;316200;Paris;Charlie;BANANAS;SEASHELLS;4999.0;2
-2;316600;Paris;Charlie;BANANAS;SEASHELLS;5000.0;1
-2;316600;Paris;Charlie;PEARLS;SEASHELLS;10005.0;1
-2;316800;Camilla;Paris;BANANAS;SEASHELLS;4994.0;1
-2;316900;Paris;Charlie;BANANAS;SEASHELLS;4999.0;1
-2;317400;Caesar;Paris;BANANAS;SEASHELLS;4993.0;1
-2;317600;Charlie;Caesar;BANANAS;SEASHELLS;4994.0;5
-2;317700;Pablo;Camilla;PEARLS;SEASHELLS;10002.0;1
-2;317800;Charlie;Pablo;PEARLS;SEASHELLS;9998.0;3
-2;318000;Charlie;Pablo;PEARLS;SEASHELLS;9998.0;1
-2;318400;Gary;Charlie;BANANAS;SEASHELLS;4997.0;15
-2;318600;Pablo;Gina;PEARLS;SEASHELLS;10002.0;2
-2;318700;Paris;Camilla;BANANAS;SEASHELLS;4996.0;1
-2;319000;Charlie;Paris;PEARLS;SEASHELLS;9998.0;1
-2;319000;Penelope;Charlie;BANANAS;SEASHELLS;4998.0;4
-2;319500;Charlie;Paris;BANANAS;SEASHELLS;4992.0;1
-2;319800;Paris;Caesar;PEARLS;SEASHELLS;10002.0;1
-2;320100;Charlie;Paris;PEARLS;SEASHELLS;9998.0;1
-2;320200;Charlie;Penelope;BANANAS;SEASHELLS;4991.0;6
-2;320300;Paris;Caesar;PEARLS;SEASHELLS;10004.0;1
-2;320300;Paris;Caesar;BANANAS;SEASHELLS;4997.0;1
-2;320500;Caesar;Paris;BANANAS;SEASHELLS;4991.0;1
-2;320900;Penelope;Charlie;PEARLS;SEASHELLS;10005.0;3
-2;321100;Charlie;Penelope;BANANAS;SEASHELLS;4992.0;9
-2;321100;Caesar;Penelope;BANANAS;SEASHELLS;4992.0;1
-2;321300;Paris;Caesar;BANANAS;SEASHELLS;4998.0;2
-2;321300;Paris;Caesar;PEARLS;SEASHELLS;10004.0;2
-2;321600;Charlie;Paris;BANANAS;SEASHELLS;4993.0;1
-2;321800;Caesar;Paris;BANANAS;SEASHELLS;4993.0;1
-2;321900;Caesar;Paris;PEARLS;SEASHELLS;9996.0;1
-2;321900;Caesar;Paris;BANANAS;SEASHELLS;4993.0;1
-2;322000;Caesar;Paris;BANANAS;SEASHELLS;4994.0;1
-2;322100;Charlie;Paris;BANANAS;SEASHELLS;4994.0;1
-2;322500;Caesar;Paris;BANANAS;SEASHELLS;4994.0;1
-2;322900;Charlie;Paris;BANANAS;SEASHELLS;4993.0;1
-2;324100;Camilla;Paris;PEARLS;SEASHELLS;9998.0;2
-2;324100;Caesar;Paris;BANANAS;SEASHELLS;4995.0;2
-2;324200;Charlie;Paris;PEARLS;SEASHELLS;9998.0;1
-2;324300;Paris;Charlie;BANANAS;SEASHELLS;4997.0;1
-2;324500;Charlie;Pablo;BANANAS;SEASHELLS;4993.0;2
-2;324600;Charlie;Penelope;PEARLS;SEASHELLS;9995.0;6
-2;325000;Penelope;Charlie;PEARLS;SEASHELLS;10005.0;5
-2;325100;Caesar;Paris;BANANAS;SEASHELLS;4992.0;1
-2;325100;Caesar;Paris;PEARLS;SEASHELLS;9996.0;1
-2;325500;Paris;Pablo;BANANAS;SEASHELLS;4993.0;1
-2;325500;Charlie;Pablo;BANANAS;SEASHELLS;4993.0;4
-2;325900;Penelope;Caesar;BANANAS;SEASHELLS;4998.0;2
-2;326000;Caesar;Gary;PEARLS;SEASHELLS;9996.0;2
-2;326200;Charlie;Paris;BANANAS;SEASHELLS;4991.0;1
-2;326300;Charlie;Paris;BANANAS;SEASHELLS;4991.0;1
-2;326400;Paris;Charlie;BANANAS;SEASHELLS;4996.0;1
-2;326600;Charlie;Pablo;BANANAS;SEASHELLS;4992.0;3
-2;326600;Paris;Pablo;BANANAS;SEASHELLS;4992.0;1
-2;326900;Paris;Camilla;PEARLS;SEASHELLS;10002.0;1
-2;326900;Charlie;Paris;BANANAS;SEASHELLS;4992.0;1
-2;327100;Pablo;Charlie;PEARLS;SEASHELLS;10002.0;2
-2;327400;Gina;Charlie;BANANAS;SEASHELLS;4995.0;8
-2;327500;Gary;Camilla;BANANAS;SEASHELLS;4995.0;8
-2;327500;Gary;Charlie;BANANAS;SEASHELLS;4995.0;9
-2;327700;Camilla;Paris;BANANAS;SEASHELLS;4991.0;1
-2;327800;Caesar;Paris;PEARLS;SEASHELLS;9996.0;1
-2;327800;Caesar;Paris;BANANAS;SEASHELLS;4993.0;1
-2;328400;Charlie;Paris;BANANAS;SEASHELLS;4991.0;1
-2;328600;Paris;Charlie;BANANAS;SEASHELLS;4997.0;1
-2;329000;Paris;Charlie;BANANAS;SEASHELLS;4997.0;1
-2;329100;Gary;Charlie;PEARLS;SEASHELLS;10005.0;10
-2;329300;Camilla;Paris;PEARLS;SEASHELLS;9998.0;1
-2;329700;Charlie;Paris;PEARLS;SEASHELLS;9998.0;1
-2;329800;Penelope;Charlie;PEARLS;SEASHELLS;10004.0;3
-2;329800;Penelope;Caesar;PEARLS;SEASHELLS;10004.0;1
-2;330400;Charlie;Paris;BANANAS;SEASHELLS;4993.0;1
-2;330600;Camilla;Penelope;PEARLS;SEASHELLS;9998.0;2
-2;330600;Charlie;Penelope;PEARLS;SEASHELLS;9998.0;3
-2;331000;Charlie;Pablo;BANANAS;SEASHELLS;4994.0;1
-2;331100;Paris;Charlie;PEARLS;SEASHELLS;10002.0;1
-2;331200;Paris;Charlie;PEARLS;SEASHELLS;10002.0;1
-2;331300;Charlie;Paris;BANANAS;SEASHELLS;4992.0;1
-2;331400;Charlie;Paris;PEARLS;SEASHELLS;9998.0;1
-2;331700;Charlie;Paris;PEARLS;SEASHELLS;9998.0;1
-2;331800;Charlie;Paris;BANANAS;SEASHELLS;4992.0;1
-2;331800;Caesar;Paris;PEARLS;SEASHELLS;9998.0;1
-2;331800;Caesar;Paris;PEARLS;SEASHELLS;10000.0;1
-2;332000;Caesar;Penelope;BANANAS;SEASHELLS;4995.0;3
-2;332300;Gary;Charlie;BANANAS;SEASHELLS;5000.0;20
-2;332500;Paris;Charlie;PEARLS;SEASHELLS;10002.0;1
-2;332800;Penelope;Charlie;BANANAS;SEASHELLS;5000.0;11
-2;333100;Paris;Caesar;PEARLS;SEASHELLS;10004.0;2
-2;333100;Paris;Charlie;BANANAS;SEASHELLS;4999.0;2
-2;333300;Caesar;Paris;BANANAS;SEASHELLS;4993.0;1
-2;333500;Charlie;Gary;PEARLS;SEASHELLS;9995.0;9
-2;333900;Pablo;Charlie;PEARLS;SEASHELLS;10002.0;2
-2;333900;Pablo;Charlie;BANANAS;SEASHELLS;4997.0;3
-2;334100;Charlie;Paris;BANANAS;SEASHELLS;4993.0;1
-2;334300;Charlie;Paris;BANANAS;SEASHELLS;4994.0;1
-2;334500;Charlie;Paris;BANANAS;SEASHELLS;4993.0;1
-2;334800;Charlie;Caesar;BANANAS;SEASHELLS;4996.0;2
-2;335000;Paris;Camilla;BANANAS;SEASHELLS;4999.0;1
-2;335200;Charlie;Pablo;BANANAS;SEASHELLS;4996.0;1
-2;335300;Charlie;Paris;PEARLS;SEASHELLS;9998.0;1
-2;335400;Paris;Camilla;PEARLS;SEASHELLS;10002.0;1
-2;335400;Gina;Camilla;BANANAS;SEASHELLS;4999.0;9
-2;335800;Charlie;Paris;PEARLS;SEASHELLS;9998.0;1
-2;336000;Charlie;Penelope;PEARLS;SEASHELLS;9995.0;8
-2;336200;Paris;Pablo;PEARLS;SEASHELLS;9998.0;1
-2;336200;Paris;Camilla;BANANAS;SEASHELLS;5003.0;1
-2;336400;Paris;Charlie;BANANAS;SEASHELLS;5006.0;1
-2;336500;Camilla;Pablo;PEARLS;SEASHELLS;9998.0;3
-2;336600;Charlie;Olivia;BANANAS;SEASHELLS;5000.0;17
-2;336600;Caesar;Paris;BANANAS;SEASHELLS;5001.0;2
-2;336600;Caesar;Paris;PEARLS;SEASHELLS;9996.0;2
-2;336700;Charlie;Paris;BANANAS;SEASHELLS;5000.0;1
-2;336800;Caesar;Penelope;PEARLS;SEASHELLS;9996.0;1
-2;336800;Charlie;Penelope;PEARLS;SEASHELLS;9996.0;2
-2;336800;Charlie;Paris;PEARLS;SEASHELLS;9998.0;1
-2;337100;Charlie;Paris;PEARLS;SEASHELLS;9998.0;1
-2;337200;Camilla;Paris;BANANAS;SEASHELLS;5001.0;2
-2;337200;Camilla;Paris;PEARLS;SEASHELLS;9998.0;2
-2;337200;Camilla;Penelope;PEARLS;SEASHELLS;9998.0;2
-2;337400;Charlie;Caesar;BANANAS;SEASHELLS;5002.0;2
-2;337500;Pablo;Charlie;PEARLS;SEASHELLS;10002.0;5
-2;337600;Caesar;Paris;PEARLS;SEASHELLS;9996.0;1
-2;337600;Caesar;Paris;BANANAS;SEASHELLS;5001.0;1
-2;337900;Charlie;Paris;BANANAS;SEASHELLS;5000.0;1
-2;338300;Paris;Caesar;BANANAS;SEASHELLS;5005.0;1
-2;338300;Paris;Caesar;PEARLS;SEASHELLS;10004.0;1
-2;338300;Charlie;Paris;BANANAS;SEASHELLS;4999.0;1
-2;338600;Paris;Charlie;BANANAS;SEASHELLS;5003.0;1
-2;339000;Charlie;Paris;PEARLS;SEASHELLS;9998.0;1
-2;339600;Paris;Charlie;BANANAS;SEASHELLS;5002.0;1
-2;339900;Camilla;Paris;PEARLS;SEASHELLS;9998.0;1
-2;340100;Paris;Charlie;BANANAS;SEASHELLS;5002.0;1
-2;340500;Paris;Charlie;BANANAS;SEASHELLS;5002.0;1
-2;340700;Caesar;Gary;PEARLS;SEASHELLS;9996.0;2
-2;340700;Charlie;Gary;PEARLS;SEASHELLS;9996.0;2
-2;340700;Penelope;Gary;PEARLS;SEASHELLS;9996.0;8
-2;341000;Gary;Caesar;PEARLS;SEASHELLS;10004.0;2
-2;341200;Caesar;Penelope;PEARLS;SEASHELLS;9996.0;1
-2;341200;Charlie;Penelope;PEARLS;SEASHELLS;9996.0;1
-2;341300;Paris;Charlie;BANANAS;SEASHELLS;5001.0;1
-2;341300;Pablo;Charlie;PEARLS;SEASHELLS;10002.0;1
-2;341400;Camilla;Paris;PEARLS;SEASHELLS;9998.0;1
-2;341400;Camilla;Paris;BANANAS;SEASHELLS;4996.0;1
-2;341900;Charlie;Paris;PEARLS;SEASHELLS;9998.0;1
-2;342100;Charlie;Paris;BANANAS;SEASHELLS;4996.0;1
-2;342300;Charlie;Paris;BANANAS;SEASHELLS;4995.0;1
-2;342900;Paris;Pablo;BANANAS;SEASHELLS;4998.0;2
-2;342900;Charlie;Pablo;BANANAS;SEASHELLS;4998.0;2
-2;342900;Paris;Charlie;PEARLS;SEASHELLS;10005.0;2
-2;343500;Paris;Pablo;BANANAS;SEASHELLS;4997.0;1
-2;343700;Charlie;Paris;BANANAS;SEASHELLS;4997.0;1
-2;343700;Paris;Charlie;PEARLS;SEASHELLS;10002.0;1
-2;344100;Paris;Gary;PEARLS;SEASHELLS;10002.0;1
-2;344100;Pablo;Paris;BANANAS;SEASHELLS;5000.0;1
-2;344200;Caesar;Penelope;PEARLS;SEASHELLS;9996.0;2
-2;344300;Paris;Charlie;PEARLS;SEASHELLS;10002.0;1
-2;344600;Penelope;Pablo;BANANAS;SEASHELLS;4996.0;2
-2;344800;Paris;Charlie;BANANAS;SEASHELLS;5001.0;1
-2;345000;Charlie;Penelope;BANANAS;SEASHELLS;4995.0;8
-2;345100;Camilla;Paris;BANANAS;SEASHELLS;4995.0;1
-2;345400;Caesar;Paris;PEARLS;SEASHELLS;9998.0;1
-2;345500;Charlie;Paris;PEARLS;SEASHELLS;9998.0;1
-2;345800;Caesar;Penelope;PEARLS;SEASHELLS;9996.0;1
-2;345800;Charlie;Penelope;PEARLS;SEASHELLS;9996.0;5
-2;345900;Charlie;Paris;BANANAS;SEASHELLS;4996.0;1
-2;346200;Charlie;Penelope;PEARLS;SEASHELLS;9996.0;6
-2;346200;Caesar;Penelope;PEARLS;SEASHELLS;9996.0;1
-2;346400;Paris;Camilla;PEARLS;SEASHELLS;10002.0;1
-2;346600;Gary;Caesar;PEARLS;SEASHELLS;10004.0;1
-2;347100;Charlie;Paris;PEARLS;SEASHELLS;9998.0;1
-2;347300;Caesar;Pablo;BANANAS;SEASHELLS;4996.0;1
-2;347500;Paris;Camilla;BANANAS;SEASHELLS;4999.0;2
-2;347500;Paris;Camilla;PEARLS;SEASHELLS;10002.0;2
-2;347800;Charlie;Paris;BANANAS;SEASHELLS;4993.0;1
-2;348300;Caesar;Penelope;BANANAS;SEASHELLS;4994.0;2
-2;348600;Penelope;Charlie;BANANAS;SEASHELLS;5000.0;11
-2;348800;Caesar;Paris;BANANAS;SEASHELLS;4994.0;1
-2;349000;Charlie;Paris;BANANAS;SEASHELLS;4993.0;1
-2;349100;Pablo;Paris;BANANAS;SEASHELLS;4997.0;1
-2;349200;Charlie;Paris;BANANAS;SEASHELLS;4993.0;1
-2;349400;Penelope;Charlie;PEARLS;SEASHELLS;10004.0;6
-2;349400;Paris;Charlie;BANANAS;SEASHELLS;4999.0;1
-2;349400;Penelope;Caesar;PEARLS;SEASHELLS;10004.0;1
-2;349500;Paris;Charlie;BANANAS;SEASHELLS;4999.0;1
-2;349600;Caesar;Paris;PEARLS;SEASHELLS;9996.0;1
-2;349600;Charlie;Paris;BANANAS;SEASHELLS;4993.0;1
-2;349900;Paris;Camilla;BANANAS;SEASHELLS;5000.0;1
-2;350100;Gina;Charlie;BANANAS;SEASHELLS;4999.0;12
-2;350400;Penelope;Camilla;PEARLS;SEASHELLS;10002.0;3
-2;350400;Penelope;Charlie;PEARLS;SEASHELLS;10002.0;3
-2;350400;Charlie;Paris;BANANAS;SEASHELLS;4995.0;1
-2;350700;Charlie;Pablo;PEARLS;SEASHELLS;9998.0;5
-2;350800;Charlie;Paris;BANANAS;SEASHELLS;4994.0;2
-2;350800;Caesar;Paris;PEARLS;SEASHELLS;9996.0;2
-2;350800;Charlie;Paris;BANANAS;SEASHELLS;4995.0;1
-2;350900;Paris;Charlie;PEARLS;SEASHELLS;10002.0;1
-2;351000;Paris;Charlie;BANANAS;SEASHELLS;4999.0;1
-2;351000;Camilla;Paris;PEARLS;SEASHELLS;9998.0;1
-2;351400;Paris;Charlie;BANANAS;SEASHELLS;5001.0;2
-2;351400;Paris;Charlie;PEARLS;SEASHELLS;10005.0;2
-2;351500;Caesar;Paris;BANANAS;SEASHELLS;4994.0;1
-2;351800;Penelope;Caesar;BANANAS;SEASHELLS;4999.0;2
-2;351800;Penelope;Charlie;BANANAS;SEASHELLS;4999.0;7
-2;351800;Penelope;Charlie;PEARLS;SEASHELLS;10004.0;4
-2;351800;Pablo;Charlie;PEARLS;SEASHELLS;10002.0;2
-2;351800;Penelope;Caesar;PEARLS;SEASHELLS;10004.0;2
-2;352200;Paris;Charlie;PEARLS;SEASHELLS;10002.0;1
-2;352800;Caesar;Paris;BANANAS;SEASHELLS;4992.0;1
-2;352900;Paris;Charlie;BANANAS;SEASHELLS;4997.0;1
-2;353100;Charlie;Paris;BANANAS;SEASHELLS;4992.0;1
-2;353100;Caesar;Paris;PEARLS;SEASHELLS;9996.0;1
-2;353200;Pablo;Camilla;PEARLS;SEASHELLS;10002.0;1
-2;353200;Pablo;Charlie;PEARLS;SEASHELLS;10002.0;0
-2;353200;Charlie;Gary;BANANAS;SEASHELLS;4992.0;20
-2;353200;Gina;Camilla;PEARLS;SEASHELLS;10002.0;6
-2;353200;Gina;Charlie;PEARLS;SEASHELLS;10002.0;1
-2;353600;Charlie;Paris;PEARLS;SEASHELLS;9995.0;2
-2;353600;Charlie;Paris;BANANAS;SEASHELLS;4993.0;2
-2;354100;Gina;Charlie;BANANAS;SEASHELLS;4998.0;12
-2;354200;Paris;Camilla;BANANAS;SEASHELLS;4997.0;1
-2;354200;Paris;Caesar;PEARLS;SEASHELLS;10000.0;1
-2;354300;Paris;Camilla;BANANAS;SEASHELLS;4998.0;1
-2;354300;Pablo;Camilla;PEARLS;SEASHELLS;10002.0;3
-2;354700;Paris;Charlie;BANANAS;SEASHELLS;4998.0;1
-2;354800;Charlie;Caesar;BANANAS;SEASHELLS;4994.0;3
-2;355100;Charlie;Paris;BANANAS;SEASHELLS;4992.0;2
-2;355100;Caesar;Paris;PEARLS;SEASHELLS;9996.0;1
-2;355300;Paris;Charlie;BANANAS;SEASHELLS;4997.0;1
-2;355500;Charlie;Paris;PEARLS;SEASHELLS;9998.0;1
-2;356100;Camilla;Paris;BANANAS;SEASHELLS;4993.0;1
-2;356600;Gary;Caesar;PEARLS;SEASHELLS;10004.0;1
-2;356600;Paris;Charlie;PEARLS;SEASHELLS;10002.0;1
-2;356600;Gary;Charlie;PEARLS;SEASHELLS;10004.0;11
-2;357200;Charlie;Paris;BANANAS;SEASHELLS;4990.0;1
-2;357500;Charlie;Penelope;PEARLS;SEASHELLS;9995.0;5
-2;358000;Caesar;Gary;PEARLS;SEASHELLS;9996.0;2
-2;358300;Caesar;Gary;BANANAS;SEASHELLS;4988.0;1
-2;358400;Penelope;Camilla;PEARLS;SEASHELLS;10002.0;7
-2;358500;Charlie;Paris;BANANAS;SEASHELLS;4987.0;1
-2;358600;Paris;Charlie;PEARLS;SEASHELLS;10002.0;1
-2;358600;Charlie;Paris;BANANAS;SEASHELLS;4986.0;1
-2;359200;Pablo;Caesar;BANANAS;SEASHELLS;4991.0;1
-2;359200;Gina;Caesar;BANANAS;SEASHELLS;4991.0;2
-2;359200;Pablo;Camilla;BANANAS;SEASHELLS;4991.0;0
-2;359200;Gina;Camilla;BANANAS;SEASHELLS;4991.0;6
-2;359300;Charlie;Penelope;PEARLS;SEASHELLS;9995.0;6
-2;359400;Penelope;Charlie;BANANAS;SEASHELLS;4993.0;8
-2;359600;Paris;Charlie;PEARLS;SEASHELLS;10002.0;1
-2;359800;Caesar;Paris;BANANAS;SEASHELLS;4987.0;1
-2;359900;Charlie;Paris;BANANAS;SEASHELLS;4986.0;1
-2;359900;Caesar;Paris;PEARLS;SEASHELLS;9996.0;1
-2;360000;Camilla;Pablo;PEARLS;SEASHELLS;9998.0;1
-2;360400;Paris;Charlie;PEARLS;SEASHELLS;10002.0;1
-2;360600;Paris;Camilla;BANANAS;SEASHELLS;4990.0;1
-2;360700;Pablo;Charlie;BANANAS;SEASHELLS;4990.0;4
-2;360800;Gina;Charlie;BANANAS;SEASHELLS;4991.0;8
-2;360900;Camilla;Pablo;PEARLS;SEASHELLS;9998.0;4
-2;361300;Charlie;Paris;PEARLS;SEASHELLS;9996.0;1
-2;361300;Caesar;Paris;PEARLS;SEASHELLS;9996.0;1
-2;361300;Charlie;Paris;BANANAS;SEASHELLS;4985.0;2
-2;361700;Paris;Charlie;BANANAS;SEASHELLS;4990.0;1
-2;362200;Charlie;Penelope;BANANAS;SEASHELLS;4985.0;2
-2;362500;Paris;Camilla;PEARLS;SEASHELLS;10002.0;1
-2;362700;Paris;Charlie;PEARLS;SEASHELLS;10002.0;1
-2;362800;Gina;Camilla;PEARLS;SEASHELLS;10002.0;5
-2;362900;Paris;Caesar;BANANAS;SEASHELLS;4991.0;1
-2;363200;Penelope;Caesar;PEARLS;SEASHELLS;10004.0;1
-2;363200;Penelope;Charlie;PEARLS;SEASHELLS;10004.0;1
-2;363300;Paris;Camilla;BANANAS;SEASHELLS;4990.0;1
-2;364000;Paris;Charlie;PEARLS;SEASHELLS;10002.0;1
-2;364100;Paris;Charlie;BANANAS;SEASHELLS;4990.0;1
-2;364600;Paris;Charlie;BANANAS;SEASHELLS;4990.0;1
-2;365000;Caesar;Paris;BANANAS;SEASHELLS;4986.0;1
-2;365300;Camilla;Penelope;PEARLS;SEASHELLS;9998.0;5
-2;365300;Penelope;Charlie;BANANAS;SEASHELLS;4992.0;12
-2;365300;Paris;Paris;BANANAS;SEASHELLS;4991.0;1
-2;365300;Camilla;Paris;PEARLS;SEASHELLS;9998.0;1
-2;365500;Gary;Charlie;BANANAS;SEASHELLS;4992.0;13
-2;365900;Paris;Charlie;BANANAS;SEASHELLS;4992.0;1
-2;365900;Charlie;Pablo;PEARLS;SEASHELLS;9998.0;5
-2;366100;Charlie;Paris;PEARLS;SEASHELLS;9998.0;1
-2;366500;Pablo;Paris;PEARLS;SEASHELLS;10002.0;1
-2;366700;Charlie;Paris;BANANAS;SEASHELLS;4986.0;1
-2;367000;Camilla;Paris;BANANAS;SEASHELLS;4987.0;1
-2;367100;Caesar;Paris;BANANAS;SEASHELLS;4987.0;1
-2;367100;Gary;Charlie;BANANAS;SEASHELLS;4993.0;16
-2;367200;Paris;Charlie;PEARLS;SEASHELLS;10002.0;1
-2;367300;Charlie;Paris;BANANAS;SEASHELLS;4986.0;1
-2;367900;Charlie;Caesar;BANANAS;SEASHELLS;4988.0;1
-2;368000;Paris;Charlie;BANANAS;SEASHELLS;4993.0;2
-2;368000;Paris;Charlie;PEARLS;SEASHELLS;10005.0;2
-2;368100;Paris;Camilla;BANANAS;SEASHELLS;4991.0;1
-2;368100;Paris;Caesar;PEARLS;SEASHELLS;10004.0;1
-2;368100;Pablo;Camilla;PEARLS;SEASHELLS;10002.0;1
-2;368300;Penelope;Caesar;BANANAS;SEASHELLS;4988.0;3
-2;368700;Charlie;Paris;BANANAS;SEASHELLS;4986.0;1
-2;368700;Charlie;Pablo;PEARLS;SEASHELLS;9998.0;2
-2;368800;Paris;Charlie;BANANAS;SEASHELLS;4993.0;1
-2;368800;Paris;Caesar;PEARLS;SEASHELLS;10004.0;1
-2;369100;Paris;Caesar;PEARLS;SEASHELLS;10004.0;1
-2;369100;Paris;Charlie;BANANAS;SEASHELLS;4992.0;1
-2;369300;Caesar;Paris;BANANAS;SEASHELLS;4986.0;1
-2;369400;Charlie;Gina;BANANAS;SEASHELLS;4986.0;6
-2;369400;Caesar;Gina;BANANAS;SEASHELLS;4986.0;2
-2;369700;Pablo;Charlie;PEARLS;SEASHELLS;10002.0;4
-2;369900;Paris;Charlie;BANANAS;SEASHELLS;4991.0;1
-2;370300;Charlie;Gary;BANANAS;SEASHELLS;4985.0;13
-2;370600;Pablo;Charlie;BANANAS;SEASHELLS;4990.0;1
-2;370700;Paris;Camilla;PEARLS;SEASHELLS;10002.0;1
-2;370800;Camilla;Paris;PEARLS;SEASHELLS;9998.0;1
-2;370900;Charlie;Paris;BANANAS;SEASHELLS;4986.0;1
-2;370900;Charlie;Paris;PEARLS;SEASHELLS;9996.0;1
-2;370900;Caesar;Paris;PEARLS;SEASHELLS;9996.0;1
-2;370900;Charlie;Paris;BANANAS;SEASHELLS;4986.0;2
-2;371200;Charlie;Paris;PEARLS;SEASHELLS;9998.0;1
-2;371300;Paris;Charlie;BANANAS;SEASHELLS;4991.0;1
-2;371400;Camilla;Pablo;PEARLS;SEASHELLS;9998.0;5
-2;371900;Charlie;Pablo;PEARLS;SEASHELLS;9998.0;1
-2;372200;Pablo;Charlie;PEARLS;SEASHELLS;10002.0;5
-2;372600;Caesar;Paris;BANANAS;SEASHELLS;4985.0;1
-2;372700;Paris;Charlie;BANANAS;SEASHELLS;4992.0;2
-2;372700;Paris;Caesar;PEARLS;SEASHELLS;10004.0;2
-2;372900;Caesar;Paris;BANANAS;SEASHELLS;4985.0;1
-2;373500;Charlie;Paris;BANANAS;SEASHELLS;4984.0;1
-2;373500;Charlie;Paris;PEARLS;SEASHELLS;9995.0;1
-2;373800;Paris;Charlie;BANANAS;SEASHELLS;4990.0;1
-2;374000;Pablo;Charlie;PEARLS;SEASHELLS;10002.0;4
-2;374300;Camilla;Paris;PEARLS;SEASHELLS;9998.0;1
-2;374300;Camilla;Paris;BANANAS;SEASHELLS;4985.0;1
-2;374500;Charlie;Gary;BANANAS;SEASHELLS;4984.0;20
-2;374600;Charlie;Paris;PEARLS;SEASHELLS;9998.0;1
-2;374700;Camilla;Gary;BANANAS;SEASHELLS;4985.0;5
