day;timestamp;bid_price_1;bid_volume_1;bid_price_2;bid_volume_2;bid_price_3;bid_volume_3;ask_price_1;ask_volume_1;ask_price_2;ask_volume_2;ask_price_3;ask_volume_3;mid_price;profit_and_loss
1;30001.0;11999.0;90.0;0.0;0.0;0.0;0.0;12001.0;90.0;0.0;0.0;0.0;0.0;12000.0;0.0
1;30002.0;12001.0;108.0;0.0;0.0;0.0;0.0;12003.0;108.0;0.0;0.0;0.0;0.0;12002.0;0.0
1;30003.0;12002.0;57.0;12001.0;98.0;0.0;0.0;12003.0;57.0;12004.0;98.0;0.0;0.0;12002.5;0.0
1;30004.0;12003.0;38.0;12002.0;64.0;0.0;0.0;12004.0;38.0;12005.0;64.0;0.0;0.0;12003.5;0.0
1;30005.0;12003.0;45.0;12002.0;54.0;0.0;0.0;12005.0;99.0;0.0;0.0;0.0;0.0;12004.0;0.0
1;30006.0;11997.0;126.0;0.0;0.0;0.0;0.0;11999.0;45.0;12000.0;81.0;0.0;0.0;11998.0;0.0
1;30007.0;11998.0;34.0;11997.0;60.0;0.0;0.0;11999.0;34.0;12000.0;60.0;0.0;0.0;11998.5;0.0
1;30008.0;11996.0;47.0;11995.0;60.0;0.0;0.0;11997.0;47.0;11998.0;60.0;0.0;0.0;11996.5;0.0
1;30009.0;11994.0;121.0;0.0;0.0;0.0;0.0;11996.0;121.0;0.0;0.0;0.0;0.0;11995.0;0.0
1;30010.0;11995.0;59.0;11994.0;51.0;0.0;0.0;11997.0;110.0;0.0;0.0;0.0;0.0;11996.0;0.0
1;30011.0;11997.0;112.0;0.0;0.0;0.0;0.0;11999.0;112.0;0.0;0.0;0.0;0.0;11998.0;0.0
1;30012.0;12000.0;58.0;11999.0;80.0;0.0;0.0;12001.0;58.0;12002.0;80.0;0.0;0.0;12000.5;0.0
1;30013.0;12004.0;122.0;0.0;0.0;0.0;0.0;12006.0;122.0;0.0;0.0;0.0;0.0;12005.0;-19.75390625
1;30014.0;12004.0;56.0;12003.0;70.0;0.0;0.0;12006.0;126.0;0.0;0.0;0.0;0.0;12005.0;-18.8515625
1;30015.0;12004.0;135.0;0.0;0.0;0.0;0.0;12006.0;135.0;0.0;0.0;0.0;0.0;12005.0;-20.19921875
1;30016.0;12007.0;120.0;0.0;0.0;0.0;0.0;12009.0;58.0;12010.0;62.0;0.0;0.0;12008.0;-33.109375
1;30017.0;12011.0;59.0;12010.0;63.0;0.0;0.0;12012.0;59.0;12013.0;63.0;0.0;0.0;12011.5;-45.890625
1;30018.0;12013.0;38.0;12012.0;97.0;0.0;0.0;12014.0;38.0;12015.0;97.0;0.0;0.0;12013.5;-53.859375
1;30019.0;12013.0;36.0;12012.0;97.0;0.0;0.0;12014.0;36.0;12015.0;97.0;0.0;0.0;12013.5;-54.62109375
1;30020.0;12014.0;150.0;0.0;0.0;0.0;0.0;12016.0;150.0;0.0;0.0;0.0;0.0;12015.0;-60.28125
1;30021.0;12014.0;135.0;0.0;0.0;0.0;0.0;12016.0;135.0;0.0;0.0;0.0;0.0;12015.0;-60.09765625
1;30022.0;12013.0;130.0;0.0;0.0;0.0;0.0;12015.0;57.0;12016.0;73.0;0.0;0.0;12014.0;-56.9921875
1;30023.0;12013.0;103.0;0.0;0.0;0.0;0.0;12015.0;103.0;0.0;0.0;0.0;0.0;12014.0;-56.03125
1;30024.0;12013.0;136.0;0.0;0.0;0.0;0.0;12015.0;136.0;0.0;0.0;0.0;0.0;12014.0;-55.90234375
1;30025.0;12010.0;35.0;12009.0;56.0;0.0;0.0;12011.0;42.0;12012.0;56.0;0.0;0.0;12010.5;-47.375
1;30026.0;12011.0;159.0;0.0;0.0;0.0;0.0;12013.0;159.0;0.0;0.0;0.0;0.0;12012.0;-70.625
1;30027.0;12010.0;149.0;0.0;0.0;0.0;0.0;12012.0;58.0;12013.0;91.0;0.0;0.0;12011.0;-59.296875
1;30028.0;12014.0;105.0;0.0;0.0;0.0;0.0;12016.0;32.0;12017.0;73.0;0.0;0.0;12015.0;-123.796875
1;30029.0;12017.0;56.0;12016.0;77.0;0.0;0.0;12018.0;56.0;12019.0;77.0;0.0;0.0;12017.5;-160.609375
1;30030.0;12019.0;114.0;0.0;0.0;0.0;0.0;12021.0;114.0;0.0;0.0;0.0;0.0;12020.0;-200.203125
1;30031.0;12019.0;139.0;0.0;0.0;0.0;0.0;12021.0;139.0;0.0;0.0;0.0;0.0;12020.0;-201.25
1;30032.0;12020.0;122.0;0.0;0.0;0.0;0.0;12022.0;50.0;12023.0;72.0;0.0;0.0;12021.0;-219.65625
1;30033.0;12020.0;110.0;0.0;0.0;0.0;0.0;12022.0;48.0;12023.0;62.0;0.0;0.0;12021.0;-217.75
1;30034.0;12018.0;35.0;12017.0;72.0;0.0;0.0;12020.0;107.0;0.0;0.0;0.0;0.0;12019.0;-179.546875
1;30035.0;12022.0;35.0;12021.0;87.0;0.0;0.0;12023.0;35.0;12024.0;87.0;0.0;0.0;12022.5;-242.96875
1;30036.0;12021.0;31.0;12020.0;63.0;0.0;0.0;12022.0;31.0;12023.0;63.0;0.0;0.0;12021.5;-210.71875
1;30037.0;12021.0;126.0;0.0;0.0;0.0;0.0;12023.0;59.0;12024.0;67.0;0.0;0.0;12022.0;-236.3125
1;30038.0;12020.0;54.0;12019.0;89.0;0.0;0.0;12021.0;54.0;12022.0;89.0;0.0;0.0;12020.5;-181.34375
1;30039.0;12019.0;150.0;0.0;0.0;0.0;0.0;12021.0;150.0;0.0;0.0;0.0;0.0;12020.0;-170.5
1;30040.0;12017.0;48.0;12016.0;86.0;0.0;0.0;12019.0;134.0;0.0;0.0;0.0;0.0;12018.0;-105.21875
1;30041.0;12017.0;39.0;12016.0;52.0;0.0;0.0;12018.0;39.0;12019.0;52.0;0.0;0.0;12017.5;-99.15625
1;30042.0;12019.0;60.0;12018.0;80.0;0.0;0.0;12021.0;140.0;0.0;0.0;0.0;0.0;12020.0;-163.25
1;30043.0;12020.0;45.0;12019.0;87.0;0.0;0.0;12022.0;132.0;0.0;0.0;0.0;0.0;12021.0;-195.8125
1;30044.0;12020.0;107.0;0.0;0.0;0.0;0.0;12022.0;107.0;0.0;0.0;0.0;0.0;12021.0;-201.40625
1;30045.0;12023.0;45.0;12022.0;84.0;0.0;0.0;12025.0;129.0;0.0;0.0;0.0;0.0;12024.0;-290.9375
1;30046.0;12018.0;44.0;12017.0;97.0;0.0;0.0;12019.0;40.0;12020.0;97.0;0.0;0.0;12018.5;-119.78125
1;30047.0;12016.0;101.0;0.0;0.0;0.0;0.0;12018.0;101.0;0.0;0.0;0.0;0.0;12017.0;-75.3125
1;30048.0;12014.0;109.0;0.0;0.0;0.0;0.0;12016.0;43.0;12017.0;66.0;0.0;0.0;12015.0;-23.21875
1;30049.0;12018.0;41.0;12017.0;80.0;0.0;0.0;12019.0;41.0;12020.0;80.0;0.0;0.0;12018.5;-123.9375
1;30050.0;12017.0;54.0;12016.0;68.0;0.0;0.0;12019.0;126.0;0.0;0.0;0.0;0.0;12018.0;-102.5
1;30051.0;12016.0;34.0;12015.0;73.0;0.0;0.0;12018.0;107.0;0.0;0.0;0.0;0.0;12017.0;-73.5
1;30052.0;12019.0;39.0;12018.0;55.0;0.0;0.0;12020.0;39.0;12021.0;55.0;0.0;0.0;12019.5;-169.0625
1;30053.0;12021.0;43.0;12020.0;73.0;0.0;0.0;12023.0;116.0;0.0;0.0;0.0;0.0;12022.0;-244.1875
1;30054.0;12021.0;36.0;12020.0;90.0;0.0;0.0;12022.0;36.0;12023.0;90.0;0.0;0.0;12021.5;-234.625
1;30055.0;12024.0;43.0;12023.0;99.0;0.0;0.0;12026.0;142.0;0.0;0.0;0.0;0.0;12025.0;-354.25
1;30056.0;12024.0;130.0;0.0;0.0;0.0;0.0;12026.0;130.0;0.0;0.0;0.0;0.0;12025.0;-357.0625
1;30057.0;12024.0;55.0;12023.0;93.0;0.0;0.0;12025.0;55.0;12026.0;93.0;0.0;0.0;12024.5;-338.25
1;30058.0;12024.0;51.0;12023.0;75.0;0.0;0.0;12025.0;51.0;12026.0;75.0;0.0;0.0;12024.5;-342.96875
1;30059.0;12022.0;37.0;12021.0;89.0;0.0;0.0;12023.0;37.0;12024.0;89.0;0.0;0.0;12022.5;-265.03125
1;30060.0;12024.0;35.0;12023.0;75.0;0.0;0.0;12025.0;35.0;12026.0;75.0;0.0;0.0;12024.5;-340.75
1;30061.0;12022.0;36.0;12021.0;84.0;0.0;0.0;12023.0;36.0;12024.0;84.0;0.0;0.0;12022.5;-254.75
1;30062.0;12022.0;121.0;0.0;0.0;0.0;0.0;12024.0;42.0;12025.0;79.0;0.0;0.0;12023.0;-288.21875
1;30063.0;12020.0;121.0;0.0;0.0;0.0;0.0;12022.0;121.0;0.0;0.0;0.0;0.0;12021.0;-196.78125
1;30064.0;12018.0;86.0;0.0;0.0;0.0;0.0;12019.0;4.0;12020.0;34.0;12021.0;52.0;12018.5;-118.625
1;30065.0;12019.0;48.0;12018.0;79.0;0.0;0.0;12020.0;48.0;12021.0;79.0;0.0;0.0;12019.5;-137.71875
1;30066.0;12018.0;93.0;0.0;0.0;0.0;0.0;12020.0;30.0;12021.0;63.0;0.0;0.0;12019.0;-124.3125
1;30067.0;12020.0;45.0;12019.0;81.0;0.0;0.0;12021.0;45.0;12022.0;81.0;0.0;0.0;12020.5;-181.34375
1;30068.0;12020.0;36.0;12019.0;73.0;0.0;0.0;12022.0;109.0;0.0;0.0;0.0;0.0;12021.0;-189.625
1;30069.0;12022.0;47.0;12021.0;60.0;0.0;0.0;12024.0;107.0;0.0;0.0;0.0;0.0;12023.0;-271.03125
1;30070.0;12026.0;50.0;12025.0;50.0;0.0;0.0;12027.0;41.0;12028.0;50.0;0.0;0.0;12026.5;-422.125
1;30071.0;12023.0;34.0;12022.0;73.0;0.0;0.0;12024.0;34.0;12025.0;73.0;0.0;0.0;12023.5;-297.0
1;30072.0;12025.0;47.0;12024.0;98.0;0.0;0.0;12026.0;47.0;12027.0;98.0;0.0;0.0;12025.5;-378.78125
1;30073.0;12023.0;35.0;12022.0;69.0;0.0;0.0;12024.0;35.0;12025.0;69.0;0.0;0.0;12023.5;-302.03125
1;30074.0;12021.0;143.0;0.0;0.0;0.0;0.0;12023.0;45.0;12024.0;98.0;0.0;0.0;12022.0;-244.125
1;30075.0;12022.0;55.0;12021.0;86.0;0.0;0.0;12024.0;141.0;0.0;0.0;0.0;0.0;12023.0;-275.25
1;30076.0;12021.0;39.0;12020.0;55.0;0.0;0.0;12022.0;39.0;12023.0;55.0;0.0;0.0;12021.5;-215.5
1;30077.0;12023.0;24.0;12022.0;89.0;0.0;0.0;12024.0;33.0;12025.0;89.0;0.0;0.0;12023.5;-300.5
1;30078.0;12022.0;95.0;0.0;0.0;0.0;0.0;12024.0;95.0;0.0;0.0;0.0;0.0;12023.0;-278.4375
1;30079.0;12023.0;31.0;12022.0;56.0;0.0;0.0;12025.0;87.0;0.0;0.0;0.0;0.0;12024.0;-325.75
1;30080.0;12027.0;39.0;12026.0;74.0;0.0;0.0;12029.0;113.0;0.0;0.0;0.0;0.0;12028.0;-521.125
1;30081.0;12031.0;54.0;12030.0;65.0;0.0;0.0;12032.0;54.0;12033.0;65.0;0.0;0.0;12031.5;-704.9375
1;30082.0;12030.0;124.0;0.0;0.0;0.0;0.0;12032.0;44.0;12033.0;80.0;0.0;0.0;12031.0;-696.6875
1;30083.0;12029.0;148.0;0.0;0.0;0.0;0.0;12031.0;50.0;12032.0;98.0;0.0;0.0;12030.0;-643.5
1;30084.0;12033.0;41.0;12032.0;80.0;0.0;0.0;12034.0;41.0;12035.0;80.0;0.0;0.0;12033.5;-833.6875
1;30085.0;12029.0;51.0;12028.0;51.0;0.0;0.0;12030.0;51.0;12031.0;51.0;0.0;0.0;12029.5;-598.0
1;30086.0;12030.0;40.0;12029.0;69.0;0.0;0.0;12031.0;40.0;12032.0;69.0;0.0;0.0;12030.5;-651.75
1;30087.0;12027.0;37.0;12026.0;68.0;0.0;0.0;12029.0;105.0;0.0;0.0;0.0;0.0;12028.0;-505.6875
1;30088.0;12031.0;46.0;12030.0;72.0;0.0;0.0;12032.0;46.0;12033.0;72.0;0.0;0.0;12031.5;-707.3125
1;30089.0;12028.0;108.0;0.0;0.0;0.0;0.0;12030.0;108.0;0.0;0.0;0.0;0.0;12029.0;-557.875
1;30090.0;12027.0;124.0;0.0;0.0;0.0;0.0;12029.0;124.0;0.0;0.0;0.0;0.0;12028.0;-494.0
1;30091.0;12031.0;38.0;12030.0;84.0;0.0;0.0;12032.0;38.0;12033.0;84.0;0.0;0.0;12031.5;-721.8125
1;30092.0;12030.0;38.0;12029.0;55.0;0.0;0.0;12032.0;93.0;0.0;0.0;0.0;0.0;12031.0;-670.5625
1;30093.0;12029.0;152.0;0.0;0.0;0.0;0.0;12031.0;152.0;0.0;0.0;0.0;0.0;12030.0;-615.75
1;30094.0;12028.0;147.0;0.0;0.0;0.0;0.0;12030.0;53.0;12031.0;94.0;0.0;0.0;12029.0;-573.1875
1;30095.0;12029.0;150.0;0.0;0.0;0.0;0.0;12031.0;54.0;12032.0;96.0;0.0;0.0;12030.0;-632.25
1;30096.0;12026.0;63.0;12025.0;63.0;0.0;0.0;12028.0;121.0;0.0;0.0;0.0;0.0;12027.0;-421.125
1;30097.0;12025.0;119.0;0.0;0.0;0.0;0.0;12027.0;58.0;12028.0;61.0;0.0;0.0;12026.0;-382.125
1;30098.0;12026.0;47.0;12025.0;75.0;0.0;0.0;12027.0;47.0;12028.0;75.0;0.0;0.0;12026.5;-401.1875
1;30099.0;12027.0;38.0;12026.0;79.0;0.0;0.0;12028.0;38.0;12029.0;79.0;0.0;0.0;12027.5;-451.875
1;30100.0;12027.0;128.0;0.0;0.0;0.0;0.0;12029.0;54.0;12030.0;74.0;0.0;0.0;12028.0;-506.5625
1;30101.0;12028.0;147.0;0.0;0.0;0.0;0.0;12030.0;59.0;12031.0;88.0;0.0;0.0;12029.0;-569.1875
1;30102.0;12028.0;97.0;0.0;0.0;0.0;0.0;12030.0;97.0;0.0;0.0;0.0;0.0;12029.0;-552.8125
1;30103.0;12027.0;50.0;12026.0;100.0;0.0;0.0;12028.0;50.0;12029.0;100.0;0.0;0.0;12027.5;-465.0
1;30104.0;12032.0;33.0;12031.0;69.0;0.0;0.0;12033.0;33.0;12034.0;69.0;0.0;0.0;12032.5;-772.1875
1;30105.0;12029.0;124.0;0.0;0.0;0.0;0.0;12031.0;124.0;0.0;0.0;0.0;0.0;12030.0;-625.875
1;30106.0;12030.0;100.0;0.0;0.0;0.0;0.0;12032.0;100.0;0.0;0.0;0.0;0.0;12031.0;-689.0
1;30107.0;12030.0;35.0;12029.0;96.0;0.0;0.0;12031.0;35.0;12032.0;96.0;0.0;0.0;12030.5;-660.375
1;30108.0;12029.0;34.0;12028.0;65.0;0.0;0.0;12031.0;99.0;0.0;0.0;0.0;0.0;12030.0;-605.875
1;30109.0;12032.0;31.0;12031.0;89.0;0.0;0.0;12033.0;31.0;12034.0;89.0;0.0;0.0;12032.5;-785.5625
1;30110.0;12033.0;44.0;12032.0;97.0;0.0;0.0;12034.0;44.0;12035.0;97.0;0.0;0.0;12033.5;-849.25
1;30111.0;12035.0;121.0;0.0;0.0;0.0;0.0;12037.0;121.0;0.0;0.0;0.0;0.0;12036.0;-1004.1875
1;30112.0;12036.0;32.0;12035.0;50.0;0.0;0.0;12038.0;82.0;0.0;0.0;0.0;0.0;12037.0;-1050.875
1;30113.0;12035.0;112.0;0.0;0.0;0.0;0.0;12037.0;40.0;12038.0;72.0;0.0;0.0;12036.0;-1006.125
1;30114.0;12039.0;128.0;0.0;0.0;0.0;0.0;12041.0;128.0;0.0;0.0;0.0;0.0;12040.0;-1248.0
1;30115.0;12039.0;44.0;12038.0;59.0;0.0;0.0;12040.0;44.0;12041.0;59.0;0.0;0.0;12039.5;-1216.4375
1;30116.0;12034.0;89.0;0.0;0.0;0.0;0.0;12036.0;38.0;12037.0;51.0;0.0;0.0;12035.0;-952.5
1;30117.0;12035.0;33.0;12034.0;84.0;0.0;0.0;12036.0;33.0;12037.0;84.0;0.0;0.0;12035.5;-956.4375
1;30118.0;12032.0;39.0;12031.0;61.0;0.0;0.0;12034.0;100.0;0.0;0.0;0.0;0.0;12033.0;-803.625
1;30119.0;12036.0;54.0;12035.0;58.0;0.0;0.0;12037.0;54.0;12038.0;58.0;0.0;0.0;12036.5;-1036.125
1;30120.0;12036.0;148.0;0.0;0.0;0.0;0.0;12038.0;148.0;0.0;0.0;0.0;0.0;12037.0;-1067.5625
1;30121.0;12038.0;33.0;12037.0;96.0;0.0;0.0;12039.0;33.0;12040.0;96.0;0.0;0.0;12038.5;-1154.0
1;30122.0;12040.0;139.0;0.0;0.0;0.0;0.0;12042.0;139.0;0.0;0.0;0.0;0.0;12041.0;-1317.75
1;30123.0;12040.0;37.0;12039.0;74.0;0.0;0.0;12042.0;111.0;0.0;0.0;0.0;0.0;12041.0;-1304.5
1;30124.0;12032.0;112.0;0.0;0.0;0.0;0.0;12034.0;112.0;0.0;0.0;0.0;0.0;12033.0;-804.25
1;30125.0;12030.0;139.0;0.0;0.0;0.0;0.0;12032.0;41.0;12033.0;98.0;0.0;0.0;12031.0;-698.875
1;30126.0;12028.0;127.0;0.0;0.0;0.0;0.0;12030.0;31.0;12031.0;96.0;0.0;0.0;12029.0;-573.25
1;30127.0;12028.0;155.0;0.0;0.0;0.0;0.0;12030.0;55.0;12031.0;100.0;0.0;0.0;12029.0;-576.375
1;30128.0;12028.0;41.0;12027.0;77.0;0.0;0.0;12029.0;51.0;12030.0;77.0;0.0;0.0;12028.5;-541.125
1;30129.0;12027.0;56.0;12026.0;59.0;0.0;0.0;12028.0;56.0;12029.0;59.0;0.0;0.0;12027.5;-470.125
1;30130.0;12026.0;51.0;12025.0;81.0;0.0;0.0;12027.0;51.0;12028.0;81.0;0.0;0.0;12026.5;-371.4375
1;30131.0;12023.0;128.0;0.0;0.0;0.0;0.0;12025.0;50.0;12026.0;78.0;0.0;0.0;12024.0;-213.9375
1;30132.0;12023.0;58.0;12022.0;76.0;0.0;0.0;12024.0;58.0;12025.0;76.0;0.0;0.0;12023.5;-164.6875
1;30133.0;12027.0;116.0;0.0;0.0;0.0;0.0;12029.0;116.0;0.0;0.0;0.0;0.0;12028.0;-499.5
1;30134.0;12024.0;143.0;0.0;0.0;0.0;0.0;12026.0;53.0;12027.0;90.0;0.0;0.0;12025.0;-296.875
1;30135.0;12024.0;32.0;12023.0;99.0;0.0;0.0;12025.0;32.0;12026.0;99.0;0.0;0.0;12024.5;-243.0
1;30136.0;12027.0;38.0;12026.0;86.0;0.0;0.0;12028.0;38.0;12029.0;86.0;0.0;0.0;12027.5;-467.75
1;30137.0;12026.0;30.0;12025.0;74.0;0.0;0.0;12028.0;104.0;0.0;0.0;0.0;0.0;12027.0;-407.3125
1;30138.0;12031.0;131.0;0.0;0.0;0.0;0.0;12033.0;51.0;12034.0;80.0;0.0;0.0;12032.0;-794.25
1;30139.0;12030.0;46.0;12029.0;58.0;0.0;0.0;12031.0;46.0;12032.0;58.0;0.0;0.0;12030.5;-686.4375
1;30140.0;12032.0;46.0;12031.0;84.0;0.0;0.0;12033.0;46.0;12034.0;84.0;0.0;0.0;12032.5;-817.75
1;30141.0;12031.0;51.0;12030.0;86.0;0.0;0.0;12032.0;51.0;12033.0;86.0;0.0;0.0;12031.5;-754.25
1;30142.0;12032.0;85.0;0.0;0.0;0.0;0.0;12034.0;30.0;12035.0;55.0;0.0;0.0;12033.0;-872.8125
1;30143.0;12032.0;56.0;12031.0;90.0;0.0;0.0;12034.0;146.0;0.0;0.0;0.0;0.0;12033.0;-849.0625
1;30144.0;12035.0;53.0;12034.0;59.0;0.0;0.0;12036.0;53.0;12037.0;59.0;0.0;0.0;12035.5;-1048.625
1;30145.0;12034.0;34.0;12033.0;84.0;0.0;0.0;12036.0;118.0;0.0;0.0;0.0;0.0;12035.0;-1009.375
1;30146.0;12034.0;110.0;0.0;0.0;0.0;0.0;12036.0;49.0;12037.0;61.0;0.0;0.0;12035.0;-1044.25
1;30147.0;12031.0;35.0;12030.0;82.0;0.0;0.0;12032.0;35.0;12033.0;82.0;0.0;0.0;12031.5;-745.0
1;30148.0;12032.0;44.0;12031.0;96.0;0.0;0.0;12034.0;140.0;0.0;0.0;0.0;0.0;12033.0;-846.5625
1;30149.0;12029.0;105.0;0.0;0.0;0.0;0.0;12031.0;47.0;12032.0;58.0;0.0;0.0;12030.0;-639.0
1;30150.0;12034.0;34.0;12033.0;71.0;0.0;0.0;12036.0;105.0;0.0;0.0;0.0;0.0;12035.0;-1039.375
1;30151.0;12035.0;147.0;0.0;0.0;0.0;0.0;12037.0;147.0;0.0;0.0;0.0;0.0;12036.0;-1137.875
1;30152.0;12034.0;48.0;12033.0;90.0;0.0;0.0;12036.0;138.0;0.0;0.0;0.0;0.0;12035.0;-1034.5
1;30153.0;12032.0;121.0;0.0;0.0;0.0;0.0;12034.0;41.0;12035.0;80.0;0.0;0.0;12033.0;-899.3125
1;30154.0;12031.0;54.0;12030.0;89.0;0.0;0.0;12032.0;54.0;12033.0;89.0;0.0;0.0;12031.5;-751.375
1;30155.0;12030.0;55.0;12029.0;78.0;0.0;0.0;12032.0;133.0;0.0;0.0;0.0;0.0;12031.0;-707.375
1;30156.0;12031.0;31.0;12030.0;53.0;0.0;0.0;12032.0;31.0;12033.0;53.0;0.0;0.0;12031.5;-760.4375
1;30157.0;12034.0;52.0;12033.0;50.0;0.0;0.0;12035.0;52.0;12036.0;50.0;0.0;0.0;12034.5;-1020.875
1;30158.0;12039.0;36.0;12038.0;53.0;0.0;0.0;12040.0;36.0;12041.0;53.0;0.0;0.0;12039.5;-1432.625
1;30159.0;12039.0;148.0;0.0;0.0;0.0;0.0;12041.0;50.0;12042.0;98.0;0.0;0.0;12040.0;-1485.75
1;30160.0;12040.0;138.0;0.0;0.0;0.0;0.0;12042.0;44.0;12043.0;94.0;0.0;0.0;12041.0;-1584.375
1;30161.0;12042.0;56.0;12041.0;86.0;0.0;0.0;12044.0;142.0;0.0;0.0;0.0;0.0;12043.0;-1736.25
1;30162.0;12040.0;52.0;12039.0;97.0;0.0;0.0;12041.0;52.0;12042.0;97.0;0.0;0.0;12040.5;-1534.625
1;30163.0;12040.0;107.0;0.0;0.0;0.0;0.0;12042.0;107.0;0.0;0.0;0.0;0.0;12041.0;-1583.875
1;30164.0;12042.0;47.0;12041.0;73.0;0.0;0.0;12043.0;47.0;12044.0;73.0;0.0;0.0;12042.5;-1736.625
1;30165.0;12041.0;82.0;0.0;0.0;0.0;0.0;12043.0;32.0;12044.0;50.0;0.0;0.0;12042.0;-1699.625
1;30166.0;12035.0;103.0;0.0;0.0;0.0;0.0;12037.0;103.0;0.0;0.0;0.0;0.0;12036.0;-1086.0
1;30167.0;12036.0;137.0;0.0;0.0;0.0;0.0;12038.0;55.0;12039.0;82.0;0.0;0.0;12037.0;-1200.375
1;30168.0;12035.0;53.0;12034.0;78.0;0.0;0.0;12037.0;131.0;0.0;0.0;0.0;0.0;12036.0;-1057.0
1;30169.0;12037.0;126.0;0.0;0.0;0.0;0.0;12039.0;126.0;0.0;0.0;0.0;0.0;12038.0;-1286.5
1;30170.0;12041.0;37.0;12040.0;54.0;0.0;0.0;12042.0;37.0;12043.0;54.0;0.0;0.0;12041.5;-1608.625
1;30171.0;12040.0;36.0;12039.0;62.0;0.0;0.0;12041.0;36.0;12042.0;62.0;0.0;0.0;12040.5;-1526.625
1;30172.0;12038.0;132.0;0.0;0.0;0.0;0.0;12040.0;58.0;12041.0;74.0;0.0;0.0;12039.0;-1399.125
1;30173.0;12040.0;50.0;12039.0;98.0;0.0;0.0;12042.0;148.0;0.0;0.0;0.0;0.0;12041.0;-1555.375
1;30174.0;12035.0;34.0;12034.0;89.0;0.0;0.0;12036.0;34.0;12037.0;89.0;0.0;0.0;12035.5;-1042.75
1;30175.0;12035.0;45.0;12034.0;90.0;0.0;0.0;12036.0;41.0;12037.0;90.0;0.0;0.0;12035.5;-1047.125
1;30176.0;12033.0;103.0;0.0;0.0;0.0;0.0;12035.0;47.0;12036.0;56.0;0.0;0.0;12034.0;-917.5
1;30177.0;12036.0;55.0;12035.0;72.0;0.0;0.0;12038.0;127.0;0.0;0.0;0.0;0.0;12037.0;-1176.5
1;30178.0;12036.0;121.0;0.0;0.0;0.0;0.0;12038.0;34.0;12039.0;87.0;0.0;0.0;12037.0;-1220.75
1;30179.0;12039.0;39.0;12038.0;53.0;0.0;0.0;12040.0;39.0;12041.0;53.0;0.0;0.0;12039.5;-1443.25
1;30180.0;12038.0;130.0;0.0;0.0;0.0;0.0;12040.0;130.0;0.0;0.0;0.0;0.0;12039.0;-1400.75
1;30181.0;12032.0;96.0;0.0;0.0;0.0;0.0;12034.0;96.0;0.0;0.0;0.0;0.0;12033.0;-795.875
1;30182.0;12032.0;138.0;0.0;0.0;0.0;0.0;12034.0;50.0;12035.0;88.0;0.0;0.0;12033.0;-816.875
1;30183.0;12037.0;34.0;12036.0;95.0;0.0;0.0;12039.0;129.0;0.0;0.0;0.0;0.0;12038.0;-1285.25
1;30184.0;12034.0;129.0;0.0;0.0;0.0;0.0;12036.0;129.0;0.0;0.0;0.0;0.0;12035.0;-1004.0
1;30185.0;12034.0;129.0;0.0;0.0;0.0;0.0;12036.0;129.0;0.0;0.0;0.0;0.0;12035.0;-999.25
1;30186.0;12029.0;135.0;0.0;0.0;0.0;0.0;12030.0;9.0;12031.0;42.0;12032.0;93.0;12029.5;-503.125
1;30187.0;12030.0;109.0;0.0;0.0;0.0;0.0;12032.0;37.0;12033.0;72.0;0.0;0.0;12031.0;-598.625
1;30188.0;12032.0;116.0;0.0;0.0;0.0;0.0;12034.0;46.0;12035.0;70.0;0.0;0.0;12033.0;-803.0
1;30189.0;12034.0;49.0;12033.0;67.0;0.0;0.0;12035.0;49.0;12036.0;67.0;0.0;0.0;12034.5;-953.875
1;30190.0;12036.0;51.0;12035.0;58.0;0.0;0.0;12038.0;109.0;0.0;0.0;0.0;0.0;12037.0;-1192.875
1;30191.0;12037.0;48.0;12036.0;54.0;0.0;0.0;12039.0;102.0;0.0;0.0;0.0;0.0;12038.0;-1277.0
1;30192.0;12037.0;9.0;12036.0;120.0;0.0;0.0;12038.0;36.0;12039.0;84.0;0.0;0.0;12037.5;-1213.25
1;30193.0;12042.0;147.0;0.0;0.0;0.0;0.0;12044.0;147.0;0.0;0.0;0.0;0.0;12043.0;-1820.25
1;30194.0;12045.0;48.0;12044.0;92.0;0.0;0.0;12046.0;48.0;12047.0;92.0;0.0;0.0;12045.5;-2073.5
1;30195.0;12046.0;42.0;12045.0;94.0;0.0;0.0;12047.0;42.0;12048.0;94.0;0.0;0.0;12046.5;-2194.0
1;30196.0;12045.0;34.0;12044.0;68.0;0.0;0.0;12046.0;40.0;12047.0;68.0;0.0;0.0;12045.5;-2074.125
1;30197.0;12045.0;133.0;0.0;0.0;0.0;0.0;12047.0;133.0;0.0;0.0;0.0;0.0;12046.0;-2130.625
1;30198.0;12043.0;112.0;0.0;0.0;0.0;0.0;12045.0;30.0;12046.0;82.0;0.0;0.0;12044.0;-1939.75
1;30199.0;12041.0;40.0;12040.0;61.0;0.0;0.0;12043.0;101.0;0.0;0.0;0.0;0.0;12042.0;-1671.375
1;30200.0;12039.0;48.0;12038.0;69.0;0.0;0.0;12040.0;54.0;12041.0;69.0;0.0;0.0;12039.5;-1443.25
1;30201.0;12036.0;32.0;12035.0;95.0;0.0;0.0;12037.0;32.0;12038.0;95.0;0.0;0.0;12036.5;-1094.5
1;30202.0;12041.0;48.0;12040.0;55.0;0.0;0.0;12043.0;103.0;0.0;0.0;0.0;0.0;12042.0;-1701.75
1;30203.0;12041.0;56.0;12040.0;80.0;0.0;0.0;12043.0;136.0;0.0;0.0;0.0;0.0;12042.0;-1698.25
1;30204.0;12040.0;128.0;0.0;0.0;0.0;0.0;12042.0;128.0;0.0;0.0;0.0;0.0;12041.0;-1598.5
1;30205.0;12044.0;39.0;12043.0;71.0;0.0;0.0;12045.0;39.0;12046.0;71.0;0.0;0.0;12044.5;-2015.5
1;30206.0;12045.0;135.0;0.0;0.0;0.0;0.0;12047.0;59.0;12048.0;76.0;0.0;0.0;12046.0;-2191.875
1;30207.0;12046.0;44.0;12045.0;62.0;0.0;0.0;12047.0;44.0;12048.0;62.0;0.0;0.0;12046.5;-2213.625
1;30208.0;12043.0;125.0;0.0;0.0;0.0;0.0;12045.0;125.0;0.0;0.0;0.0;0.0;12044.0;-1929.0
1;30209.0;12042.0;109.0;0.0;0.0;0.0;0.0;12044.0;103.0;0.0;0.0;0.0;0.0;12043.0;-1796.875
1;30210.0;12039.0;46.0;12038.0;96.0;0.0;0.0;12040.0;46.0;12041.0;96.0;0.0;0.0;12039.5;-1348.5
1;30211.0;12040.0;43.0;12039.0;51.0;0.0;0.0;12042.0;94.0;0.0;0.0;0.0;0.0;12041.0;-1536.5
1;30212.0;12040.0;50.0;12039.0;95.0;0.0;0.0;12042.0;145.0;0.0;0.0;0.0;0.0;12041.0;-1536.75
1;30213.0;12036.0;40.0;12035.0;93.0;0.0;0.0;12038.0;133.0;0.0;0.0;0.0;0.0;12037.0;-1007.5
1;30214.0;12033.0;145.0;0.0;0.0;0.0;0.0;12035.0;60.0;12036.0;85.0;0.0;0.0;12034.0;-666.75
1;30215.0;12032.0;59.0;12031.0;56.0;0.0;0.0;12034.0;115.0;0.0;0.0;0.0;0.0;12033.0;-482.375
1;30216.0;12028.0;47.0;12027.0;58.0;0.0;0.0;12029.0;39.0;12030.0;58.0;0.0;0.0;12028.5;88.5
1;30217.0;12026.0;150.0;0.0;0.0;0.0;0.0;12028.0;150.0;0.0;0.0;0.0;0.0;12027.0;268.25
1;30218.0;12027.0;31.0;12026.0;100.0;0.0;0.0;12029.0;131.0;0.0;0.0;0.0;0.0;12028.0;169.5
1;30219.0;12028.0;41.0;12027.0;98.0;0.0;0.0;12029.0;41.0;12030.0;98.0;0.0;0.0;12028.5;78.375
1;30220.0;12027.0;42.0;12026.0;92.0;0.0;0.0;12029.0;134.0;0.0;0.0;0.0;0.0;12028.0;171.75
1;30221.0;12030.0;59.0;12029.0;87.0;0.0;0.0;12031.0;59.0;12032.0;87.0;0.0;0.0;12030.5;-217.125
1;30222.0;12030.0;58.0;12029.0;54.0;0.0;0.0;12032.0;112.0;0.0;0.0;0.0;0.0;12031.0;-246.125
1;30223.0;12030.0;32.0;12029.0;82.0;0.0;0.0;12031.0;32.0;12032.0;82.0;0.0;0.0;12030.5;-190.25
1;30224.0;12027.0;135.0;0.0;0.0;0.0;0.0;12029.0;49.0;12030.0;86.0;0.0;0.0;12028.0;107.0
1;30225.0;12028.0;44.0;12027.0;78.0;0.0;0.0;12029.0;44.0;12030.0;78.0;0.0;0.0;12028.5;48.75
1;30226.0;12028.0;118.0;0.0;0.0;0.0;0.0;12030.0;53.0;12031.0;65.0;0.0;0.0;12029.0;-27.75
1;30227.0;12028.0;111.0;0.0;0.0;0.0;0.0;12030.0;52.0;12031.0;59.0;0.0;0.0;12029.0;-20.375
1;30228.0;12024.0;128.0;0.0;0.0;0.0;0.0;12026.0;128.0;0.0;0.0;0.0;0.0;12025.0;544.0
1;30229.0;12022.0;35.0;12021.0;54.0;0.0;0.0;12023.0;35.0;12024.0;54.0;0.0;0.0;12022.5;883.375
1;30230.0;12026.0;112.0;0.0;0.0;0.0;0.0;12028.0;57.0;12029.0;55.0;0.0;0.0;12027.0;241.5
1;30231.0;12025.0;110.0;0.0;0.0;0.0;0.0;12027.0;110.0;0.0;0.0;0.0;0.0;12026.0;400.75
1;30232.0;12023.0;43.0;12022.0;100.0;0.0;0.0;12025.0;143.0;0.0;0.0;0.0;0.0;12024.0;716.125
1;30233.0;12024.0;121.0;0.0;0.0;0.0;0.0;12026.0;121.0;0.0;0.0;0.0;0.0;12025.0;542.25
1;30234.0;12024.0;128.0;0.0;0.0;0.0;0.0;12026.0;128.0;0.0;0.0;0.0;0.0;12025.0;551.875
1;30235.0;12020.0;55.0;12019.0;78.0;0.0;0.0;12021.0;55.0;12022.0;78.0;0.0;0.0;12020.5;1220.375
1;30236.0;12013.0;52.0;12012.0;53.0;0.0;0.0;12014.0;52.0;12015.0;53.0;0.0;0.0;12013.5;2229.875
1;30237.0;12014.0;47.0;12013.0;69.0;0.0;0.0;12015.0;47.0;12016.0;69.0;0.0;0.0;12014.5;2053.875
1;30238.0;12013.0;126.0;0.0;0.0;0.0;0.0;12015.0;126.0;0.0;0.0;0.0;0.0;12014.0;2136.375
1;30239.0;12016.0;54.0;12015.0;63.0;0.0;0.0;12017.0;54.0;12018.0;63.0;0.0;0.0;12016.5;1731.0
1;30240.0;12014.0;57.0;12013.0;82.0;0.0;0.0;12015.0;52.0;12016.0;82.0;0.0;0.0;12014.5;2051.625
1;30241.0;12014.0;95.0;0.0;0.0;0.0;0.0;12016.0;95.0;0.0;0.0;0.0;0.0;12015.0;1967.375
1;30242.0;12013.0;126.0;0.0;0.0;0.0;0.0;12015.0;50.0;12016.0;76.0;0.0;0.0;12014.0;2108.75
1;30243.0;12014.0;114.0;0.0;0.0;0.0;0.0;12016.0;41.0;12017.0;73.0;0.0;0.0;12015.0;1939.625
1;30244.0;12016.0;60.0;12015.0;95.0;0.0;0.0;12018.0;155.0;0.0;0.0;0.0;0.0;12017.0;1697.75
1;30245.0;12015.0;38.0;12014.0;79.0;0.0;0.0;12016.0;38.0;12017.0;79.0;0.0;0.0;12015.5;1921.25
1;30246.0;12013.0;114.0;0.0;0.0;0.0;0.0;12015.0;51.0;12016.0;63.0;0.0;0.0;12014.0;2119.375
1;30247.0;12011.0;36.0;12010.0;73.0;0.0;0.0;12013.0;109.0;0.0;0.0;0.0;0.0;12012.0;2502.0
1;30248.0;12013.0;43.0;12012.0;59.0;0.0;0.0;12014.0;43.0;12015.0;59.0;0.0;0.0;12013.5;2234.5
1;30249.0;12018.0;127.0;0.0;0.0;0.0;0.0;12020.0;43.0;12021.0;84.0;0.0;0.0;12019.0;1298.125
1;30250.0;12018.0;123.0;0.0;0.0;0.0;0.0;12020.0;36.0;12021.0;87.0;0.0;0.0;12019.0;1285.125
1;30251.0;12018.0;103.0;0.0;0.0;0.0;0.0;12020.0;35.0;12021.0;68.0;0.0;0.0;12019.0;1299.5
1;30252.0;12014.0;44.0;12013.0;100.0;0.0;0.0;12016.0;149.0;0.0;0.0;0.0;0.0;12015.0;2005.75
1;30253.0;12015.0;50.0;12014.0;52.0;0.0;0.0;12016.0;50.0;12017.0;52.0;0.0;0.0;12015.5;1875.375
1;30254.0;12015.0;49.0;12014.0;76.0;0.0;0.0;12016.0;49.0;12017.0;76.0;0.0;0.0;12015.5;1861.75
1;30255.0;12017.0;32.0;12016.0;58.0;0.0;0.0;12019.0;90.0;0.0;0.0;0.0;0.0;12018.0;1511.375
1;30256.0;12018.0;103.0;0.0;0.0;0.0;0.0;12020.0;51.0;12021.0;52.0;0.0;0.0;12019.0;1271.0
1;30257.0;12022.0;58.0;12021.0;58.0;0.0;0.0;12023.0;58.0;12024.0;58.0;0.0;0.0;12022.5;701.625
1;30258.0;12021.0;41.0;12020.0;92.0;0.0;0.0;12022.0;41.0;12023.0;92.0;0.0;0.0;12021.5;857.25
1;30259.0;12021.0;127.0;0.0;0.0;0.0;0.0;12023.0;127.0;0.0;0.0;0.0;0.0;12022.0;777.625
1;30260.0;12023.0;112.0;0.0;0.0;0.0;0.0;12025.0;102.0;0.0;0.0;0.0;0.0;12024.0;452.5
1;30261.0;12024.0;43.0;12023.0;83.0;0.0;0.0;12026.0;126.0;0.0;0.0;0.0;0.0;12025.0;299.75
1;30262.0;12026.0;38.0;12025.0;94.0;0.0;0.0;12028.0;132.0;0.0;0.0;0.0;0.0;12027.0;-41.875
1;30263.0;12030.0;59.0;12029.0;65.0;0.0;0.0;12031.0;59.0;12032.0;65.0;0.0;0.0;12030.5;-661.875
1;30264.0;12032.0;30.0;12031.0;83.0;0.0;0.0;12033.0;30.0;12034.0;83.0;0.0;0.0;12032.5;-967.375
1;30265.0;12033.0;90.0;0.0;0.0;0.0;0.0;12035.0;36.0;12036.0;54.0;0.0;0.0;12034.0;-1271.75
1;30266.0;12036.0;46.0;12035.0;99.0;0.0;0.0;12037.0;46.0;12038.0;99.0;0.0;0.0;12036.5;-1670.625
1;30267.0;12037.0;54.0;12036.0;52.0;0.0;0.0;12039.0;106.0;0.0;0.0;0.0;0.0;12038.0;-1878.25
1;30268.0;12038.0;48.0;12037.0;67.0;0.0;0.0;12040.0;115.0;0.0;0.0;0.0;0.0;12039.0;-2039.375
1;30269.0;12035.0;113.0;0.0;0.0;0.0;0.0;12037.0;113.0;0.0;0.0;0.0;0.0;12036.0;-1551.125
1;30270.0;12032.0;39.0;12031.0;58.0;0.0;0.0;12033.0;39.0;12034.0;58.0;0.0;0.0;12032.5;-950.5
1;30271.0;12026.0;109.0;0.0;0.0;0.0;0.0;12028.0;36.0;12029.0;73.0;0.0;0.0;12027.0;-17.75
1;30272.0;12030.0;54.0;12029.0;89.0;0.0;0.0;12032.0;143.0;0.0;0.0;0.0;0.0;12031.0;-672.625
1;30273.0;12031.0;107.0;0.0;0.0;0.0;0.0;12033.0;107.0;0.0;0.0;0.0;0.0;12032.0;-879.5
1;30274.0;12032.0;59.0;12031.0;55.0;0.0;0.0;12033.0;59.0;12034.0;55.0;0.0;0.0;12032.5;-920.25
1;30275.0;12028.0;46.0;12027.0;60.0;0.0;0.0;12029.0;46.0;12030.0;60.0;0.0;0.0;12028.5;-249.25
1;30276.0;12029.0;59.0;12028.0;95.0;0.0;0.0;12030.0;59.0;12031.0;95.0;0.0;0.0;12029.5;-422.0
1;30277.0;12031.0;38.0;12030.0;71.0;0.0;0.0;12032.0;38.0;12033.0;71.0;0.0;0.0;12031.5;-808.75
1;30278.0;12031.0;38.0;12030.0;58.0;0.0;0.0;12032.0;38.0;12033.0;58.0;0.0;0.0;12031.5;-791.875
1;30279.0;12028.0;58.0;12027.0;77.0;0.0;0.0;12029.0;58.0;12030.0;77.0;0.0;0.0;12028.5;-256.875
1;30280.0;12024.0;120.0;0.0;0.0;0.0;0.0;12026.0;120.0;0.0;0.0;0.0;0.0;12025.0;340.875
1;30281.0;12023.0;51.0;12022.0;92.0;0.0;0.0;12024.0;51.0;12025.0;92.0;0.0;0.0;12023.5;618.625
1;30282.0;12020.0;58.0;12019.0;87.0;0.0;0.0;12022.0;145.0;0.0;0.0;0.0;0.0;12021.0;1089.5
1;30283.0;12020.0;48.0;12019.0;58.0;0.0;0.0;12022.0;106.0;0.0;0.0;0.0;0.0;12021.0;1100.875
1;30284.0;12022.0;50.0;12021.0;86.0;0.0;0.0;12023.0;50.0;12024.0;86.0;0.0;0.0;12022.5;800.625
1;30285.0;12024.0;36.0;12023.0;93.0;0.0;0.0;12026.0;129.0;0.0;0.0;0.0;0.0;12025.0;404.5
1;30286.0;12024.0;39.0;12023.0;74.0;0.0;0.0;12025.0;39.0;12026.0;74.0;0.0;0.0;12024.5;428.625
1;30287.0;12026.0;97.0;0.0;0.0;0.0;0.0;12028.0;47.0;12029.0;50.0;0.0;0.0;12027.0;-36.25
1;30288.0;12026.0;42.0;12025.0;59.0;0.0;0.0;12027.0;42.0;12028.0;59.0;0.0;0.0;12026.5;110.125
1;30289.0;12026.0;43.0;12025.0;91.0;0.0;0.0;12027.0;43.0;12028.0;91.0;0.0;0.0;12026.5;80.25
1;30290.0;12024.0;153.0;0.0;0.0;0.0;0.0;12026.0;60.0;12027.0;93.0;0.0;0.0;12025.0;303.75
1;30291.0;12025.0;30.0;12024.0;63.0;0.0;0.0;12026.0;30.0;12027.0;63.0;0.0;0.0;12025.5;275.0
1;30292.0;12028.0;55.0;12027.0;84.0;0.0;0.0;12029.0;55.0;12030.0;84.0;0.0;0.0;12028.5;-249.25
1;30293.0;12027.0;136.0;0.0;0.0;0.0;0.0;12029.0;136.0;0.0;0.0;0.0;0.0;12028.0;-184.25
1;30294.0;12031.0;45.0;12030.0;57.0;0.0;0.0;12032.0;45.0;12033.0;57.0;0.0;0.0;12031.5;-764.875
1;30295.0;12032.0;46.0;12031.0;58.0;0.0;0.0;12034.0;104.0;0.0;0.0;0.0;0.0;12033.0;-1000.625
1;30296.0;12036.0;45.0;12035.0;85.0;0.0;0.0;12038.0;130.0;0.0;0.0;0.0;0.0;12037.0;-1714.75
1;30297.0;12035.0;114.0;0.0;0.0;0.0;0.0;12037.0;31.0;12038.0;83.0;0.0;0.0;12036.0;-1621.75
1;30298.0;12034.0;112.0;0.0;0.0;0.0;0.0;12036.0;112.0;0.0;0.0;0.0;0.0;12035.0;-1412.25
1;30299.0;12039.0;48.0;12038.0;74.0;0.0;0.0;12040.0;48.0;12041.0;74.0;0.0;0.0;12039.5;-2179.75
1;30300.0;12038.0;141.0;0.0;0.0;0.0;0.0;12040.0;52.0;12041.0;89.0;0.0;0.0;12039.0;-2154.5
1;30301.0;12042.0;114.0;0.0;0.0;0.0;0.0;12044.0;114.0;0.0;0.0;0.0;0.0;12043.0;-2835.75
1;30302.0;12043.0;112.0;0.0;0.0;0.0;0.0;12045.0;112.0;0.0;0.0;0.0;0.0;12044.0;-2996.5
1;30303.0;12046.0;111.0;0.0;0.0;0.0;0.0;12048.0;111.0;0.0;0.0;0.0;0.0;12047.0;-3547.25
1;30304.0;12045.0;36.0;12044.0;89.0;0.0;0.0;12046.0;36.0;12047.0;89.0;0.0;0.0;12045.5;-3274.5
1;30305.0;12043.0;33.0;12042.0;65.0;0.0;0.0;12044.0;33.0;12045.0;65.0;0.0;0.0;12043.5;-2912.25
1;30306.0;12045.0;60.0;12044.0;71.0;0.0;0.0;12047.0;131.0;0.0;0.0;0.0;0.0;12046.0;-3317.5
1;30307.0;12045.0;43.0;12044.0;94.0;0.0;0.0;12046.0;43.0;12047.0;94.0;0.0;0.0;12045.5;-3273.5
1;30308.0;12045.0;51.0;12044.0;68.0;0.0;0.0;12046.0;51.0;12047.0;68.0;0.0;0.0;12045.5;-3272.75
1;30309.0;12047.0;94.0;0.0;0.0;0.0;0.0;12049.0;31.0;12050.0;63.0;0.0;0.0;12048.0;-3746.5
1;30310.0;12046.0;124.0;0.0;0.0;0.0;0.0;12048.0;57.0;12049.0;67.0;0.0;0.0;12047.0;-3559.25
1;30311.0;12052.0;55.0;12051.0;64.0;0.0;0.0;12053.0;55.0;12054.0;64.0;0.0;0.0;12052.5;-4537.75
1;30312.0;12053.0;118.0;0.0;0.0;0.0;0.0;12055.0;118.0;0.0;0.0;0.0;0.0;12054.0;-4775.0
1;30313.0;12056.0;98.0;0.0;0.0;0.0;0.0;12058.0;98.0;0.0;0.0;0.0;0.0;12057.0;-5304.5
1;30314.0;12057.0;36.0;12056.0;85.0;0.0;0.0;12058.0;36.0;12059.0;85.0;0.0;0.0;12057.5;-5386.75
1;30315.0;12058.0;127.0;0.0;0.0;0.0;0.0;12060.0;127.0;0.0;0.0;0.0;0.0;12059.0;-5661.5
1;30316.0;12055.0;137.0;0.0;0.0;0.0;0.0;12057.0;47.0;12058.0;90.0;0.0;0.0;12056.0;-5177.5
1;30317.0;12057.0;146.0;0.0;0.0;0.0;0.0;12059.0;146.0;0.0;0.0;0.0;0.0;12058.0;-5484.5
1;30318.0;12060.0;33.0;12059.0;61.0;0.0;0.0;12062.0;94.0;0.0;0.0;0.0;0.0;12061.0;-6004.75
1;30319.0;12057.0;90.0;0.0;0.0;0.0;0.0;12059.0;90.0;0.0;0.0;0.0;0.0;12058.0;-5493.5
1;30320.0;12057.0;123.0;0.0;0.0;0.0;0.0;12059.0;123.0;0.0;0.0;0.0;0.0;12058.0;-5506.5
1;30321.0;12055.0;143.0;0.0;0.0;0.0;0.0;12057.0;43.0;12058.0;100.0;0.0;0.0;12056.0;-5156.0
1;30322.0;12057.0;34.0;12056.0;73.0;0.0;0.0;12058.0;34.0;12059.0;73.0;0.0;0.0;12057.5;-5438.5
1;30323.0;12054.0;107.0;0.0;0.0;0.0;0.0;12056.0;54.0;12057.0;53.0;0.0;0.0;12055.0;-5012.25
1;30324.0;12052.0;41.0;12051.0;75.0;0.0;0.0;12054.0;116.0;0.0;0.0;0.0;0.0;12053.0;-4552.0
1;30325.0;12049.0;42.0;12048.0;88.0;0.0;0.0;12050.0;42.0;12051.0;88.0;0.0;0.0;12049.5;-4000.0
1;30326.0;12047.0;50.0;12046.0;94.0;0.0;0.0;12049.0;144.0;0.0;0.0;0.0;0.0;12048.0;-3686.0
1;30327.0;12044.0;49.0;12043.0;82.0;0.0;0.0;12045.0;49.0;12046.0;82.0;0.0;0.0;12044.5;-3125.25
1;30328.0;12044.0;131.0;0.0;0.0;0.0;0.0;12046.0;33.0;12047.0;98.0;0.0;0.0;12045.0;-3216.25
1;30329.0;12045.0;44.0;12044.0;95.0;0.0;0.0;12046.0;44.0;12047.0;95.0;0.0;0.0;12045.5;-3303.0
1;30330.0;12046.0;37.0;12045.0;77.0;0.0;0.0;12048.0;121.0;0.0;0.0;0.0;0.0;12047.0;-3522.75
1;30331.0;12045.0;38.0;12044.0;88.0;0.0;0.0;12046.0;38.0;12047.0;88.0;0.0;0.0;12045.5;-3285.0
1;30332.0;12046.0;123.0;0.0;0.0;0.0;0.0;12048.0;43.0;12049.0;80.0;0.0;0.0;12047.0;-3597.0
1;30333.0;12048.0;37.0;12047.0;95.0;0.0;0.0;12049.0;37.0;12050.0;95.0;0.0;0.0;12048.5;-3795.0
1;30334.0;12047.0;121.0;0.0;0.0;0.0;0.0;12049.0;121.0;0.0;0.0;0.0;0.0;12048.0;-3711.0
1;30335.0;12049.0;54.0;12048.0;90.0;0.0;0.0;12050.0;54.0;12051.0;90.0;0.0;0.0;12049.5;-4007.75
1;30336.0;12049.0;49.0;12048.0;76.0;0.0;0.0;12050.0;49.0;12051.0;76.0;0.0;0.0;12049.5;-4004.75
1;30337.0;12049.0;40.0;12048.0;63.0;0.0;0.0;12050.0;40.0;12051.0;63.0;0.0;0.0;12049.5;-4000.25
1;30338.0;12050.0;88.0;0.0;0.0;0.0;0.0;12052.0;88.0;0.0;0.0;0.0;0.0;12051.0;-4282.5
1;30339.0;12052.0;39.0;12051.0;93.0;0.0;0.0;12054.0;132.0;0.0;0.0;0.0;0.0;12053.0;-4598.25
1;30340.0;12051.0;143.0;0.0;0.0;0.0;0.0;12053.0;143.0;0.0;0.0;0.0;0.0;12052.0;-4463.0
1;30341.0;12052.0;39.0;12051.0;63.0;0.0;0.0;12053.0;39.0;12054.0;63.0;0.0;0.0;12052.5;-4539.75
1;30342.0;12049.0;40.0;12048.0;65.0;0.0;0.0;12051.0;105.0;0.0;0.0;0.0;0.0;12050.0;-4064.5
1;30343.0;12052.0;152.0;0.0;0.0;0.0;0.0;12054.0;152.0;0.0;0.0;0.0;0.0;12053.0;-4659.75
1;30344.0;12051.0;41.0;12050.0;89.0;0.0;0.0;12053.0;130.0;0.0;0.0;0.0;0.0;12052.0;-4419.0
1;30345.0;12053.0;58.0;12052.0;95.0;0.0;0.0;12054.0;58.0;12055.0;95.0;0.0;0.0;12053.5;-4729.75
1;30346.0;12050.0;55.0;12049.0;71.0;0.0;0.0;12051.0;55.0;12052.0;71.0;0.0;0.0;12050.5;-4212.25
1;30347.0;12048.0;60.0;12047.0;58.0;0.0;0.0;12049.0;60.0;12050.0;58.0;0.0;0.0;12048.5;-3803.75
1;30348.0;12048.0;44.0;12047.0;91.0;0.0;0.0;12049.0;44.0;12050.0;91.0;0.0;0.0;12048.5;-3846.25
1;30349.0;12046.0;47.0;12045.0;89.0;0.0;0.0;12047.0;47.0;12048.0;89.0;0.0;0.0;12046.5;-3457.0
1;30350.0;12047.0;91.0;0.0;0.0;0.0;0.0;12049.0;91.0;0.0;0.0;0.0;0.0;12048.0;-3743.25
1;30351.0;12047.0;134.0;0.0;0.0;0.0;0.0;12049.0;134.0;0.0;0.0;0.0;0.0;12048.0;-3748.0
1;30352.0;12048.0;33.0;12047.0;61.0;0.0;0.0;12049.0;33.0;12050.0;61.0;0.0;0.0;12048.5;-3837.5
1;30353.0;12046.0;69.0;12045.0;76.0;0.0;0.0;12048.0;135.0;0.0;0.0;0.0;0.0;12047.0;-3516.0
1;30354.0;12047.0;108.0;0.0;0.0;0.0;0.0;12049.0;37.0;12050.0;71.0;0.0;0.0;12048.0;-3766.75
1;30355.0;12049.0;44.0;12048.0;91.0;0.0;0.0;12050.0;44.0;12051.0;91.0;0.0;0.0;12049.5;-4032.5
1;30356.0;12048.0;101.0;0.0;0.0;0.0;0.0;12050.0;46.0;12051.0;55.0;0.0;0.0;12049.0;-3989.75
1;30357.0;12048.0;38.0;12047.0;56.0;0.0;0.0;12049.0;38.0;12050.0;56.0;0.0;0.0;12048.5;-3807.5
1;30358.0;12048.0;52.0;12047.0;72.0;0.0;0.0;12049.0;52.0;12050.0;72.0;0.0;0.0;12048.5;-3805.25
1;30359.0;12046.0;58.0;12045.0;54.0;0.0;0.0;12047.0;58.0;12048.0;54.0;0.0;0.0;12046.5;-3442.75
1;30360.0;12047.0;86.0;0.0;0.0;0.0;0.0;12049.0;35.0;12050.0;51.0;0.0;0.0;12048.0;-3776.75
1;30361.0;12051.0;120.0;0.0;0.0;0.0;0.0;12053.0;32.0;12054.0;88.0;0.0;0.0;12052.0;-4617.25
1;30362.0;12051.0;50.0;12050.0;53.0;0.0;0.0;12052.0;50.0;12053.0;53.0;0.0;0.0;12051.5;-4495.5
1;30363.0;12049.0;121.0;0.0;0.0;0.0;0.0;12051.0;36.0;12052.0;85.0;0.0;0.0;12050.0;-4172.5
1;30364.0;12050.0;123.0;0.0;0.0;0.0;0.0;12052.0;46.0;12053.0;77.0;0.0;0.0;12051.0;-4404.75
1;30365.0;12050.0;59.0;12049.0;79.0;0.0;0.0;12051.0;59.0;12052.0;79.0;0.0;0.0;12050.5;-4231.75
1;30366.0;12052.0;36.0;12051.0;50.0;0.0;0.0;12053.0;36.0;12054.0;50.0;0.0;0.0;12052.5;-4650.25
1;30367.0;12056.0;36.0;12055.0;98.0;0.0;0.0;12058.0;134.0;0.0;0.0;0.0;0.0;12057.0;-5563.25
1;30368.0;12059.0;32.0;12058.0;61.0;0.0;0.0;12061.0;93.0;0.0;0.0;0.0;0.0;12060.0;-6172.25
1;30369.0;12064.0;120.0;0.0;0.0;0.0;0.0;12066.0;51.0;12067.0;69.0;0.0;0.0;12065.0;-7257.0
1;30370.0;12063.0;53.0;12062.0;97.0;0.0;0.0;12065.0;150.0;0.0;0.0;0.0;0.0;12064.0;-6987.75
1;30371.0;12062.0;55.0;12061.0;63.0;0.0;0.0;12064.0;118.0;0.0;0.0;0.0;0.0;12063.0;-6770.5
1;30372.0;12061.0;39.0;12060.0;84.0;0.0;0.0;12063.0;123.0;0.0;0.0;0.0;0.0;12062.0;-6585.75
1;30373.0;12061.0;99.0;0.0;0.0;0.0;0.0;12063.0;30.0;12064.0;69.0;0.0;0.0;12062.0;-6647.75
1;30374.0;12060.0;109.0;0.0;0.0;0.0;0.0;12062.0;109.0;0.0;0.0;0.0;0.0;12061.0;-6396.25
1;30375.0;12061.0;49.0;12060.0;99.0;0.0;0.0;12062.0;49.0;12063.0;99.0;0.0;0.0;12061.5;-6474.5
1;30376.0;12060.0;121.0;0.0;0.0;0.0;0.0;12062.0;121.0;0.0;0.0;0.0;0.0;12061.0;-6398.5
1;30377.0;12060.0;125.0;0.0;0.0;0.0;0.0;12062.0;119.0;0.0;0.0;0.0;0.0;12061.0;-6386.75
1;30378.0;12062.0;34.0;12061.0;91.0;0.0;0.0;12063.0;34.0;12064.0;91.0;0.0;0.0;12062.5;-6731.25
1;30379.0;12062.0;58.0;12061.0;92.0;0.0;0.0;12063.0;52.0;12064.0;92.0;0.0;0.0;12062.5;-6680.5
1;30380.0;12061.0;43.0;12060.0;59.0;0.0;0.0;12062.0;43.0;12063.0;59.0;0.0;0.0;12061.5;-6502.0
1;30381.0;12066.0;45.0;12065.0;70.0;0.0;0.0;12068.0;115.0;0.0;0.0;0.0;0.0;12067.0;-7598.25
1;30382.0;12064.0;146.0;0.0;0.0;0.0;0.0;12066.0;146.0;0.0;0.0;0.0;0.0;12065.0;-7220.0
1;30383.0;12063.0;93.0;0.0;0.0;0.0;0.0;12065.0;43.0;12066.0;50.0;0.0;0.0;12064.0;-7047.25
1;30384.0;12063.0;101.0;0.0;0.0;0.0;0.0;12065.0;48.0;12066.0;53.0;0.0;0.0;12064.0;-7043.75
1;30385.0;12064.0;41.0;12063.0;64.0;0.0;0.0;12066.0;105.0;0.0;0.0;0.0;0.0;12065.0;-7188.0
1;30386.0;12064.0;48.0;12063.0;67.0;0.0;0.0;12065.0;48.0;12066.0;67.0;0.0;0.0;12064.5;-7077.25
1;30387.0;12062.0;33.0;12061.0;58.0;0.0;0.0;12063.0;33.0;12064.0;58.0;0.0;0.0;12062.5;-6688.25
1;30388.0;12064.0;40.0;12063.0;69.0;0.0;0.0;12066.0;109.0;0.0;0.0;0.0;0.0;12065.0;-7191.5
1;30389.0;12067.0;56.0;12066.0;84.0;0.0;0.0;12068.0;56.0;12069.0;84.0;0.0;0.0;12067.5;-7709.0
1;30390.0;12067.0;54.0;12066.0;62.0;0.0;0.0;12068.0;54.0;12069.0;62.0;0.0;0.0;12067.5;-7709.75
1;30391.0;12069.0;53.0;12068.0;85.0;0.0;0.0;12071.0;138.0;0.0;0.0;0.0;0.0;12070.0;-8217.0
1;30392.0;12070.0;129.0;0.0;0.0;0.0;0.0;12072.0;129.0;0.0;0.0;0.0;0.0;12071.0;-8460.75
1;30393.0;12071.0;44.0;12070.0;66.0;0.0;0.0;12072.0;44.0;12073.0;66.0;0.0;0.0;12071.5;-8603.5
1;30394.0;12071.0;42.0;12070.0;72.0;0.0;0.0;12072.0;42.0;12073.0;72.0;0.0;0.0;12071.5;-8547.25
1;30395.0;12071.0;124.0;0.0;0.0;0.0;0.0;12073.0;49.0;12074.0;75.0;0.0;0.0;12072.0;-8710.75
1;30396.0;12073.0;127.0;0.0;0.0;0.0;0.0;12075.0;52.0;12076.0;75.0;0.0;0.0;12074.0;-9145.0
1;30397.0;12073.0;32.0;12072.0;60.0;0.0;0.0;12075.0;92.0;0.0;0.0;0.0;0.0;12074.0;-9049.0
1;30398.0;12077.0;44.0;12076.0;89.0;0.0;0.0;12079.0;133.0;0.0;0.0;0.0;0.0;12078.0;-9893.25
1;30399.0;12082.0;32.0;12081.0;54.0;0.0;0.0;12084.0;86.0;0.0;0.0;0.0;0.0;12083.0;-10917.5
1;30400.0;12084.0;36.0;12083.0;73.0;0.0;0.0;12085.0;36.0;12086.0;73.0;0.0;0.0;12084.5;-11304.5
1;30401.0;12082.0;157.0;0.0;0.0;0.0;0.0;12084.0;57.0;12085.0;100.0;0.0;0.0;12083.0;-10992.25
1;30402.0;12083.0;54.0;12082.0;94.0;0.0;0.0;12084.0;54.0;12085.0;94.0;0.0;0.0;12083.5;-11058.0
1;30403.0;12083.0;139.0;0.0;0.0;0.0;0.0;12085.0;139.0;0.0;0.0;0.0;0.0;12084.0;-11161.5
1;30404.0;12084.0;143.0;0.0;0.0;0.0;0.0;12086.0;143.0;0.0;0.0;0.0;0.0;12085.0;-11363.75
1;30405.0;12085.0;102.0;0.0;0.0;0.0;0.0;12087.0;48.0;12088.0;54.0;0.0;0.0;12086.0;-11611.0
1;30406.0;12086.0;30.0;12085.0;93.0;0.0;0.0;12088.0;123.0;0.0;0.0;0.0;0.0;12087.0;-11767.0
1;30407.0;12085.0;48.0;12084.0;68.0;0.0;0.0;12086.0;48.0;12087.0;68.0;0.0;0.0;12085.5;-11489.0
1;30408.0;12085.0;39.0;12084.0;63.0;0.0;0.0;12086.0;39.0;12087.0;63.0;0.0;0.0;12085.5;-11458.25
1;30409.0;12087.0;31.0;12086.0;82.0;0.0;0.0;12088.0;31.0;12089.0;82.0;0.0;0.0;12087.5;-11873.5
1;30410.0;12088.0;51.0;12087.0;72.0;0.0;0.0;12090.0;123.0;0.0;0.0;0.0;0.0;12089.0;-12154.75
1;30411.0;12089.0;38.0;12088.0;55.0;0.0;0.0;12090.0;38.0;12091.0;55.0;0.0;0.0;12089.5;-12344.0
1;30412.0;12092.0;43.0;12091.0;54.0;0.0;0.0;12094.0;97.0;0.0;0.0;0.0;0.0;12093.0;-13023.25
1;30413.0;12091.0;53.0;12090.0;80.0;0.0;0.0;12093.0;133.0;0.0;0.0;0.0;0.0;12092.0;-12816.0
1;30414.0;12090.0;107.0;0.0;0.0;0.0;0.0;12092.0;31.0;12093.0;76.0;0.0;0.0;12091.0;-12678.75
1;30415.0;12092.0;59.0;12091.0;84.0;0.0;0.0;12093.0;59.0;12094.0;84.0;0.0;0.0;12092.5;-12946.5
1;30416.0;12090.0;132.0;0.0;0.0;0.0;0.0;12092.0;132.0;0.0;0.0;0.0;0.0;12091.0;-12625.25
1;30417.0;12091.0;98.0;0.0;0.0;0.0;0.0;12093.0;46.0;12094.0;52.0;0.0;0.0;12092.0;-12864.25
1;30418.0;12095.0;104.0;0.0;0.0;0.0;0.0;12097.0;53.0;12098.0;51.0;0.0;0.0;12096.0;-13694.75
1;30419.0;12099.0;45.0;12098.0;74.0;0.0;0.0;12100.0;40.0;12101.0;74.0;0.0;0.0;12099.5;-14392.0
1;30420.0;12097.0;57.0;12096.0;98.0;0.0;0.0;12098.0;57.0;12099.0;98.0;0.0;0.0;12097.5;-13992.75
1;30421.0;12094.0;147.0;0.0;0.0;0.0;0.0;12096.0;51.0;12097.0;96.0;0.0;0.0;12095.0;-13489.75
1;30422.0;12094.0;134.0;0.0;0.0;0.0;0.0;12096.0;134.0;0.0;0.0;0.0;0.0;12095.0;-13456.0
1;30423.0;12089.0;32.0;12088.0;50.0;0.0;0.0;12091.0;82.0;0.0;0.0;0.0;0.0;12090.0;-12384.25
1;30424.0;12086.0;50.0;12085.0;100.0;0.0;0.0;12087.0;50.0;12088.0;100.0;0.0;0.0;12086.5;-11689.75
1;30425.0;12082.0;109.0;0.0;0.0;0.0;0.0;12084.0;109.0;0.0;0.0;0.0;0.0;12083.0;-10914.75
1;30426.0;12081.0;31.0;12080.0;74.0;0.0;0.0;12082.0;31.0;12083.0;74.0;0.0;0.0;12081.5;-10583.0
1;30427.0;12080.0;35.0;12079.0;81.0;0.0;0.0;12081.0;39.0;12082.0;81.0;0.0;0.0;12080.5;-10373.75
1;30428.0;12081.0;38.0;12080.0;84.0;0.0;0.0;12083.0;122.0;0.0;0.0;0.0;0.0;12082.0;-10660.5
1;30429.0;12084.0;10.0;12083.0;130.0;0.0;0.0;12085.0;130.0;0.0;0.0;0.0;0.0;12084.5;-11160.5
1;30430.0;12085.0;134.0;0.0;0.0;0.0;0.0;12087.0;35.0;12088.0;99.0;0.0;0.0;12086.0;-11656.75
1;30431.0;12083.0;89.0;0.0;0.0;0.0;0.0;12085.0;38.0;12086.0;51.0;0.0;0.0;12084.0;-11212.0
1;30432.0;12085.0;58.0;12084.0;71.0;0.0;0.0;12086.0;58.0;12087.0;71.0;0.0;0.0;12085.5;-11472.5
1;30433.0;12085.0;120.0;0.0;0.0;0.0;0.0;12087.0;120.0;0.0;0.0;0.0;0.0;12086.0;-11590.25
1;30434.0;12086.0;88.0;0.0;0.0;0.0;0.0;12088.0;88.0;0.0;0.0;0.0;0.0;12087.0;-11825.0
1;30435.0;12084.0;115.0;0.0;0.0;0.0;0.0;12086.0;47.0;12087.0;68.0;0.0;0.0;12085.0;-11419.5
1;30436.0;12087.0;114.0;0.0;0.0;0.0;0.0;12089.0;114.0;0.0;0.0;0.0;0.0;12088.0;-12059.5
1;30437.0;12086.0;59.0;12085.0;53.0;0.0;0.0;12088.0;112.0;0.0;0.0;0.0;0.0;12087.0;-11805.75
1;30438.0;12085.0;42.0;12084.0;57.0;0.0;0.0;12087.0;99.0;0.0;0.0;0.0;0.0;12086.0;-11580.0
1;30439.0;12086.0;134.0;0.0;0.0;0.0;0.0;12088.0;40.0;12089.0;94.0;0.0;0.0;12087.0;-11877.75
1;30440.0;12086.0;149.0;0.0;0.0;0.0;0.0;12088.0;60.0;12089.0;89.0;0.0;0.0;12087.0;-11851.25
1;30441.0;12087.0;117.0;0.0;0.0;0.0;0.0;12089.0;54.0;12090.0;63.0;0.0;0.0;12088.0;-12078.0
1;30442.0;12081.0;118.0;0.0;0.0;0.0;0.0;12083.0;47.0;12084.0;71.0;0.0;0.0;12082.0;-10764.25
1;30443.0;12082.0;118.0;0.0;0.0;0.0;0.0;12084.0;49.0;12085.0;69.0;0.0;0.0;12083.0;-10970.0
1;30444.0;12079.0;40.0;12078.0;97.0;0.0;0.0;12080.0;40.0;12081.0;97.0;0.0;0.0;12079.5;-10140.0
1;30445.0;12079.0;48.0;12078.0;83.0;0.0;0.0;12081.0;131.0;0.0;0.0;0.0;0.0;12080.0;-10211.75
1;30446.0;12080.0;60.0;12079.0;52.0;0.0;0.0;12081.0;60.0;12082.0;52.0;0.0;0.0;12080.5;-10409.5
1;30447.0;12082.0;38.0;12081.0;91.0;0.0;0.0;12083.0;38.0;12084.0;91.0;0.0;0.0;12082.5;-10813.75
1;30448.0;12083.0;40.0;12082.0;64.0;0.0;0.0;12084.0;40.0;12085.0;64.0;0.0;0.0;12083.5;-11067.5
1;30449.0;12081.0;58.0;12080.0;63.0;0.0;0.0;12082.0;58.0;12083.0;63.0;0.0;0.0;12081.5;-10612.5
1;30450.0;12080.0;55.0;12079.0;85.0;0.0;0.0;12081.0;55.0;12082.0;85.0;0.0;0.0;12080.5;-10396.5
1;30451.0;12081.0;60.0;12080.0;85.0;0.0;0.0;12082.0;60.0;12083.0;85.0;0.0;0.0;12081.5;-10636.0
1;30452.0;12077.0;42.0;12076.0;51.0;0.0;0.0;12078.0;42.0;12079.0;51.0;0.0;0.0;12077.5;-9718.75
1;30453.0;12076.0;118.0;0.0;0.0;0.0;0.0;12078.0;118.0;0.0;0.0;0.0;0.0;12077.0;-9596.25
1;30454.0;12078.0;31.0;12077.0;94.0;0.0;0.0;12079.0;31.0;12080.0;94.0;0.0;0.0;12078.5;-9957.0
1;30455.0;12074.0;142.0;0.0;0.0;0.0;0.0;12076.0;46.0;12077.0;96.0;0.0;0.0;12075.0;-9200.25
1;30456.0;12079.0;51.0;12078.0;95.0;0.0;0.0;12080.0;51.0;12081.0;95.0;0.0;0.0;12079.5;-10153.5
1;30457.0;12080.0;119.0;0.0;0.0;0.0;0.0;12082.0;119.0;0.0;0.0;0.0;0.0;12081.0;-10485.0
1;30458.0;12079.0;56.0;12078.0;59.0;0.0;0.0;12081.0;115.0;0.0;0.0;0.0;0.0;12080.0;-10231.0
1;30459.0;12084.0;31.0;12083.0;89.0;0.0;0.0;12085.0;31.0;12086.0;89.0;0.0;0.0;12084.5;-11239.25
1;30460.0;12087.0;60.0;12086.0;97.0;0.0;0.0;12088.0;60.0;12089.0;97.0;0.0;0.0;12087.5;-11979.25
1;30461.0;12087.0;51.0;12086.0;100.0;0.0;0.0;12089.0;151.0;0.0;0.0;0.0;0.0;12088.0;-12034.5
1;30462.0;12087.0;33.0;12086.0;80.0;0.0;0.0;12088.0;33.0;12089.0;80.0;0.0;0.0;12087.5;-11959.25
1;30463.0;12087.0;37.0;12086.0;98.0;0.0;0.0;12089.0;135.0;0.0;0.0;0.0;0.0;12088.0;-12036.75
1;30464.0;12088.0;33.0;12087.0;68.0;0.0;0.0;12089.0;33.0;12090.0;68.0;0.0;0.0;12088.5;-12232.0
1;30465.0;12087.0;103.0;0.0;0.0;0.0;0.0;12089.0;48.0;12090.0;55.0;0.0;0.0;12088.0;-12119.5
1;30466.0;12091.0;43.0;12090.0;88.0;0.0;0.0;12092.0;43.0;12093.0;88.0;0.0;0.0;12091.5;-12899.75
1;30467.0;12090.0;8.0;12089.0;122.0;0.0;0.0;12091.0;42.0;12092.0;80.0;0.0;0.0;12090.5;-12599.25
1;30468.0;12091.0;36.0;12090.0;58.0;0.0;0.0;12092.0;36.0;12093.0;58.0;0.0;0.0;12091.5;-12915.0
1;30469.0;12091.0;107.0;0.0;0.0;0.0;0.0;12093.0;107.0;0.0;0.0;0.0;0.0;12092.0;-13022.0
1;30470.0;12091.0;36.0;12090.0;84.0;0.0;0.0;12092.0;36.0;12093.0;84.0;0.0;0.0;12091.5;-12940.75
1;30471.0;12088.0;139.0;0.0;0.0;0.0;0.0;12090.0;55.0;12091.0;84.0;0.0;0.0;12089.0;-12339.25
1;30472.0;12084.0;125.0;0.0;0.0;0.0;0.0;12086.0;125.0;0.0;0.0;0.0;0.0;12085.0;-11357.25
1;30473.0;12083.0;39.0;12082.0;74.0;0.0;0.0;12084.0;39.0;12085.0;74.0;0.0;0.0;12083.5;-11018.75
1;30474.0;12082.0;32.0;12081.0;56.0;0.0;0.0;12083.0;32.0;12084.0;56.0;0.0;0.0;12082.5;-10767.5
1;30475.0;12081.0;37.0;12080.0;90.0;0.0;0.0;12083.0;127.0;0.0;0.0;0.0;0.0;12082.0;-10640.75
1;30476.0;12082.0;133.0;0.0;0.0;0.0;0.0;12084.0;52.0;12085.0;81.0;0.0;0.0;12083.0;-10935.75
1;30477.0;12083.0;45.0;12082.0;93.0;0.0;0.0;12084.0;45.0;12085.0;93.0;0.0;0.0;12083.5;-11001.25
1;30478.0;12085.0;40.0;12084.0;68.0;0.0;0.0;12086.0;40.0;12087.0;68.0;0.0;0.0;12085.5;-11524.75
1;30479.0;12083.0;93.0;0.0;0.0;0.0;0.0;12085.0;35.0;12086.0;58.0;0.0;0.0;12084.0;-11203.75
1;30480.0;12085.0;111.0;0.0;0.0;0.0;0.0;12087.0;35.0;12088.0;76.0;0.0;0.0;12086.0;-11648.0
1;30481.0;12083.0;35.0;12082.0;58.0;0.0;0.0;12085.0;93.0;0.0;0.0;0.0;0.0;12084.0;-11087.5
1;30482.0;12083.0;41.0;12082.0;62.0;0.0;0.0;12084.0;41.0;12085.0;62.0;0.0;0.0;12083.5;-11045.5
1;30483.0;12080.0;38.0;12079.0;56.0;0.0;0.0;12081.0;38.0;12082.0;56.0;0.0;0.0;12080.5;-10292.5
1;30484.0;12078.0;58.0;12077.0;86.0;0.0;0.0;12080.0;144.0;0.0;0.0;0.0;0.0;12079.0;-9894.75
1;30485.0;12075.0;112.0;0.0;0.0;0.0;0.0;12077.0;44.0;12078.0;68.0;0.0;0.0;12076.0;-9252.0
1;30486.0;12075.0;85.0;0.0;0.0;0.0;0.0;12077.0;31.0;12078.0;54.0;0.0;0.0;12076.0;-9230.75
1;30487.0;12072.0;105.0;0.0;0.0;0.0;0.0;12074.0;105.0;0.0;0.0;0.0;0.0;12073.0;-8462.25
1;30488.0;12070.0;58.0;12069.0;82.0;0.0;0.0;12072.0;140.0;0.0;0.0;0.0;0.0;12071.0;-7927.25
1;30489.0;12070.0;125.0;0.0;0.0;0.0;0.0;12072.0;125.0;0.0;0.0;0.0;0.0;12071.0;-8015.5
1;30490.0;12072.0;130.0;0.0;0.0;0.0;0.0;12074.0;40.0;12075.0;90.0;0.0;0.0;12073.0;-8510.0
1;30491.0;12072.0;39.0;12071.0;87.0;0.0;0.0;12073.0;39.0;12074.0;87.0;0.0;0.0;12072.5;-8381.75
1;30492.0;12070.0;118.0;0.0;0.0;0.0;0.0;12072.0;118.0;0.0;0.0;0.0;0.0;12071.0;-7985.25
1;30493.0;12069.0;90.0;0.0;0.0;0.0;0.0;12071.0;90.0;0.0;0.0;0.0;0.0;12070.0;-7738.25
1;30494.0;12071.0;30.0;12070.0;78.0;0.0;0.0;12072.0;30.0;12073.0;78.0;0.0;0.0;12071.5;-8156.75
1;30495.0;12069.0;58.0;12068.0;64.0;0.0;0.0;12071.0;122.0;0.0;0.0;0.0;0.0;12070.0;-7719.5
1;30496.0;12070.0;121.0;0.0;0.0;0.0;0.0;12072.0;40.0;12073.0;81.0;0.0;0.0;12071.0;-8074.75
1;30497.0;12068.0;136.0;0.0;0.0;0.0;0.0;12070.0;136.0;0.0;0.0;0.0;0.0;12069.0;-7539.5
1;30498.0;12068.0;145.0;0.0;0.0;0.0;0.0;12070.0;53.0;12071.0;92.0;0.0;0.0;12069.0;-7560.0
1;30499.0;12068.0;38.0;12067.0;86.0;0.0;0.0;12069.0;38.0;12070.0;86.0;0.0;0.0;12068.5;-7416.75
1;30500.0;12073.0;96.0;0.0;0.0;0.0;0.0;12075.0;40.0;12076.0;56.0;0.0;0.0;12074.0;-8800.0
1;30501.0;12077.0;36.0;12076.0;99.0;0.0;0.0;12079.0;135.0;0.0;0.0;0.0;0.0;12078.0;-9715.5
1;30502.0;12079.0;56.0;12078.0;66.0;0.0;0.0;12080.0;56.0;12081.0;66.0;0.0;0.0;12079.5;-10108.25
1;30503.0;12077.0;38.0;12076.0;67.0;0.0;0.0;12079.0;105.0;0.0;0.0;0.0;0.0;12078.0;-9714.75
1;30504.0;12076.0;99.0;0.0;0.0;0.0;0.0;12078.0;42.0;12079.0;57.0;0.0;0.0;12077.0;-9564.0
1;30505.0;12075.0;112.0;0.0;0.0;0.0;0.0;12077.0;36.0;12078.0;76.0;0.0;0.0;12076.0;-9276.75
1;30506.0;12074.0;111.0;0.0;0.0;0.0;0.0;12076.0;37.0;12077.0;74.0;0.0;0.0;12075.0;-9044.5
1;30507.0;12078.0;52.0;12077.0;79.0;0.0;0.0;12079.0;52.0;12080.0;79.0;0.0;0.0;12078.5;-9853.75
1;30508.0;12082.0;41.0;12081.0;52.0;0.0;0.0;12083.0;41.0;12084.0;52.0;0.0;0.0;12082.5;-10876.75
1;30509.0;12080.0;35.0;12079.0;70.0;0.0;0.0;12081.0;35.0;12082.0;70.0;0.0;0.0;12080.5;-10391.0
1;30510.0;12082.0;39.0;12081.0;57.0;0.0;0.0;12083.0;39.0;12084.0;57.0;0.0;0.0;12082.5;-10929.75
1;30511.0;12083.0;33.0;12082.0;95.0;0.0;0.0;12085.0;128.0;0.0;0.0;0.0;0.0;12084.0;-11257.75
1;30512.0;12080.0;57.0;12079.0;80.0;0.0;0.0;12081.0;57.0;12082.0;80.0;0.0;0.0;12080.5;-10360.5
1;30513.0;12074.0;30.0;12073.0;80.0;0.0;0.0;12075.0;30.0;12076.0;80.0;0.0;0.0;12074.5;-8780.75
1;30514.0;12072.0;59.0;12071.0;68.0;0.0;0.0;12073.0;59.0;12074.0;68.0;0.0;0.0;12072.5;-8238.75
1;30515.0;12073.0;31.0;12072.0;91.0;0.0;0.0;12074.0;31.0;12075.0;91.0;0.0;0.0;12073.5;-8553.0
1;30516.0;12074.0;59.0;12073.0;58.0;0.0;0.0;12076.0;110.0;0.0;0.0;0.0;0.0;12075.0;-8883.0
1;30517.0;12073.0;123.0;0.0;0.0;0.0;0.0;12075.0;43.0;12076.0;80.0;0.0;0.0;12074.0;-8738.75
1;30518.0;12077.0;132.0;0.0;0.0;0.0;0.0;12079.0;60.0;12080.0;72.0;0.0;0.0;12078.0;-9749.0
1;30519.0;12080.0;97.0;0.0;0.0;0.0;0.0;12082.0;97.0;0.0;0.0;0.0;0.0;12081.0;-10523.25
1;30520.0;12082.0;56.0;12081.0;86.0;0.0;0.0;12083.0;56.0;12084.0;86.0;0.0;0.0;12082.5;-10866.75
1;30521.0;12081.0;39.0;12080.0;58.0;0.0;0.0;12083.0;97.0;0.0;0.0;0.0;0.0;12082.0;-10701.5
1;30522.0;12079.0;34.0;12078.0;98.0;0.0;0.0;12080.0;34.0;12081.0;98.0;0.0;0.0;12079.5;-10134.0
1;30523.0;12074.0;58.0;12073.0;64.0;0.0;0.0;12075.0;58.0;12076.0;64.0;0.0;0.0;12074.5;-8773.0
1;30524.0;12076.0;39.0;12075.0;63.0;0.0;0.0;12078.0;102.0;0.0;0.0;0.0;0.0;12077.0;-9398.0
1;30525.0;12077.0;55.0;12076.0;69.0;0.0;0.0;12078.0;55.0;12079.0;69.0;0.0;0.0;12077.5;-9626.75
1;30526.0;12078.0;30.0;12077.0;63.0;0.0;0.0;12079.0;30.0;12080.0;63.0;0.0;0.0;12078.5;-9804.75
1;30527.0;12079.0;39.0;12078.0;87.0;0.0;0.0;12081.0;126.0;0.0;0.0;0.0;0.0;12080.0;-10189.0
1;30528.0;12081.0;109.0;0.0;0.0;0.0;0.0;12083.0;109.0;0.0;0.0;0.0;0.0;12082.0;-10783.0
1;30529.0;12084.0;40.0;12083.0;73.0;0.0;0.0;12086.0;113.0;0.0;0.0;0.0;0.0;12085.0;-11540.0
1;30530.0;12086.0;80.0;0.0;0.0;0.0;0.0;12088.0;80.0;0.0;0.0;0.0;0.0;12087.0;-12100.0
1;30531.0;12089.0;97.0;0.0;0.0;0.0;0.0;12091.0;33.0;12092.0;64.0;0.0;0.0;12090.0;-12926.0
1;30532.0;12091.0;110.0;0.0;0.0;0.0;0.0;12093.0;60.0;12094.0;50.0;0.0;0.0;12092.0;-13486.0
1;30533.0;12091.0;42.0;12090.0;60.0;0.0;0.0;12092.0;42.0;12093.0;60.0;0.0;0.0;12091.5;-13314.75
1;30534.0;12089.0;128.0;0.0;0.0;0.0;0.0;12091.0;128.0;0.0;0.0;0.0;0.0;12090.0;-12921.0
1;30535.0;12091.0;39.0;12090.0;92.0;0.0;0.0;12093.0;131.0;0.0;0.0;0.0;0.0;12092.0;-13404.25
1;30536.0;12091.0;32.0;12090.0;99.0;0.0;0.0;12092.0;32.0;12093.0;99.0;0.0;0.0;12091.5;-13256.25
1;30537.0;12090.0;112.0;0.0;0.0;0.0;0.0;12092.0;112.0;0.0;0.0;0.0;0.0;12091.0;-13142.25
1;30538.0;12090.0;112.0;0.0;0.0;0.0;0.0;12092.0;112.0;0.0;0.0;0.0;0.0;12091.0;-13164.5
1;30539.0;12092.0;33.0;12091.0;97.0;0.0;0.0;12093.0;33.0;12094.0;97.0;0.0;0.0;12092.5;-13534.5
1;30540.0;12090.0;44.0;12089.0;93.0;0.0;0.0;12091.0;44.0;12092.0;93.0;0.0;0.0;12090.5;-13038.5
1;30541.0;12089.0;41.0;12088.0;60.0;0.0;0.0;12090.0;41.0;12091.0;60.0;0.0;0.0;12089.5;-12728.5
1;30542.0;12087.0;34.0;12086.0;60.0;0.0;0.0;12088.0;34.0;12089.0;60.0;0.0;0.0;12087.5;-12263.75
1;30543.0;12087.0;9.0;12086.0;105.0;0.0;0.0;12088.0;53.0;12089.0;52.0;0.0;0.0;12087.5;-12172.0
1;30544.0;12083.0;44.0;12082.0;79.0;0.0;0.0;12085.0;123.0;0.0;0.0;0.0;0.0;12084.0;-11262.25
1;30545.0;12085.0;131.0;0.0;0.0;0.0;0.0;12086.0;4.0;12087.0;131.0;0.0;0.0;12085.5;-11841.75
1;30546.0;12087.0;114.0;0.0;0.0;0.0;0.0;12089.0;47.0;12090.0;67.0;0.0;0.0;12088.0;-12443.75
1;30547.0;12087.0;107.0;0.0;0.0;0.0;0.0;12089.0;101.0;0.0;0.0;0.0;0.0;12088.0;-12367.0
1;30548.0;12088.0;46.0;12087.0;86.0;0.0;0.0;12090.0;132.0;0.0;0.0;0.0;0.0;12089.0;-12600.75
1;30549.0;12090.0;34.0;12089.0;84.0;0.0;0.0;12091.0;34.0;12092.0;84.0;0.0;0.0;12090.5;-13076.25
1;30550.0;12090.0;150.0;0.0;0.0;0.0;0.0;12092.0;150.0;0.0;0.0;0.0;0.0;12091.0;-13150.5
1;30551.0;12089.0;115.0;0.0;0.0;0.0;0.0;12091.0;51.0;12092.0;64.0;0.0;0.0;12090.0;-12940.75
1;30552.0;12091.0;46.0;12090.0;76.0;0.0;0.0;12093.0;122.0;0.0;0.0;0.0;0.0;12092.0;-13398.5
1;30553.0;12090.0;86.0;0.0;0.0;0.0;0.0;12092.0;33.0;12093.0;53.0;0.0;0.0;12091.0;-13218.25
1;30554.0;12087.0;31.0;12086.0;95.0;0.0;0.0;12088.0;31.0;12089.0;95.0;0.0;0.0;12087.5;-12197.5
1;30555.0;12091.0;57.0;12090.0;78.0;0.0;0.0;12093.0;135.0;0.0;0.0;0.0;0.0;12092.0;-13385.25
1;30556.0;12090.0;30.0;12089.0;52.0;0.0;0.0;12092.0;82.0;0.0;0.0;0.0;0.0;12091.0;-13102.5
1;30557.0;12090.0;35.0;12089.0;77.0;0.0;0.0;12092.0;112.0;0.0;0.0;0.0;0.0;12091.0;-13112.75
1;30558.0;12093.0;47.0;12092.0;98.0;0.0;0.0;12094.0;47.0;12095.0;98.0;0.0;0.0;12093.5;-13840.5
1;30559.0;12093.0;60.0;12092.0;62.0;0.0;0.0;12095.0;122.0;0.0;0.0;0.0;0.0;12094.0;-13894.5
1;30560.0;12095.0;115.0;0.0;0.0;0.0;0.0;12097.0;45.0;12098.0;70.0;0.0;0.0;12096.0;-14596.0
1;30561.0;12096.0;35.0;12095.0;77.0;0.0;0.0;12097.0;35.0;12098.0;77.0;0.0;0.0;12096.5;-14630.75
1;30562.0;12097.0;146.0;0.0;0.0;0.0;0.0;12099.0;60.0;12100.0;86.0;0.0;0.0;12098.0;-15096.0
1;30563.0;12103.0;60.0;12102.0;61.0;0.0;0.0;12105.0;121.0;0.0;0.0;0.0;0.0;12104.0;-16604.75
1;30564.0;12106.0;58.0;12105.0;52.0;0.0;0.0;12107.0;58.0;12108.0;52.0;0.0;0.0;12106.5;-17402.5
1;30565.0;12107.0;32.0;12106.0;66.0;0.0;0.0;12108.0;32.0;12109.0;66.0;0.0;0.0;12107.5;-17671.5
1;30566.0;12108.0;108.0;0.0;0.0;0.0;0.0;12110.0;108.0;0.0;0.0;0.0;0.0;12109.0;-18057.0
1;30567.0;12110.0;109.0;0.0;0.0;0.0;0.0;12112.0;50.0;12113.0;59.0;0.0;0.0;12111.0;-18623.75
1;30568.0;12112.0;134.0;0.0;0.0;0.0;0.0;12114.0;58.0;12115.0;76.0;0.0;0.0;12113.0;-19184.5
1;30569.0;12113.0;50.0;12112.0;100.0;0.0;0.0;12114.0;50.0;12115.0;100.0;0.0;0.0;12113.5;-19223.75
1;30570.0;12113.0;37.0;12112.0;53.0;0.0;0.0;12114.0;37.0;12115.0;53.0;0.0;0.0;12113.5;-19275.0
1;30571.0;12112.0;50.0;12111.0;55.0;0.0;0.0;12114.0;105.0;0.0;0.0;0.0;0.0;12113.0;-19085.75
1;30572.0;12109.0;104.0;0.0;0.0;0.0;0.0;12111.0;50.0;12112.0;54.0;0.0;0.0;12110.0;-18382.0
1;30573.0;12111.0;43.0;12110.0;57.0;0.0;0.0;12112.0;43.0;12113.0;57.0;0.0;0.0;12111.5;-18747.0
1;30574.0;12111.0;146.0;0.0;0.0;0.0;0.0;12113.0;46.0;12114.0;100.0;0.0;0.0;12112.0;-18914.25
1;30575.0;12111.0;33.0;12110.0;52.0;0.0;0.0;12112.0;33.0;12113.0;52.0;0.0;0.0;12111.5;-18732.0
1;30576.0;12115.0;53.0;12114.0;69.0;0.0;0.0;12116.0;53.0;12117.0;69.0;0.0;0.0;12115.5;-19838.5
1;30577.0;12117.0;51.0;12116.0;75.0;0.0;0.0;12119.0;126.0;0.0;0.0;0.0;0.0;12118.0;-20455.0
1;30578.0;12117.0;118.0;0.0;0.0;0.0;0.0;12119.0;37.0;12120.0;81.0;0.0;0.0;12118.0;-20577.75
1;30579.0;12115.0;50.0;12114.0;80.0;0.0;0.0;12117.0;130.0;0.0;0.0;0.0;0.0;12116.0;-19905.75
1;30580.0;12114.0;105.0;0.0;0.0;0.0;0.0;12116.0;105.0;0.0;0.0;0.0;0.0;12115.0;-19698.25
1;30581.0;12113.0;116.0;0.0;0.0;0.0;0.0;12115.0;116.0;0.0;0.0;0.0;0.0;12114.0;-19393.75
1;30582.0;12111.0;51.0;12110.0;59.0;0.0;0.0;12113.0;110.0;0.0;0.0;0.0;0.0;12112.0;-18776.0
1;30583.0;12113.0;50.0;12112.0;67.0;0.0;0.0;12114.0;50.0;12115.0;67.0;0.0;0.0;12113.5;-19265.0
1;30584.0;12115.0;59.0;12114.0;76.0;0.0;0.0;12116.0;59.0;12117.0;76.0;0.0;0.0;12115.5;-19839.5
1;30585.0;12113.0;144.0;0.0;0.0;0.0;0.0;12115.0;48.0;12116.0;96.0;0.0;0.0;12114.0;-19490.0
1;30586.0;12116.0;130.0;0.0;0.0;0.0;0.0;12118.0;58.0;12119.0;72.0;0.0;0.0;12117.0;-20319.0
1;30587.0;12113.0;53.0;12112.0;98.0;0.0;0.0;12115.0;151.0;0.0;0.0;0.0;0.0;12114.0;-19342.75
1;30588.0;12113.0;38.0;12112.0;94.0;0.0;0.0;12114.0;38.0;12115.0;94.0;0.0;0.0;12113.5;-19209.5
1;30589.0;12111.0;47.0;12110.0;97.0;0.0;0.0;12112.0;47.0;12113.0;97.0;0.0;0.0;12111.5;-18749.75
1;30590.0;12109.0;127.0;0.0;0.0;0.0;0.0;12111.0;127.0;0.0;0.0;0.0;0.0;12110.0;-18280.0
1;30591.0;12108.0;123.0;0.0;0.0;0.0;0.0;12110.0;45.0;12111.0;78.0;0.0;0.0;12109.0;-18038.25
1;30592.0;12111.0;43.0;12110.0;51.0;0.0;0.0;12113.0;94.0;0.0;0.0;0.0;0.0;12112.0;-18802.0
1;30593.0;12110.0;7.0;12109.0;129.0;0.0;0.0;12111.0;60.0;12112.0;69.0;0.0;0.0;12110.5;-18332.5
1;30594.0;12106.0;146.0;0.0;0.0;0.0;0.0;12108.0;55.0;12109.0;91.0;0.0;0.0;12107.0;-17508.25
1;30595.0;12108.0;58.0;12107.0;65.0;0.0;0.0;12110.0;123.0;0.0;0.0;0.0;0.0;12109.0;-17969.0
1;30596.0;12109.0;130.0;0.0;0.0;0.0;0.0;12111.0;130.0;0.0;0.0;0.0;0.0;12110.0;-18291.5
1;30597.0;12109.0;56.0;12108.0;96.0;0.0;0.0;12111.0;152.0;0.0;0.0;0.0;0.0;12110.0;-18251.25
1;30598.0;12108.0;112.0;0.0;0.0;0.0;0.0;12110.0;31.0;12111.0;81.0;0.0;0.0;12109.0;-18060.0
1;30599.0;12103.0;118.0;0.0;0.0;0.0;0.0;12105.0;37.0;12106.0;81.0;0.0;0.0;12104.0;-16613.5
1;30600.0;12101.0;45.0;12100.0;97.0;0.0;0.0;12103.0;142.0;0.0;0.0;0.0;0.0;12102.0;-15935.5
1;30601.0;12106.0;33.0;12105.0;56.0;0.0;0.0;12107.0;33.0;12108.0;56.0;0.0;0.0;12106.5;-17328.0
1;30602.0;12106.0;139.0;0.0;0.0;0.0;0.0;12108.0;52.0;12109.0;87.0;0.0;0.0;12107.0;-17469.25
1;30603.0;12109.0;42.0;12108.0;99.0;0.0;0.0;12110.0;42.0;12111.0;99.0;0.0;0.0;12109.5;-18196.5
1;30604.0;12111.0;93.0;0.0;0.0;0.0;0.0;12113.0;31.0;12114.0;62.0;0.0;0.0;12112.0;-18964.0
1;30605.0;12110.0;35.0;12109.0;53.0;0.0;0.0;12112.0;88.0;0.0;0.0;0.0;0.0;12111.0;-18504.5
1;30606.0;12108.0;45.0;12107.0;69.0;0.0;0.0;12109.0;45.0;12110.0;69.0;0.0;0.0;12108.5;-17860.25
1;30607.0;12106.0;52.0;12105.0;69.0;0.0;0.0;12107.0;52.0;12108.0;69.0;0.0;0.0;12106.5;-17261.5
1;30608.0;12105.0;58.0;12104.0;91.0;0.0;0.0;12106.0;58.0;12107.0;91.0;0.0;0.0;12105.5;-16991.5
1;30609.0;12105.0;53.0;12104.0;87.0;0.0;0.0;12107.0;140.0;0.0;0.0;0.0;0.0;12106.0;-17048.75
1;30610.0;12100.0;140.0;0.0;0.0;0.0;0.0;12102.0;44.0;12103.0;96.0;0.0;0.0;12101.0;-15685.5
1;30611.0;12098.0;39.0;12097.0;78.0;0.0;0.0;12099.0;39.0;12100.0;78.0;0.0;0.0;12098.5;-14806.5
1;30612.0;12102.0;113.0;0.0;0.0;0.0;0.0;12104.0;113.0;0.0;0.0;0.0;0.0;12103.0;-16220.75
1;30613.0;12100.0;105.0;0.0;0.0;0.0;0.0;12102.0;47.0;12103.0;58.0;0.0;0.0;12101.0;-15678.75
1;30614.0;12096.0;131.0;0.0;0.0;0.0;0.0;12098.0;40.0;12099.0;91.0;0.0;0.0;12097.0;-14432.0
1;30615.0;12096.0;40.0;12095.0;87.0;0.0;0.0;12098.0;127.0;0.0;0.0;0.0;0.0;12097.0;-14336.25
1;30616.0;12095.0;39.0;12094.0;73.0;0.0;0.0;12097.0;112.0;0.0;0.0;0.0;0.0;12096.0;-13995.0
1;30617.0;12096.0;108.0;0.0;0.0;0.0;0.0;12098.0;38.0;12099.0;70.0;0.0;0.0;12097.0;-14412.25
1;30618.0;12099.0;129.0;0.0;0.0;0.0;0.0;12101.0;58.0;12102.0;71.0;0.0;0.0;12100.0;-15380.0
1;30619.0;12101.0;60.0;12100.0;91.0;0.0;0.0;12102.0;60.0;12103.0;91.0;0.0;0.0;12101.5;-15795.5
1;30620.0;12101.0;109.0;0.0;0.0;0.0;0.0;12103.0;53.0;12104.0;56.0;0.0;0.0;12102.0;-15989.5
1;30621.0;12103.0;154.0;0.0;0.0;0.0;0.0;12105.0;154.0;0.0;0.0;0.0;0.0;12104.0;-16509.5
1;30622.0;12101.0;42.0;12100.0;51.0;0.0;0.0;12102.0;42.0;12103.0;51.0;0.0;0.0;12101.5;-15744.75
1;30623.0;12100.0;36.0;12099.0;57.0;0.0;0.0;12101.0;36.0;12102.0;57.0;0.0;0.0;12100.5;-15391.0
1;30624.0;12101.0;35.0;12100.0;99.0;0.0;0.0;12102.0;35.0;12103.0;99.0;0.0;0.0;12101.5;-15737.5
1;30625.0;12102.0;141.0;0.0;0.0;0.0;0.0;12104.0;48.0;12105.0;93.0;0.0;0.0;12103.0;-16289.5
1;30626.0;12104.0;36.0;12103.0;93.0;0.0;0.0;12106.0;129.0;0.0;0.0;0.0;0.0;12105.0;-16799.25
1;30627.0;12104.0;122.0;0.0;0.0;0.0;0.0;12106.0;122.0;0.0;0.0;0.0;0.0;12105.0;-16844.75
1;30628.0;12104.0;94.0;0.0;0.0;0.0;0.0;12106.0;30.0;12107.0;64.0;0.0;0.0;12105.0;-16903.5
1;30629.0;12101.0;51.0;12100.0;85.0;0.0;0.0;12102.0;51.0;12103.0;85.0;0.0;0.0;12101.5;-15793.0
1;30630.0;12102.0;47.0;12101.0;90.0;0.0;0.0;12103.0;47.0;12104.0;90.0;0.0;0.0;12102.5;-16032.0
1;30631.0;12097.0;48.0;12096.0;51.0;0.0;0.0;12099.0;99.0;0.0;0.0;0.0;0.0;12098.0;-14629.0
1;30632.0;12095.0;45.0;12094.0;51.0;0.0;0.0;12096.0;45.0;12097.0;51.0;0.0;0.0;12095.5;-13966.25
1;30633.0;12095.0;51.0;12094.0;98.0;0.0;0.0;12097.0;149.0;0.0;0.0;0.0;0.0;12096.0;-13995.25
1;30634.0;12096.0;51.0;12095.0;69.0;0.0;0.0;12098.0;120.0;0.0;0.0;0.0;0.0;12097.0;-14304.0
1;30635.0;12092.0;94.0;0.0;0.0;0.0;0.0;12094.0;94.0;0.0;0.0;0.0;0.0;12093.0;-13099.75
1;30636.0;12095.0;104.0;0.0;0.0;0.0;0.0;12097.0;97.0;0.0;0.0;0.0;0.0;12096.0;-14046.0
1;30637.0;12095.0;48.0;12094.0;79.0;0.0;0.0;12097.0;127.0;0.0;0.0;0.0;0.0;12096.0;-14005.75
1;30638.0;12099.0;34.0;12098.0;71.0;0.0;0.0;12100.0;34.0;12101.0;71.0;0.0;0.0;12099.5;-15157.25
1;30639.0;12098.0;152.0;0.0;0.0;0.0;0.0;12100.0;152.0;0.0;0.0;0.0;0.0;12099.0;-15015.75
1;30640.0;12097.0;140.0;0.0;0.0;0.0;0.0;12099.0;140.0;0.0;0.0;0.0;0.0;12098.0;-14710.0
1;30641.0;12098.0;131.0;0.0;0.0;0.0;0.0;12100.0;131.0;0.0;0.0;0.0;0.0;12099.0;-14988.0
1;30642.0;12098.0;54.0;12097.0;67.0;0.0;0.0;12099.0;54.0;12100.0;67.0;0.0;0.0;12098.5;-14904.25
1;30643.0;12099.0;55.0;12098.0;77.0;0.0;0.0;12100.0;55.0;12101.0;77.0;0.0;0.0;12099.5;-15129.25
1;30644.0;12097.0;94.0;0.0;0.0;0.0;0.0;12099.0;34.0;12100.0;60.0;0.0;0.0;12098.0;-14729.25
1;30645.0;12098.0;57.0;12097.0;64.0;0.0;0.0;12100.0;121.0;0.0;0.0;0.0;0.0;12099.0;-14952.5
1;30646.0;12101.0;97.0;0.0;0.0;0.0;0.0;12103.0;97.0;0.0;0.0;0.0;0.0;12102.0;-15976.75
1;30647.0;12099.0;129.0;0.0;0.0;0.0;0.0;12101.0;41.0;12102.0;88.0;0.0;0.0;12100.0;-15371.0
1;30648.0;12094.0;35.0;12093.0;61.0;0.0;0.0;12096.0;96.0;0.0;0.0;0.0;0.0;12095.0;-13627.75
1;30649.0;12091.0;112.0;0.0;0.0;0.0;0.0;12093.0;60.0;12094.0;52.0;0.0;0.0;12092.0;-12804.25
1;30650.0;12093.0;49.0;12092.0;94.0;0.0;0.0;12094.0;49.0;12095.0;94.0;0.0;0.0;12093.5;-13273.75
1;30651.0;12092.0;111.0;0.0;0.0;0.0;0.0;12094.0;111.0;0.0;0.0;0.0;0.0;12093.0;-13093.5
1;30652.0;12092.0;36.0;12091.0;95.0;0.0;0.0;12094.0;131.0;0.0;0.0;0.0;0.0;12093.0;-13020.5
1;30653.0;12089.0;106.0;0.0;0.0;0.0;0.0;12091.0;106.0;0.0;0.0;0.0;0.0;12090.0;-12103.75
1;30654.0;12088.0;112.0;0.0;0.0;0.0;0.0;12090.0;53.0;12091.0;59.0;0.0;0.0;12089.0;-11859.25
1;30655.0;12087.0;54.0;12086.0;97.0;0.0;0.0;12088.0;54.0;12089.0;97.0;0.0;0.0;12087.5;-11260.5
1;30656.0;12088.0;109.0;0.0;0.0;0.0;0.0;12090.0;109.0;0.0;0.0;0.0;0.0;12089.0;-11793.5
1;30657.0;12088.0;144.0;0.0;0.0;0.0;0.0;12090.0;149.0;0.0;0.0;0.0;0.0;12089.0;-11776.5
1;30658.0;12089.0;58.0;12088.0;50.0;0.0;0.0;12090.0;58.0;12091.0;50.0;0.0;0.0;12089.5;-11907.0
1;30659.0;12088.0;122.0;0.0;0.0;0.0;0.0;12090.0;122.0;0.0;0.0;0.0;0.0;12089.0;-11815.5
1;30660.0;12089.0;56.0;12088.0;79.0;0.0;0.0;12090.0;56.0;12091.0;79.0;0.0;0.0;12089.5;-11913.25
1;30661.0;12091.0;31.0;12090.0;95.0;0.0;0.0;12092.0;31.0;12093.0;95.0;0.0;0.0;12091.5;-12607.0
1;30662.0;12089.0;34.0;12088.0;77.0;0.0;0.0;12091.0;111.0;0.0;0.0;0.0;0.0;12090.0;-12076.0
1;30663.0;12091.0;43.0;12090.0;56.0;0.0;0.0;12092.0;43.0;12093.0;56.0;0.0;0.0;12091.5;-12611.75
1;30664.0;12092.0;53.0;12091.0;95.0;0.0;0.0;12094.0;148.0;0.0;0.0;0.0;0.0;12093.0;-13031.75
1;30665.0;12095.0;43.0;12094.0;57.0;0.0;0.0;12096.0;43.0;12097.0;57.0;0.0;0.0;12095.5;-13951.25
1;30666.0;12096.0;113.0;0.0;0.0;0.0;0.0;12098.0;113.0;0.0;0.0;0.0;0.0;12097.0;-14481.25
1;30667.0;12098.0;139.0;0.0;0.0;0.0;0.0;12100.0;139.0;0.0;0.0;0.0;0.0;12099.0;-15140.0
1;30668.0;12101.0;141.0;0.0;0.0;0.0;0.0;12103.0;60.0;12104.0;81.0;0.0;0.0;12102.0;-16226.25
1;30669.0;12099.0;109.0;0.0;0.0;0.0;0.0;12101.0;37.0;12102.0;72.0;0.0;0.0;12100.0;-15526.25
1;30670.0;12097.0;133.0;0.0;0.0;0.0;0.0;12099.0;133.0;0.0;0.0;0.0;0.0;12098.0;-14798.5
1;30671.0;12094.0;46.0;12093.0;63.0;0.0;0.0;12095.0;46.0;12096.0;63.0;0.0;0.0;12094.5;-13647.75
1;30672.0;12099.0;54.0;12098.0;80.0;0.0;0.0;12100.0;54.0;12101.0;80.0;0.0;0.0;12099.5;-15310.0
1;30673.0;12099.0;119.0;0.0;0.0;0.0;0.0;12101.0;57.0;12102.0;62.0;0.0;0.0;12100.0;-15510.5
1;30674.0;12101.0;38.0;12100.0;75.0;0.0;0.0;12102.0;38.0;12103.0;75.0;0.0;0.0;12101.5;-15928.75
1;30675.0;12099.0;129.0;0.0;0.0;0.0;0.0;12101.0;129.0;0.0;0.0;0.0;0.0;12100.0;-15477.25
1;30676.0;12102.0;56.0;12101.0;64.0;0.0;0.0;12104.0;120.0;0.0;0.0;0.0;0.0;12103.0;-16416.5
1;30677.0;12100.0;38.0;12099.0;54.0;0.0;0.0;12102.0;101.0;0.0;0.0;0.0;0.0;12101.0;-15777.75
1;30678.0;12101.0;44.0;12100.0;70.0;0.0;0.0;12102.0;44.0;12103.0;70.0;0.0;0.0;12101.5;-15998.5
1;30679.0;12102.0;151.0;0.0;0.0;0.0;0.0;12104.0;57.0;12105.0;94.0;0.0;0.0;12103.0;-16595.25
1;30680.0;12101.0;44.0;12100.0;87.0;0.0;0.0;12102.0;44.0;12103.0;87.0;0.0;0.0;12101.5;-15975.25
1;30681.0;12099.0;156.0;0.0;0.0;0.0;0.0;12101.0;56.0;12102.0;100.0;0.0;0.0;12100.0;-15552.0
1;30682.0;12097.0;48.0;12096.0;85.0;0.0;0.0;12099.0;133.0;0.0;0.0;0.0;0.0;12098.0;-14684.0
1;30683.0;12097.0;42.0;12096.0;53.0;0.0;0.0;12098.0;42.0;12099.0;53.0;0.0;0.0;12097.5;-14563.0
1;30684.0;12096.0;116.0;0.0;0.0;0.0;0.0;12098.0;116.0;0.0;0.0;0.0;0.0;12097.0;-14420.5
1;30685.0;12096.0;50.0;12095.0;59.0;0.0;0.0;12098.0;109.0;0.0;0.0;0.0;0.0;12097.0;-14339.0
1;30686.0;12097.0;122.0;0.0;0.0;0.0;0.0;12098.0;7.0;12099.0;48.0;12100.0;74.0;12097.5;-14877.5
1;30687.0;12099.0;43.0;12098.0;83.0;0.0;0.0;12101.0;126.0;0.0;0.0;0.0;0.0;12100.0;-15385.5
1;30688.0;12102.0;45.0;12101.0;72.0;0.0;0.0;12104.0;117.0;0.0;0.0;0.0;0.0;12103.0;-16437.0
1;30689.0;12106.0;36.0;12105.0;56.0;0.0;0.0;12107.0;36.0;12108.0;56.0;0.0;0.0;12106.5;-17732.0
1;30690.0;12102.0;34.0;12101.0;60.0;0.0;0.0;12103.0;34.0;12104.0;60.0;0.0;0.0;12102.5;-16409.5
1;30691.0;12101.0;130.0;0.0;0.0;0.0;0.0;12103.0;130.0;0.0;0.0;0.0;0.0;12102.0;-16188.5
1;30692.0;12098.0;132.0;0.0;0.0;0.0;0.0;12100.0;42.0;12101.0;90.0;0.0;0.0;12099.0;-15228.5
1;30693.0;12101.0;152.0;0.0;0.0;0.0;0.0;12103.0;152.0;0.0;0.0;0.0;0.0;12102.0;-16180.0
1;30694.0;12103.0;55.0;12102.0;88.0;0.0;0.0;12104.0;55.0;12105.0;88.0;0.0;0.0;12103.5;-16670.5
1;30695.0;12098.0;51.0;12097.0;54.0;0.0;0.0;12100.0;105.0;0.0;0.0;0.0;0.0;12099.0;-15026.5
1;30696.0;12097.0;58.0;12096.0;91.0;0.0;0.0;12098.0;58.0;12099.0;91.0;0.0;0.0;12097.5;-14597.5
1;30697.0;12098.0;135.0;0.0;0.0;0.0;0.0;12100.0;135.0;0.0;0.0;0.0;0.0;12099.0;-15115.5
1;30698.0;12099.0;41.0;12098.0;53.0;0.0;0.0;12100.0;41.0;12101.0;53.0;0.0;0.0;12099.5;-15361.5
1;30699.0;12100.0;123.0;0.0;0.0;0.0;0.0;12102.0;32.0;12103.0;91.0;0.0;0.0;12101.0;-15906.0
1;30700.0;12101.0;143.0;0.0;0.0;0.0;0.0;12103.0;139.0;0.0;0.0;0.0;0.0;12102.0;-16193.5
1;30701.0;12105.0;108.0;0.0;0.0;0.0;0.0;12107.0;50.0;12108.0;58.0;0.0;0.0;12106.0;-17718.5
1;30702.0;12108.0;43.0;12107.0;79.0;0.0;0.0;12109.0;43.0;12110.0;79.0;0.0;0.0;12108.5;-18512.0
1;30703.0;12106.0;41.0;12105.0;62.0;0.0;0.0;12108.0;103.0;0.0;0.0;0.0;0.0;12107.0;-17934.0
1;30704.0;12111.0;97.0;0.0;0.0;0.0;0.0;12113.0;38.0;12114.0;59.0;0.0;0.0;12112.0;-19879.5
1;30705.0;12116.0;34.0;12115.0;78.0;0.0;0.0;12117.0;34.0;12118.0;78.0;0.0;0.0;12116.5;-21337.5
1;30706.0;12113.0;40.0;12112.0;70.0;0.0;0.0;12114.0;40.0;12115.0;70.0;0.0;0.0;12113.5;-20272.5
1;30707.0;12114.0;38.0;12113.0;88.0;0.0;0.0;12115.0;38.0;12116.0;88.0;0.0;0.0;12114.5;-20723.5
1;30708.0;12115.0;31.0;12114.0;65.0;0.0;0.0;12116.0;31.0;12117.0;65.0;0.0;0.0;12115.5;-21012.0
1;30709.0;12113.0;128.0;0.0;0.0;0.0;0.0;12115.0;128.0;0.0;0.0;0.0;0.0;12114.0;-20510.0
1;30710.0;12113.0;127.0;0.0;0.0;0.0;0.0;12115.0;127.0;0.0;0.0;0.0;0.0;12114.0;-20493.5
1;30711.0;12113.0;39.0;12112.0;70.0;0.0;0.0;12115.0;117.0;0.0;0.0;0.0;0.0;12114.0;-20477.0
1;30712.0;12118.0;112.0;0.0;0.0;0.0;0.0;12120.0;59.0;12121.0;53.0;0.0;0.0;12119.0;-22459.0
1;30713.0;12120.0;127.0;0.0;0.0;0.0;0.0;12122.0;52.0;12123.0;75.0;0.0;0.0;12121.0;-23191.0
1;30714.0;12120.0;50.0;12119.0;55.0;0.0;0.0;12121.0;50.0;12122.0;55.0;0.0;0.0;12120.5;-22985.5
1;30715.0;12120.0;56.0;12119.0;75.0;0.0;0.0;12122.0;131.0;0.0;0.0;0.0;0.0;12121.0;-23077.5
1;30716.0;12116.0;44.0;12115.0;74.0;0.0;0.0;12117.0;44.0;12118.0;74.0;0.0;0.0;12116.5;-21360.5
1;30717.0;12111.0;146.0;0.0;0.0;0.0;0.0;12113.0;146.0;0.0;0.0;0.0;0.0;12112.0;-19764.5
1;30718.0;12111.0;48.0;12110.0;94.0;0.0;0.0;12112.0;48.0;12113.0;94.0;0.0;0.0;12111.5;-19627.5
1;30719.0;12108.0;116.0;0.0;0.0;0.0;0.0;12110.0;116.0;0.0;0.0;0.0;0.0;12109.0;-18598.0
1;30720.0;12104.0;107.0;0.0;0.0;0.0;0.0;12106.0;107.0;0.0;0.0;0.0;0.0;12105.0;-17150.5
1;30721.0;12100.0;53.0;12099.0;87.0;0.0;0.0;12101.0;53.0;12102.0;87.0;0.0;0.0;12100.5;-15444.0
1;30722.0;12102.0;42.0;12101.0;97.0;0.0;0.0;12103.0;42.0;12104.0;97.0;0.0;0.0;12102.5;-16150.5
1;30723.0;12099.0;160.0;0.0;0.0;0.0;0.0;12101.0;160.0;0.0;0.0;0.0;0.0;12100.0;-15241.5
1;30724.0;12098.0;129.0;0.0;0.0;0.0;0.0;12100.0;129.0;0.0;0.0;0.0;0.0;12099.0;-14902.5
1;30725.0;12099.0;94.0;0.0;0.0;0.0;0.0;12101.0;94.0;0.0;0.0;0.0;0.0;12100.0;-15227.5
1;30726.0;12096.0;55.0;12095.0;93.0;0.0;0.0;12098.0;148.0;0.0;0.0;0.0;0.0;12097.0;-14037.5
1;30727.0;12098.0;42.0;12097.0;98.0;0.0;0.0;12100.0;140.0;0.0;0.0;0.0;0.0;12099.0;-14791.5
1;30728.0;12098.0;101.0;0.0;0.0;0.0;0.0;12100.0;101.0;0.0;0.0;0.0;0.0;12099.0;-14874.0
1;30729.0;12099.0;90.0;0.0;0.0;0.0;0.0;12101.0;90.0;0.0;0.0;0.0;0.0;12100.0;-15226.5
1;30730.0;12102.0;126.0;0.0;0.0;0.0;0.0;12104.0;39.0;12105.0;87.0;0.0;0.0;12103.0;-16478.5
1;30731.0;12103.0;50.0;12102.0;63.0;0.0;0.0;12104.0;50.0;12105.0;63.0;0.0;0.0;12103.5;-16642.0
1;30732.0;12103.0;34.0;12102.0;58.0;0.0;0.0;12104.0;34.0;12105.0;58.0;0.0;0.0;12103.5;-16584.0
1;30733.0;12105.0;8.0;12104.0;126.0;0.0;0.0;12106.0;37.0;12107.0;89.0;0.0;0.0;12105.5;-17201.0
1;30734.0;12103.0;146.0;0.0;0.0;0.0;0.0;12105.0;146.0;0.0;0.0;0.0;0.0;12104.0;-16744.5
1;30735.0;12105.0;116.0;0.0;0.0;0.0;0.0;12107.0;32.0;12108.0;84.0;0.0;0.0;12106.0;-17613.5
1;30736.0;12103.0;31.0;12102.0;72.0;0.0;0.0;12105.0;103.0;0.0;0.0;0.0;0.0;12104.0;-16640.0
1;30737.0;12100.0;98.0;0.0;0.0;0.0;0.0;12102.0;98.0;0.0;0.0;0.0;0.0;12101.0;-15573.0
1;30738.0;12100.0;114.0;0.0;0.0;0.0;0.0;12102.0;114.0;0.0;0.0;0.0;0.0;12101.0;-15605.0
1;30739.0;12100.0;123.0;0.0;0.0;0.0;0.0;12102.0;41.0;12103.0;82.0;0.0;0.0;12101.0;-15708.0
1;30740.0;12103.0;38.0;12102.0;98.0;0.0;0.0;12104.0;38.0;12105.0;98.0;0.0;0.0;12103.5;-16579.5
1;30741.0;12101.0;120.0;0.0;0.0;0.0;0.0;12103.0;38.0;12104.0;82.0;0.0;0.0;12102.0;-16036.5
1;30742.0;12100.0;50.0;12099.0;56.0;0.0;0.0;12101.0;50.0;12102.0;56.0;0.0;0.0;12100.5;-15309.0
1;30743.0;12102.0;33.0;12101.0;78.0;0.0;0.0;12103.0;33.0;12104.0;78.0;0.0;0.0;12102.5;-16226.0
1;30744.0;12103.0;4.0;12102.0;108.0;0.0;0.0;12104.0;34.0;12105.0;74.0;0.0;0.0;12103.5;-16463.5
1;30745.0;12099.0;90.0;0.0;0.0;0.0;0.0;12101.0;90.0;0.0;0.0;0.0;0.0;12100.0;-15202.5
1;30746.0;12101.0;50.0;12100.0;53.0;0.0;0.0;12102.0;50.0;12103.0;53.0;0.0;0.0;12101.5;-15807.0
1;30747.0;12102.0;108.0;0.0;0.0;0.0;0.0;12104.0;52.0;12105.0;56.0;0.0;0.0;12103.0;-16423.0
1;30748.0;12102.0;59.0;12101.0;85.0;0.0;0.0;12104.0;144.0;0.0;0.0;0.0;0.0;12103.0;-16280.5
1;30749.0;12100.0;31.0;12099.0;60.0;0.0;0.0;12102.0;91.0;0.0;0.0;0.0;0.0;12101.0;-15516.5
1;30750.0;12098.0;46.0;12097.0;52.0;0.0;0.0;12099.0;46.0;12100.0;52.0;0.0;0.0;12098.5;-14658.5
1;30751.0;12096.0;59.0;12095.0;89.0;0.0;0.0;12097.0;59.0;12098.0;89.0;0.0;0.0;12096.5;-13742.0
1;30752.0;12099.0;132.0;0.0;0.0;0.0;0.0;12101.0;37.0;12102.0;95.0;0.0;0.0;12100.0;-15275.0
1;30753.0;12101.0;48.0;12100.0;61.0;0.0;0.0;12102.0;54.0;12103.0;61.0;0.0;0.0;12101.5;-15743.0
1;30754.0;12101.0;52.0;12100.0;59.0;0.0;0.0;12103.0;102.0;0.0;0.0;0.0;0.0;12102.0;-15872.5
1;30755.0;12101.0;9.0;12100.0;133.0;0.0;0.0;12102.0;133.0;0.0;0.0;0.0;0.0;12101.5;-15578.5
1;30756.0;12100.0;60.0;12099.0;55.0;0.0;0.0;12101.0;60.0;12102.0;55.0;0.0;0.0;12100.5;-15308.0
1;30757.0;12098.0;31.0;12097.0;64.0;0.0;0.0;12099.0;31.0;12100.0;64.0;0.0;0.0;12098.5;-14508.5
1;30758.0;12097.0;33.0;12096.0;56.0;0.0;0.0;12098.0;33.0;12099.0;56.0;0.0;0.0;12097.5;-14222.5
1;30759.0;12097.0;137.0;0.0;0.0;0.0;0.0;12099.0;45.0;12100.0;92.0;0.0;0.0;12098.0;-14433.5
1;30760.0;12100.0;42.0;12099.0;74.0;0.0;0.0;12101.0;42.0;12102.0;74.0;0.0;0.0;12100.5;-15310.5
1;30761.0;12096.0;38.0;12095.0;99.0;0.0;0.0;12097.0;38.0;12098.0;99.0;0.0;0.0;12096.5;-13734.0
1;30762.0;12096.0;47.0;12095.0;50.0;0.0;0.0;12097.0;47.0;12098.0;50.0;0.0;0.0;12096.5;-13715.5
1;30763.0;12097.0;44.0;12096.0;91.0;0.0;0.0;12098.0;44.0;12099.0;91.0;0.0;0.0;12097.5;-14175.0
1;30764.0;12093.0;51.0;12092.0;63.0;0.0;0.0;12095.0;114.0;0.0;0.0;0.0;0.0;12094.0;-12620.0
1;30765.0;12095.0;31.0;12094.0;69.0;0.0;0.0;12097.0;100.0;0.0;0.0;0.0;0.0;12096.0;-13477.0
1;30766.0;12092.0;55.0;12091.0;97.0;0.0;0.0;12093.0;55.0;12094.0;97.0;0.0;0.0;12092.5;-12160.0
1;30767.0;12087.0;92.0;0.0;0.0;0.0;0.0;12089.0;41.0;12090.0;51.0;0.0;0.0;12088.0;-10366.0
1;30768.0;12088.0;37.0;12087.0;62.0;0.0;0.0;12089.0;37.0;12090.0;62.0;0.0;0.0;12088.5;-10501.5
1;30769.0;12088.0;121.0;0.0;0.0;0.0;0.0;12090.0;39.0;12091.0;82.0;0.0;0.0;12089.0;-10810.0
1;30770.0;12089.0;105.0;0.0;0.0;0.0;0.0;12091.0;38.0;12092.0;67.0;0.0;0.0;12090.0;-11197.0
1;30771.0;12088.0;32.0;12087.0;86.0;0.0;0.0;12089.0;32.0;12090.0;86.0;0.0;0.0;12088.5;-10487.0
1;30772.0;12088.0;134.0;0.0;0.0;0.0;0.0;12090.0;134.0;0.0;0.0;0.0;0.0;12089.0;-10672.5
1;30773.0;12088.0;36.0;12087.0;93.0;0.0;0.0;12090.0;129.0;0.0;0.0;0.0;0.0;12089.0;-10618.0
1;30774.0;12087.0;7.0;12086.0;132.0;0.0;0.0;12088.0;132.0;0.0;0.0;0.0;0.0;12087.5;-9923.5
1;30775.0;12090.0;84.0;0.0;0.0;0.0;0.0;12092.0;30.0;12093.0;54.0;0.0;0.0;12091.0;-11569.5
1;30776.0;12091.0;131.0;0.0;0.0;0.0;0.0;12093.0;40.0;12094.0;91.0;0.0;0.0;12092.0;-12025.5
1;30777.0;12089.0;58.0;12088.0;52.0;0.0;0.0;12090.0;58.0;12091.0;52.0;0.0;0.0;12089.5;-10971.0
1;30778.0;12082.0;127.0;0.0;0.0;0.0;0.0;12084.0;58.0;12085.0;69.0;0.0;0.0;12083.0;-8374.0
1;30779.0;12082.0;45.0;12081.0;70.0;0.0;0.0;12084.0;115.0;0.0;0.0;0.0;0.0;12083.0;-8203.0
1;30780.0;12086.0;49.0;12085.0;64.0;0.0;0.0;12087.0;49.0;12088.0;64.0;0.0;0.0;12086.5;-9736.5
1;30781.0;12083.0;57.0;12082.0;54.0;0.0;0.0;12084.0;57.0;12085.0;54.0;0.0;0.0;12083.5;-8444.0
1;30782.0;12085.0;114.0;0.0;0.0;0.0;0.0;12087.0;50.0;12088.0;64.0;0.0;0.0;12086.0;-9589.5
1;30783.0;12083.0;41.0;12082.0;58.0;0.0;0.0;12084.0;41.0;12085.0;58.0;0.0;0.0;12083.5;-8528.5
1;30784.0;12079.0;117.0;0.0;0.0;0.0;0.0;12081.0;117.0;0.0;0.0;0.0;0.0;12080.0;-7055.5
1;30785.0;12079.0;133.0;0.0;0.0;0.0;0.0;12081.0;133.0;0.0;0.0;0.0;0.0;12080.0;-7078.0
1;30786.0;12084.0;37.0;12083.0;88.0;0.0;0.0;12085.0;37.0;12086.0;88.0;0.0;0.0;12084.5;-8913.5
1;30787.0;12086.0;31.0;12085.0;97.0;0.0;0.0;12088.0;128.0;0.0;0.0;0.0;0.0;12087.0;-9793.0
1;30788.0;12086.0;39.0;12085.0;70.0;0.0;0.0;12087.0;39.0;12088.0;70.0;0.0;0.0;12086.5;-9631.5
1;30789.0;12087.0;38.0;12086.0;88.0;0.0;0.0;12088.0;38.0;12089.0;88.0;0.0;0.0;12087.5;-10032.0
1;30790.0;12089.0;45.0;12088.0;89.0;0.0;0.0;12091.0;138.0;0.0;0.0;0.0;0.0;12090.0;-11003.0
1;30791.0;12087.0;5.0;12086.0;125.0;0.0;0.0;12088.0;50.0;12089.0;75.0;0.0;0.0;12087.5;-9946.0
1;30792.0;12090.0;41.0;12089.0;80.0;0.0;0.0;12091.0;41.0;12092.0;80.0;0.0;0.0;12090.5;-11266.5
1;30793.0;12094.0;59.0;12093.0;97.0;0.0;0.0;12095.0;59.0;12096.0;97.0;0.0;0.0;12094.5;-12926.0
1;30794.0;12095.0;46.0;12094.0;97.0;0.0;0.0;12097.0;143.0;0.0;0.0;0.0;0.0;12096.0;-13556.5
1;30795.0;12094.0;59.0;12093.0;81.0;0.0;0.0;12095.0;59.0;12096.0;81.0;0.0;0.0;12094.5;-12905.0
1;30796.0;12094.0;35.0;12093.0;97.0;0.0;0.0;12096.0;132.0;0.0;0.0;0.0;0.0;12095.0;-13082.0
1;30797.0;12093.0;134.0;0.0;0.0;0.0;0.0;12095.0;47.0;12096.0;87.0;0.0;0.0;12094.0;-12856.0
1;30798.0;12096.0;30.0;12095.0;61.0;0.0;0.0;12097.0;30.0;12098.0;61.0;0.0;0.0;12096.5;-13769.0
1;30799.0;12097.0;150.0;0.0;0.0;0.0;0.0;12099.0;54.0;12100.0;96.0;0.0;0.0;12098.0;-14502.5
1;30800.0;12096.0;143.0;0.0;0.0;0.0;0.0;12098.0;53.0;12099.0;90.0;0.0;0.0;12097.0;-14082.0
1;30801.0;12097.0;4.0;12096.0;115.0;0.0;0.0;12098.0;115.0;0.0;0.0;0.0;0.0;12097.5;-14027.5
1;30802.0;12094.0;52.0;12093.0;99.0;0.0;0.0;12095.0;52.0;12096.0;99.0;0.0;0.0;12094.5;-12921.0
1;30803.0;12092.0;126.0;0.0;0.0;0.0;0.0;12094.0;59.0;12095.0;67.0;0.0;0.0;12093.0;-12443.5
1;30804.0;12093.0;53.0;12092.0;62.0;0.0;0.0;12095.0;115.0;0.0;0.0;0.0;0.0;12094.0;-12692.5
1;30805.0;12096.0;45.0;12095.0;100.0;0.0;0.0;12097.0;45.0;12098.0;100.0;0.0;0.0;12096.5;-13882.5
1;30806.0;12093.0;42.0;12092.0;68.0;0.0;0.0;12094.0;42.0;12095.0;68.0;0.0;0.0;12093.5;-12603.5
1;30807.0;12091.0;47.0;12090.0;61.0;0.0;0.0;12092.0;47.0;12093.0;61.0;0.0;0.0;12091.5;-11709.5
1;30808.0;12091.0;108.0;0.0;0.0;0.0;0.0;12093.0;108.0;0.0;0.0;0.0;0.0;12092.0;-11940.5
1;30809.0;12096.0;142.0;0.0;0.0;0.0;0.0;12098.0;142.0;0.0;0.0;0.0;0.0;12097.0;-13986.0
1;30810.0;12095.0;120.0;0.0;0.0;0.0;0.0;12097.0;120.0;0.0;0.0;0.0;0.0;12096.0;-13593.0
1;30811.0;12098.0;103.0;0.0;0.0;0.0;0.0;12100.0;103.0;0.0;0.0;0.0;0.0;12099.0;-14829.0
1;30812.0;12097.0;159.0;0.0;0.0;0.0;0.0;12099.0;159.0;0.0;0.0;0.0;0.0;12098.0;-14465.5
1;30813.0;12099.0;123.0;0.0;0.0;0.0;0.0;12101.0;53.0;12102.0;70.0;0.0;0.0;12100.0;-15338.5
1;30814.0;12100.0;131.0;0.0;0.0;0.0;0.0;12102.0;131.0;0.0;0.0;0.0;0.0;12101.0;-15643.0
1;30815.0;12100.0;36.0;12099.0;63.0;0.0;0.0;12101.0;36.0;12102.0;63.0;0.0;0.0;12100.5;-15405.5
1;30816.0;12099.0;30.0;12098.0;70.0;0.0;0.0;12100.0;30.0;12101.0;70.0;0.0;0.0;12099.5;-15108.0
1;30817.0;12098.0;132.0;0.0;0.0;0.0;0.0;12100.0;132.0;0.0;0.0;0.0;0.0;12099.0;-14813.5
1;30818.0;12097.0;54.0;12096.0;73.0;0.0;0.0;12098.0;50.0;12099.0;73.0;0.0;0.0;12097.5;-14294.5
1;30819.0;12096.0;46.0;12095.0;53.0;0.0;0.0;12097.0;46.0;12098.0;53.0;0.0;0.0;12096.5;-13862.0
1;30820.0;12090.0;136.0;0.0;0.0;0.0;0.0;12092.0;136.0;0.0;0.0;0.0;0.0;12091.0;-11513.5
1;30821.0;12093.0;43.0;12092.0;57.0;0.0;0.0;12094.0;43.0;12095.0;57.0;0.0;0.0;12093.5;-12491.5
1;30822.0;12094.0;48.0;12093.0;67.0;0.0;0.0;12096.0;115.0;0.0;0.0;0.0;0.0;12095.0;-13106.0
1;30823.0;12096.0;122.0;0.0;0.0;0.0;0.0;12098.0;30.0;12099.0;92.0;0.0;0.0;12097.0;-14074.0
1;30824.0;12097.0;48.0;12096.0;68.0;0.0;0.0;12099.0;116.0;0.0;0.0;0.0;0.0;12098.0;-14335.0
1;30825.0;12096.0;125.0;0.0;0.0;0.0;0.0;12098.0;34.0;12099.0;91.0;0.0;0.0;12097.0;-14063.0
1;30826.0;12097.0;42.0;12096.0;62.0;0.0;0.0;12098.0;32.0;12099.0;62.0;0.0;0.0;12097.5;-14285.0
1;30827.0;12097.0;39.0;12096.0;83.0;0.0;0.0;12098.0;39.0;12099.0;83.0;0.0;0.0;12097.5;-14188.5
1;30828.0;12101.0;55.0;12100.0;80.0;0.0;0.0;12103.0;135.0;0.0;0.0;0.0;0.0;12102.0;-16009.0
1;30829.0;12101.0;49.0;12100.0;56.0;0.0;0.0;12102.0;49.0;12103.0;56.0;0.0;0.0;12101.5;-15878.5
1;30830.0;12098.0;110.0;0.0;0.0;0.0;0.0;12100.0;32.0;12101.0;78.0;0.0;0.0;12099.0;-14950.5
1;30831.0;12096.0;46.0;12095.0;87.0;0.0;0.0;12097.0;46.0;12098.0;87.0;0.0;0.0;12096.5;-13780.0
1;30832.0;12096.0;103.0;0.0;0.0;0.0;0.0;12098.0;103.0;0.0;0.0;0.0;0.0;12097.0;-14055.0
1;30833.0;12098.0;146.0;0.0;0.0;0.0;0.0;12100.0;50.0;12101.0;96.0;0.0;0.0;12099.0;-14954.0
1;30834.0;12101.0;113.0;0.0;0.0;0.0;0.0;12103.0;113.0;0.0;0.0;0.0;0.0;12102.0;-16137.5
1;30835.0;12103.0;37.0;12102.0;55.0;0.0;0.0;12104.0;37.0;12105.0;55.0;0.0;0.0;12103.5;-16830.5
1;30836.0;12107.0;132.0;0.0;0.0;0.0;0.0;12108.0;8.0;12109.0;132.0;0.0;0.0;12107.5;-18687.5
1;30837.0;12107.0;58.0;12106.0;92.0;0.0;0.0;12109.0;150.0;0.0;0.0;0.0;0.0;12108.0;-18574.5
1;30838.0;12109.0;60.0;12108.0;77.0;0.0;0.0;12110.0;60.0;12111.0;77.0;0.0;0.0;12109.5;-19309.5
1;30839.0;12110.0;135.0;0.0;0.0;0.0;0.0;12112.0;135.0;0.0;0.0;0.0;0.0;12111.0;-19947.5
1;30840.0;12110.0;31.0;12109.0;85.0;0.0;0.0;12112.0;116.0;0.0;0.0;0.0;0.0;12111.0;-19874.5
1;30841.0;12108.0;94.0;0.0;0.0;0.0;0.0;12110.0;101.0;0.0;0.0;0.0;0.0;12109.0;-19087.0
1;30842.0;12104.0;106.0;0.0;0.0;0.0;0.0;12106.0;106.0;0.0;0.0;0.0;0.0;12105.0;-17421.5
1;30843.0;12103.0;30.0;12102.0;70.0;0.0;0.0;12104.0;30.0;12105.0;70.0;0.0;0.0;12103.5;-16717.5
1;30844.0;12103.0;139.0;0.0;0.0;0.0;0.0;12105.0;139.0;0.0;0.0;0.0;0.0;12104.0;-16973.0
1;30845.0;12101.0;50.0;12100.0;55.0;0.0;0.0;12102.0;50.0;12103.0;55.0;0.0;0.0;12101.5;-15908.5
1;30846.0;12104.0;127.0;0.0;0.0;0.0;0.0;12106.0;127.0;0.0;0.0;0.0;0.0;12105.0;-17397.5
1;30847.0;12105.0;33.0;12104.0;54.0;0.0;0.0;12106.0;33.0;12107.0;54.0;0.0;0.0;12105.5;-17624.5
1;30848.0;12105.0;107.0;0.0;0.0;0.0;0.0;12107.0;42.0;12108.0;65.0;0.0;0.0;12106.0;-17893.5
1;30849.0;12103.0;96.0;0.0;0.0;0.0;0.0;12105.0;39.0;12106.0;57.0;0.0;0.0;12104.0;-17064.0
1;30850.0;12102.0;44.0;12101.0;62.0;0.0;0.0;12103.0;44.0;12104.0;62.0;0.0;0.0;12102.5;-16300.0
1;30851.0;12104.0;46.0;12103.0;77.0;0.0;0.0;12105.0;46.0;12106.0;77.0;0.0;0.0;12104.5;-17106.0
1;30852.0;12105.0;104.0;0.0;0.0;0.0;0.0;12107.0;104.0;0.0;0.0;0.0;0.0;12106.0;-17820.5
1;30853.0;12106.0;43.0;12105.0;57.0;0.0;0.0;12107.0;43.0;12108.0;57.0;0.0;0.0;12106.5;-17971.5
1;30854.0;12107.0;38.0;12106.0;98.0;0.0;0.0;12108.0;38.0;12109.0;98.0;0.0;0.0;12107.5;-18411.0
1;30855.0;12108.0;129.0;0.0;0.0;0.0;0.0;12110.0;56.0;12111.0;73.0;0.0;0.0;12109.0;-19189.5
1;30856.0;12110.0;32.0;12109.0;51.0;0.0;0.0;12111.0;32.0;12112.0;51.0;0.0;0.0;12110.5;-19750.0
1;30857.0;12106.0;31.0;12105.0;69.0;0.0;0.0;12108.0;100.0;0.0;0.0;0.0;0.0;12107.0;-18177.5
1;30858.0;12107.0;127.0;0.0;0.0;0.0;0.0;12109.0;127.0;0.0;0.0;0.0;0.0;12108.0;-18716.5
1;30859.0;12107.0;155.0;0.0;0.0;0.0;0.0;12109.0;55.0;12110.0;100.0;0.0;0.0;12108.0;-18757.0
1;30860.0;12111.0;41.0;12110.0;60.0;0.0;0.0;12113.0;101.0;0.0;0.0;0.0;0.0;12112.0;-20320.5
1;30861.0;12111.0;55.0;12110.0;51.0;0.0;0.0;12112.0;55.0;12113.0;51.0;0.0;0.0;12111.5;-20126.0
1;30862.0;12110.0;113.0;0.0;0.0;0.0;0.0;12112.0;60.0;12113.0;53.0;0.0;0.0;12111.0;-20077.0
1;30863.0;12109.0;98.0;0.0;0.0;0.0;0.0;12111.0;98.0;0.0;0.0;0.0;0.0;12110.0;-19523.5
1;30864.0;12109.0;54.0;12108.0;84.0;0.0;0.0;12110.0;54.0;12111.0;84.0;0.0;0.0;12109.5;-19260.0
1;30865.0;12108.0;41.0;12107.0;89.0;0.0;0.0;12109.0;41.0;12110.0;89.0;0.0;0.0;12108.5;-18963.0
1;30866.0;12106.0;123.0;0.0;0.0;0.0;0.0;12108.0;50.0;12109.0;73.0;0.0;0.0;12107.0;-18293.5
1;30867.0;12110.0;99.0;0.0;0.0;0.0;0.0;12112.0;36.0;12113.0;63.0;0.0;0.0;12111.0;-20072.5
1;30868.0;12113.0;98.0;0.0;0.0;0.0;0.0;12115.0;98.0;0.0;0.0;0.0;0.0;12114.0;-21368.5
1;30869.0;12115.0;53.0;12114.0;50.0;0.0;0.0;12117.0;103.0;0.0;0.0;0.0;0.0;12116.0;-22141.5
1;30870.0;12118.0;37.0;12117.0;56.0;0.0;0.0;12120.0;93.0;0.0;0.0;0.0;0.0;12119.0;-23447.0
1;30871.0;12117.0;32.0;12116.0;79.0;0.0;0.0;12118.0;32.0;12119.0;79.0;0.0;0.0;12117.5;-22816.5
1;30872.0;12118.0;42.0;12117.0;54.0;0.0;0.0;12119.0;42.0;12120.0;54.0;0.0;0.0;12118.5;-23315.0
1;30873.0;12115.0;148.0;0.0;0.0;0.0;0.0;12117.0;53.0;12118.0;95.0;0.0;0.0;12116.0;-22304.5
1;30874.0;12113.0;143.0;0.0;0.0;0.0;0.0;12115.0;143.0;0.0;0.0;0.0;0.0;12114.0;-21302.5
1;30875.0;12113.0;44.0;12112.0;81.0;0.0;0.0;12114.0;44.0;12115.0;81.0;0.0;0.0;12113.5;-21023.5
1;30876.0;12117.0;57.0;12116.0;65.0;0.0;0.0;12118.0;57.0;12119.0;65.0;0.0;0.0;12117.5;-22840.5
1;30877.0;12119.0;42.0;12118.0;92.0;0.0;0.0;12120.0;42.0;12121.0;92.0;0.0;0.0;12119.5;-23701.0
1;30878.0;12119.0;36.0;12118.0;54.0;0.0;0.0;12120.0;36.0;12121.0;54.0;0.0;0.0;12119.5;-23718.0
1;30879.0;12118.0;109.0;0.0;0.0;0.0;0.0;12120.0;109.0;0.0;0.0;0.0;0.0;12119.0;-23562.0
1;30880.0;12117.0;147.0;0.0;0.0;0.0;0.0;12119.0;147.0;0.0;0.0;0.0;0.0;12118.0;-23074.5
1;30881.0;12112.0;105.0;0.0;0.0;0.0;0.0;12114.0;41.0;12115.0;64.0;0.0;0.0;12113.0;-20897.5
1;30882.0;12111.0;47.0;12110.0;68.0;0.0;0.0;12112.0;47.0;12113.0;68.0;0.0;0.0;12111.5;-20229.5
1;30883.0;12108.0;141.0;0.0;0.0;0.0;0.0;12110.0;141.0;0.0;0.0;0.0;0.0;12109.0;-19029.5
1;30884.0;12105.0;135.0;0.0;0.0;0.0;0.0;12107.0;135.0;0.0;0.0;0.0;0.0;12106.0;-17666.0
1;30885.0;12107.0;45.0;12106.0;59.0;0.0;0.0;12108.0;45.0;12109.0;59.0;0.0;0.0;12107.5;-18428.5
1;30886.0;12108.0;46.0;12107.0;71.0;0.0;0.0;12109.0;46.0;12110.0;71.0;0.0;0.0;12108.5;-18766.0
1;30887.0;12110.0;58.0;12109.0;94.0;0.0;0.0;12112.0;152.0;0.0;0.0;0.0;0.0;12111.0;-19865.5
1;30888.0;12112.0;51.0;12111.0;61.0;0.0;0.0;12114.0;112.0;0.0;0.0;0.0;0.0;12113.0;-20733.5
1;30889.0;12112.0;39.0;12111.0;57.0;0.0;0.0;12113.0;39.0;12114.0;57.0;0.0;0.0;12112.5;-20572.5
1;30890.0;12111.0;131.0;0.0;0.0;0.0;0.0;12113.0;131.0;0.0;0.0;0.0;0.0;12112.0;-20364.5
1;30891.0;12111.0;119.0;0.0;0.0;0.0;0.0;12113.0;119.0;0.0;0.0;0.0;0.0;12112.0;-20403.0
1;30892.0;12108.0;160.0;0.0;0.0;0.0;0.0;12110.0;60.0;12111.0;100.0;0.0;0.0;12109.0;-19092.0
1;30893.0;12109.0;38.0;12108.0;58.0;0.0;0.0;12111.0;96.0;0.0;0.0;0.0;0.0;12110.0;-19376.0
1;30894.0;12108.0;57.0;12107.0;54.0;0.0;0.0;12110.0;111.0;0.0;0.0;0.0;0.0;12109.0;-18977.0
1;30895.0;12112.0;34.0;12111.0;78.0;0.0;0.0;12114.0;112.0;0.0;0.0;0.0;0.0;12113.0;-20769.0
1;30896.0;12111.0;45.0;12110.0;77.0;0.0;0.0;12112.0;45.0;12113.0;77.0;0.0;0.0;12111.5;-20230.5
1;30897.0;12110.0;32.0;12109.0;93.0;0.0;0.0;12112.0;125.0;0.0;0.0;0.0;0.0;12111.0;-19883.0
1;30898.0;12109.0;121.0;0.0;0.0;0.0;0.0;12111.0;121.0;0.0;0.0;0.0;0.0;12110.0;-19441.5
1;30899.0;12111.0;38.0;12110.0;74.0;0.0;0.0;12112.0;38.0;12113.0;74.0;0.0;0.0;12111.5;-20249.5
1;30900.0;12112.0;34.0;12111.0;57.0;0.0;0.0;12113.0;34.0;12114.0;57.0;0.0;0.0;12112.5;-20569.5
1;30901.0;12112.0;44.0;12111.0;64.0;0.0;0.0;12114.0;108.0;0.0;0.0;0.0;0.0;12113.0;-20807.0
1;30902.0;12110.0;60.0;12109.0;90.0;0.0;0.0;12111.0;60.0;12112.0;90.0;0.0;0.0;12110.5;-19632.0
1;30903.0;12108.0;32.0;12107.0;67.0;0.0;0.0;12110.0;99.0;0.0;0.0;0.0;0.0;12109.0;-18894.0
1;30904.0;12106.0;40.0;12105.0;62.0;0.0;0.0;12107.0;40.0;12108.0;62.0;0.0;0.0;12106.5;-17802.0
1;30905.0;12104.0;125.0;0.0;0.0;0.0;0.0;12106.0;49.0;12107.0;76.0;0.0;0.0;12105.0;-17259.0
1;30906.0;12107.0;43.0;12106.0;65.0;0.0;0.0;12108.0;43.0;12109.0;65.0;0.0;0.0;12107.5;-18307.5
1;30907.0;12108.0;115.0;0.0;0.0;0.0;0.0;12110.0;115.0;0.0;0.0;0.0;0.0;12109.0;-19001.5
1;30908.0;12111.0;106.0;0.0;0.0;0.0;0.0;12113.0;106.0;0.0;0.0;0.0;0.0;12112.0;-20365.0
1;30909.0;12107.0;122.0;0.0;0.0;0.0;0.0;12109.0;122.0;0.0;0.0;0.0;0.0;12108.0;-18586.5
1;30910.0;12112.0;59.0;12111.0;62.0;0.0;0.0;12113.0;59.0;12114.0;62.0;0.0;0.0;12112.5;-20613.5
1;30911.0;12113.0;48.0;12112.0;97.0;0.0;0.0;12114.0;48.0;12115.0;97.0;0.0;0.0;12113.5;-21072.0
1;30912.0;12112.0;31.0;12111.0;89.0;0.0;0.0;12113.0;31.0;12114.0;89.0;0.0;0.0;12112.5;-20690.5
1;30913.0;12115.0;33.0;12114.0;85.0;0.0;0.0;12117.0;118.0;0.0;0.0;0.0;0.0;12116.0;-22188.0
1;30914.0;12116.0;46.0;12115.0;90.0;0.0;0.0;12118.0;136.0;0.0;0.0;0.0;0.0;12117.0;-22612.0
1;30915.0;12120.0;33.0;12119.0;56.0;0.0;0.0;12121.0;33.0;12122.0;56.0;0.0;0.0;12120.5;-24333.0
1;30916.0;12119.0;21.0;12118.0;68.0;0.0;0.0;12120.0;30.0;12121.0;68.0;0.0;0.0;12119.5;-23839.0
1;30917.0;12118.0;8.0;12117.0;145.0;0.0;0.0;12119.0;145.0;0.0;0.0;0.0;0.0;12118.5;-23176.0
1;30918.0;12116.0;58.0;12115.0;82.0;0.0;0.0;12117.0;58.0;12118.0;82.0;0.0;0.0;12116.5;-22520.0
1;30919.0;12117.0;99.0;0.0;0.0;0.0;0.0;12119.0;34.0;12120.0;65.0;0.0;0.0;12118.0;-23299.5
1;30920.0;12116.0;32.0;12115.0;73.0;0.0;0.0;12117.0;32.0;12118.0;73.0;0.0;0.0;12116.5;-22476.0
1;30921.0;12116.0;112.0;0.0;0.0;0.0;0.0;12118.0;112.0;0.0;0.0;0.0;0.0;12117.0;-22715.0
1;30922.0;12112.0;151.0;0.0;0.0;0.0;0.0;12114.0;151.0;0.0;0.0;0.0;0.0;12113.0;-20803.5
1;30923.0;12116.0;50.0;12115.0;54.0;0.0;0.0;12117.0;50.0;12118.0;54.0;0.0;0.0;12116.5;-22493.5
1;30924.0;12116.0;48.0;12115.0;59.0;0.0;0.0;12117.0;48.0;12118.0;59.0;0.0;0.0;12116.5;-22521.5
1;30925.0;12115.0;39.0;12114.0;55.0;0.0;0.0;12116.0;39.0;12117.0;55.0;0.0;0.0;12115.5;-21965.0
1;30926.0;12114.0;100.0;0.0;0.0;0.0;0.0;12116.0;38.0;12117.0;62.0;0.0;0.0;12115.0;-21872.0
1;30927.0;12111.0;45.0;12110.0;51.0;0.0;0.0;12113.0;96.0;0.0;0.0;0.0;0.0;12112.0;-20204.5
1;30928.0;12113.0;56.0;12112.0;69.0;0.0;0.0;12115.0;125.0;0.0;0.0;0.0;0.0;12114.0;-21179.0
1;30929.0;12110.0;127.0;0.0;0.0;0.0;0.0;12112.0;127.0;0.0;0.0;0.0;0.0;12111.0;-19820.0
1;30930.0;12111.0;39.0;12110.0;62.0;0.0;0.0;12112.0;39.0;12113.0;62.0;0.0;0.0;12111.5;-20140.5
1;30931.0;12109.0;53.0;12108.0;66.0;0.0;0.0;12110.0;53.0;12111.0;66.0;0.0;0.0;12109.5;-19039.0
1;30932.0;12105.0;140.0;0.0;0.0;0.0;0.0;12107.0;44.0;12108.0;96.0;0.0;0.0;12106.0;-17449.5
1;30933.0;12104.0;60.0;12103.0;80.0;0.0;0.0;12105.0;60.0;12106.0;80.0;0.0;0.0;12104.5;-16666.0
1;30934.0;12104.0;53.0;12103.0;78.0;0.0;0.0;12106.0;131.0;0.0;0.0;0.0;0.0;12105.0;-16776.5
1;30935.0;12106.0;35.0;12105.0;74.0;0.0;0.0;12108.0;109.0;0.0;0.0;0.0;0.0;12107.0;-17805.5
1;30936.0;12110.0;32.0;12109.0;96.0;0.0;0.0;12111.0;32.0;12112.0;96.0;0.0;0.0;12110.5;-19485.0
1;30937.0;12108.0;58.0;12107.0;85.0;0.0;0.0;12109.0;58.0;12110.0;85.0;0.0;0.0;12108.5;-18627.0
1;30938.0;12116.0;51.0;12115.0;85.0;0.0;0.0;12117.0;51.0;12118.0;85.0;0.0;0.0;12116.5;-22544.5
1;30939.0;12111.0;119.0;0.0;0.0;0.0;0.0;12113.0;119.0;0.0;0.0;0.0;0.0;12112.0;-20313.0
1;30940.0;12111.0;48.0;12110.0;97.0;0.0;0.0;12113.0;145.0;0.0;0.0;0.0;0.0;12112.0;-20196.5
1;30941.0;12110.0;47.0;12109.0;65.0;0.0;0.0;12112.0;112.0;0.0;0.0;0.0;0.0;12111.0;-19764.5
1;30942.0;12112.0;48.0;12111.0;53.0;0.0;0.0;12113.0;48.0;12114.0;53.0;0.0;0.0;12112.5;-20559.5
1;30943.0;12113.0;52.0;12112.0;83.0;0.0;0.0;12114.0;52.0;12115.0;83.0;0.0;0.0;12113.5;-21064.5
1;30944.0;12109.0;56.0;12108.0;70.0;0.0;0.0;12111.0;126.0;0.0;0.0;0.0;0.0;12110.0;-19229.5
1;30945.0;12112.0;60.0;12111.0;54.0;0.0;0.0;12113.0;50.0;12114.0;54.0;0.0;0.0;12112.5;-20472.0
1;30946.0;12111.0;36.0;12110.0;91.0;0.0;0.0;12113.0;127.0;0.0;0.0;0.0;0.0;12112.0;-20178.5
1;30947.0;12111.0;104.0;0.0;0.0;0.0;0.0;12113.0;104.0;0.0;0.0;0.0;0.0;12112.0;-20303.5
1;30948.0;12108.0;60.0;12107.0;98.0;0.0;0.0;12110.0;158.0;0.0;0.0;0.0;0.0;12109.0;-18729.5
1;30949.0;12111.0;58.0;12110.0;76.0;0.0;0.0;12112.0;51.0;12113.0;76.0;0.0;0.0;12111.5;-20026.5
1;30950.0;12110.0;118.0;0.0;0.0;0.0;0.0;12112.0;118.0;0.0;0.0;0.0;0.0;12111.0;-19866.0
1;30951.0;12109.0;49.0;12108.0;98.0;0.0;0.0;12110.0;49.0;12111.0;98.0;0.0;0.0;12109.5;-19051.0
1;30952.0;12110.0;33.0;12109.0;91.0;0.0;0.0;12112.0;124.0;0.0;0.0;0.0;0.0;12111.0;-19675.0
1;30953.0;12112.0;125.0;0.0;0.0;0.0;0.0;12114.0;125.0;0.0;0.0;0.0;0.0;12113.0;-20803.5
1;30954.0;12112.0;60.0;12111.0;71.0;0.0;0.0;12114.0;131.0;0.0;0.0;0.0;0.0;12113.0;-20674.0
1;30955.0;12113.0;142.0;0.0;0.0;0.0;0.0;12115.0;142.0;0.0;0.0;0.0;0.0;12114.0;-21339.0
1;30956.0;12114.0;134.0;0.0;0.0;0.0;0.0;12116.0;134.0;0.0;0.0;0.0;0.0;12115.0;-21865.5
1;30957.0;12119.0;45.0;12118.0;90.0;0.0;0.0;12120.0;45.0;12121.0;90.0;0.0;0.0;12119.5;-24038.0
1;30958.0;12118.0;106.0;0.0;0.0;0.0;0.0;12120.0;55.0;12121.0;51.0;0.0;0.0;12119.0;-23931.0
1;30959.0;12122.0;55.0;12121.0;87.0;0.0;0.0;12123.0;55.0;12124.0;87.0;0.0;0.0;12122.5;-25594.5
1;30960.0;12122.0;111.0;0.0;0.0;0.0;0.0;12124.0;111.0;0.0;0.0;0.0;0.0;12123.0;-25908.0
1;30961.0;12120.0;125.0;0.0;0.0;0.0;0.0;12122.0;58.0;12123.0;67.0;0.0;0.0;12121.0;-25024.0
1;30962.0;12122.0;37.0;12121.0;59.0;0.0;0.0;12124.0;96.0;0.0;0.0;0.0;0.0;12123.0;-25833.5
1;30963.0;12118.0;129.0;0.0;0.0;0.0;0.0;12120.0;41.0;12121.0;88.0;0.0;0.0;12119.0;-23925.0
1;30964.0;12118.0;40.0;12117.0;76.0;0.0;0.0;12120.0;116.0;0.0;0.0;0.0;0.0;12119.0;-23798.0
1;30965.0;12118.0;127.0;0.0;0.0;0.0;0.0;12120.0;58.0;12121.0;69.0;0.0;0.0;12119.0;-23998.5
1;30966.0;12120.0;33.0;12119.0;100.0;0.0;0.0;12121.0;33.0;12122.0;100.0;0.0;0.0;12120.5;-24734.5
1;30967.0;12125.0;31.0;12124.0;99.0;0.0;0.0;12126.0;31.0;12127.0;99.0;0.0;0.0;12125.5;-27222.0
1;30968.0;12124.0;42.0;12123.0;72.0;0.0;0.0;12125.0;42.0;12126.0;72.0;0.0;0.0;12124.5;-26765.5
1;30969.0;12125.0;50.0;12124.0;55.0;0.0;0.0;12126.0;50.0;12127.0;55.0;0.0;0.0;12125.5;-27248.5
1;30970.0;12124.0;142.0;0.0;0.0;0.0;0.0;12126.0;54.0;12127.0;88.0;0.0;0.0;12125.0;-27073.5
1;30971.0;12124.0;99.0;0.0;0.0;0.0;0.0;12126.0;99.0;0.0;0.0;0.0;0.0;12125.0;-26889.0
1;30972.0;12129.0;118.0;0.0;0.0;0.0;0.0;12131.0;48.0;12132.0;70.0;0.0;0.0;12130.0;-29531.5
1;30973.0;12132.0;43.0;12131.0;99.0;0.0;0.0;12134.0;142.0;0.0;0.0;0.0;0.0;12133.0;-30889.0
1;30974.0;12135.0;42.0;12134.0;72.0;0.0;0.0;12137.0;114.0;0.0;0.0;0.0;0.0;12136.0;-32434.5
1;30975.0;12137.0;149.0;0.0;0.0;0.0;0.0;12139.0;53.0;12140.0;96.0;0.0;0.0;12138.0;-33670.5
1;30976.0;12138.0;32.0;12137.0;64.0;0.0;0.0;12139.0;32.0;12140.0;64.0;0.0;0.0;12138.5;-33706.5
1;30977.0;12137.0;133.0;0.0;0.0;0.0;0.0;12139.0;35.0;12140.0;98.0;0.0;0.0;12138.0;-33633.0
1;30978.0;12143.0;6.0;12142.0;104.0;0.0;0.0;12144.0;39.0;12145.0;65.0;0.0;0.0;12143.5;-36200.0
1;30979.0;12145.0;33.0;12144.0;70.0;0.0;0.0;12147.0;103.0;0.0;0.0;0.0;0.0;12146.0;-37536.0
1;30980.0;12144.0;37.0;12143.0;79.0;0.0;0.0;12145.0;37.0;12146.0;79.0;0.0;0.0;12144.5;-36785.5
1;30981.0;12143.0;59.0;12142.0;51.0;0.0;0.0;12144.0;59.0;12145.0;51.0;0.0;0.0;12143.5;-36352.5
1;30982.0;12146.0;54.0;12145.0;56.0;0.0;0.0;12147.0;54.0;12148.0;56.0;0.0;0.0;12146.5;-37931.0
1;30983.0;12145.0;38.0;12144.0;52.0;0.0;0.0;12146.0;38.0;12147.0;52.0;0.0;0.0;12145.5;-37355.0
1;30984.0;12146.0;56.0;12145.0;72.0;0.0;0.0;12147.0;56.0;12148.0;72.0;0.0;0.0;12146.5;-37888.0
1;30985.0;12143.0;103.0;0.0;0.0;0.0;0.0;12145.0;103.0;0.0;0.0;0.0;0.0;12144.0;-36537.5
1;30986.0;12140.0;48.0;12139.0;83.0;0.0;0.0;12141.0;57.0;12142.0;83.0;0.0;0.0;12140.5;-34768.5
1;30987.0;12139.0;43.0;12138.0;94.0;0.0;0.0;12140.0;35.0;12141.0;94.0;0.0;0.0;12139.5;-34293.0
1;30988.0;12140.0;38.0;12139.0;78.0;0.0;0.0;12141.0;38.0;12142.0;78.0;0.0;0.0;12140.5;-34727.0
1;30989.0;12140.0;139.0;0.0;0.0;0.0;0.0;12142.0;139.0;0.0;0.0;0.0;0.0;12141.0;-35041.0
1;30990.0;12140.0;121.0;0.0;0.0;0.0;0.0;12142.0;46.0;12143.0;75.0;0.0;0.0;12141.0;-35109.5
1;30991.0;12140.0;56.0;12139.0;68.0;0.0;0.0;12141.0;56.0;12142.0;68.0;0.0;0.0;12140.5;-34758.5
1;30992.0;12137.0;36.0;12136.0;64.0;0.0;0.0;12138.0;36.0;12139.0;64.0;0.0;0.0;12137.5;-33115.0
1;30993.0;12135.0;34.0;12134.0;65.0;0.0;0.0;12136.0;34.0;12137.0;65.0;0.0;0.0;12135.5;-32207.0
1;30994.0;12135.0;98.0;0.0;0.0;0.0;0.0;12137.0;41.0;12138.0;57.0;0.0;0.0;12136.0;-32532.0
1;30995.0;12135.0;131.0;0.0;0.0;0.0;0.0;12137.0;131.0;0.0;0.0;0.0;0.0;12136.0;-32428.0
1;30996.0;12138.0;85.0;0.0;0.0;0.0;0.0;12140.0;85.0;0.0;0.0;0.0;0.0;12139.0;-33976.5
1;30997.0;12138.0;45.0;12137.0;80.0;0.0;0.0;12140.0;125.0;0.0;0.0;0.0;0.0;12139.0;-33896.0
1;30998.0;12138.0;30.0;12137.0;67.0;0.0;0.0;12139.0;30.0;12140.0;67.0;0.0;0.0;12138.5;-33830.0
1;30999.0;12140.0;129.0;0.0;0.0;0.0;0.0;12142.0;129.0;0.0;0.0;0.0;0.0;12141.0;-35059.0
1;31000.0;12139.0;104.0;0.0;0.0;0.0;0.0;12141.0;38.0;12142.0;66.0;0.0;0.0;12140.0;-34561.5
1;31001.0;12143.0;57.0;12142.0;90.0;0.0;0.0;12144.0;53.0;12145.0;90.0;0.0;0.0;12143.5;-36338.0
1;31002.0;12144.0;138.0;0.0;0.0;0.0;0.0;12146.0;51.0;12147.0;87.0;0.0;0.0;12145.0;-37285.0
1;31003.0;12143.0;7.0;12142.0;132.0;0.0;0.0;12144.0;40.0;12145.0;92.0;0.0;0.0;12143.5;-36186.0
1;31004.0;12145.0;53.0;12144.0;73.0;0.0;0.0;12146.0;53.0;12147.0;73.0;0.0;0.0;12145.5;-37348.0
1;31005.0;12142.0;35.0;12141.0;51.0;0.0;0.0;12144.0;86.0;0.0;0.0;0.0;0.0;12143.0;-35949.0
1;31006.0;12142.0;34.0;12141.0;75.0;0.0;0.0;12143.0;34.0;12144.0;75.0;0.0;0.0;12142.5;-35898.0
1;31007.0;12143.0;5.0;12142.0;108.0;0.0;0.0;12144.0;108.0;0.0;0.0;0.0;0.0;12143.5;-36072.0
1;31008.0;12146.0;57.0;12145.0;66.0;0.0;0.0;12148.0;123.0;0.0;0.0;0.0;0.0;12147.0;-38129.5
1;31009.0;12150.0;36.0;12149.0;91.0;0.0;0.0;12151.0;36.0;12152.0;91.0;0.0;0.0;12150.5;-39991.5
1;31010.0;12152.0;45.0;12151.0;53.0;0.0;0.0;12153.0;45.0;12154.0;53.0;0.0;0.0;12152.5;-41195.0
1;31011.0;12152.0;96.0;0.0;0.0;0.0;0.0;12154.0;33.0;12155.0;63.0;0.0;0.0;12153.0;-41484.0
1;31012.0;12150.0;36.0;12149.0;78.0;0.0;0.0;12151.0;36.0;12152.0;78.0;0.0;0.0;12150.5;-40163.5
1;31013.0;12145.0;96.0;0.0;0.0;0.0;0.0;12147.0;96.0;0.0;0.0;0.0;0.0;12146.0;-37677.5
1;31014.0;12146.0;52.0;12145.0;94.0;0.0;0.0;12147.0;52.0;12148.0;94.0;0.0;0.0;12146.5;-37957.5
1;31015.0;12145.0;54.0;12144.0;84.0;0.0;0.0;12147.0;138.0;0.0;0.0;0.0;0.0;12146.0;-37579.5
1;31016.0;12141.0;55.0;12140.0;64.0;0.0;0.0;12143.0;119.0;0.0;0.0;0.0;0.0;12142.0;-35400.5
1;31017.0;12140.0;52.0;12139.0;64.0;0.0;0.0;12141.0;52.0;12142.0;64.0;0.0;0.0;12140.5;-34688.0
1;31018.0;12140.0;49.0;12139.0;94.0;0.0;0.0;12142.0;143.0;0.0;0.0;0.0;0.0;12141.0;-34890.0
1;31019.0;12140.0;109.0;0.0;0.0;0.0;0.0;12142.0;36.0;12143.0;73.0;0.0;0.0;12141.0;-35103.0
1;31020.0;12137.0;42.0;12136.0;58.0;0.0;0.0;12138.0;42.0;12139.0;58.0;0.0;0.0;12137.5;-33243.5
1;31021.0;12135.0;52.0;12134.0;76.0;0.0;0.0;12136.0;52.0;12137.0;76.0;0.0;0.0;12135.5;-32117.5
1;31022.0;12135.0;137.0;0.0;0.0;0.0;0.0;12137.0;55.0;12138.0;82.0;0.0;0.0;12136.0;-32469.0
1;31023.0;12133.0;105.0;0.0;0.0;0.0;0.0;12135.0;105.0;0.0;0.0;0.0;0.0;12134.0;-31322.0
1;31024.0;12133.0;47.0;12132.0;80.0;0.0;0.0;12134.0;47.0;12135.0;80.0;0.0;0.0;12133.5;-31069.0
1;31025.0;12130.0;55.0;12129.0;80.0;0.0;0.0;12131.0;55.0;12132.0;80.0;0.0;0.0;12130.5;-29399.5
1;31026.0;12128.0;33.0;12127.0;72.0;0.0;0.0;12130.0;105.0;0.0;0.0;0.0;0.0;12129.0;-28425.0
1;31027.0;12130.0;41.0;12129.0;53.0;0.0;0.0;12131.0;41.0;12132.0;53.0;0.0;0.0;12130.5;-29474.5
1;31028.0;12129.0;56.0;12128.0;84.0;0.0;0.0;12130.0;56.0;12131.0;84.0;0.0;0.0;12129.5;-28875.0
1;31029.0;12126.0;129.0;0.0;0.0;0.0;0.0;12128.0;129.0;0.0;0.0;0.0;0.0;12127.0;-27519.0
1;31030.0;12126.0;59.0;12125.0;92.0;0.0;0.0;12127.0;59.0;12128.0;92.0;0.0;0.0;12126.5;-27318.5
1;31031.0;12124.0;41.0;12123.0;62.0;0.0;0.0;12125.0;41.0;12126.0;62.0;0.0;0.0;12124.5;-26156.5
1;31032.0;12123.0;35.0;12122.0;68.0;0.0;0.0;12124.0;35.0;12125.0;68.0;0.0;0.0;12123.5;-25506.0
1;31033.0;12125.0;48.0;12124.0;85.0;0.0;0.0;12126.0;48.0;12127.0;85.0;0.0;0.0;12125.5;-26592.0
1;31034.0;12126.0;48.0;12125.0;91.0;0.0;0.0;12127.0;48.0;12128.0;91.0;0.0;0.0;12126.5;-27161.5
1;31035.0;12127.0;137.0;0.0;0.0;0.0;0.0;12129.0;44.0;12130.0;93.0;0.0;0.0;12128.0;-28097.5
1;31036.0;12127.0;35.0;12126.0;50.0;0.0;0.0;12129.0;85.0;0.0;0.0;0.0;0.0;12128.0;-27897.5
1;31037.0;12128.0;35.0;12127.0;74.0;0.0;0.0;12130.0;109.0;0.0;0.0;0.0;0.0;12129.0;-28454.5
1;31038.0;12129.0;36.0;12128.0;81.0;0.0;0.0;12130.0;36.0;12131.0;81.0;0.0;0.0;12129.5;-28888.0
1;31039.0;12130.0;47.0;12129.0;89.0;0.0;0.0;12131.0;47.0;12132.0;89.0;0.0;0.0;12130.5;-29349.0
1;31040.0;12129.0;34.0;12128.0;82.0;0.0;0.0;12130.0;34.0;12131.0;82.0;0.0;0.0;12129.5;-28832.5
1;31041.0;12131.0;53.0;12130.0;67.0;0.0;0.0;12133.0;120.0;0.0;0.0;0.0;0.0;12132.0;-30122.5
1;31042.0;12135.0;114.0;0.0;0.0;0.0;0.0;12137.0;57.0;12138.0;57.0;0.0;0.0;12136.0;-32446.5
1;31043.0;12138.0;38.0;12137.0;97.0;0.0;0.0;12139.0;38.0;12140.0;97.0;0.0;0.0;12138.5;-33692.0
1;31044.0;12134.0;60.0;12133.0;71.0;0.0;0.0;12135.0;51.0;12136.0;71.0;0.0;0.0;12134.5;-31633.0
1;31045.0;12135.0;130.0;0.0;0.0;0.0;0.0;12137.0;52.0;12138.0;78.0;0.0;0.0;12136.0;-32552.0
1;31046.0;12132.0;108.0;0.0;0.0;0.0;0.0;12134.0;108.0;0.0;0.0;0.0;0.0;12133.0;-30736.0
1;31047.0;12134.0;57.0;12133.0;50.0;0.0;0.0;12136.0;107.0;0.0;0.0;0.0;0.0;12135.0;-31795.0
1;31048.0;12136.0;53.0;12135.0;67.0;0.0;0.0;12137.0;53.0;12138.0;67.0;0.0;0.0;12136.5;-32657.5
1;31049.0;12133.0;125.0;0.0;0.0;0.0;0.0;12135.0;54.0;12136.0;71.0;0.0;0.0;12134.0;-31415.5
1;31050.0;12134.0;144.0;0.0;0.0;0.0;0.0;12136.0;144.0;0.0;0.0;0.0;0.0;12135.0;-31809.0
1;31051.0;12133.0;39.0;12132.0;86.0;0.0;0.0;12135.0;125.0;0.0;0.0;0.0;0.0;12134.0;-31247.0
1;31052.0;12135.0;49.0;12134.0;52.0;0.0;0.0;12136.0;49.0;12137.0;52.0;0.0;0.0;12135.5;-32195.0
1;31053.0;12138.0;36.0;12137.0;54.0;0.0;0.0;12140.0;90.0;0.0;0.0;0.0;0.0;12139.0;-33887.5
1;31054.0;12140.0;56.0;12139.0;70.0;0.0;0.0;12141.0;56.0;12142.0;70.0;0.0;0.0;12140.5;-34888.5
1;31055.0;12143.0;60.0;12142.0;86.0;0.0;0.0;12144.0;60.0;12145.0;86.0;0.0;0.0;12143.5;-36443.0
1;31056.0;12141.0;59.0;12140.0;64.0;0.0;0.0;12142.0;59.0;12143.0;64.0;0.0;0.0;12141.5;-35302.5
1;31057.0;12144.0;33.0;12143.0;92.0;0.0;0.0;12145.0;33.0;12146.0;92.0;0.0;0.0;12144.5;-36914.5
1;31058.0;12147.0;35.0;12146.0;59.0;0.0;0.0;12148.0;35.0;12149.0;59.0;0.0;0.0;12147.5;-38658.0
1;31059.0;12147.0;129.0;0.0;0.0;0.0;0.0;12149.0;45.0;12150.0;84.0;0.0;0.0;12148.0;-39016.5
1;31060.0;12151.0;38.0;12150.0;65.0;0.0;0.0;12153.0;103.0;0.0;0.0;0.0;0.0;12152.0;-41051.0
1;31061.0;12154.0;53.0;12153.0;69.0;0.0;0.0;12156.0;122.0;0.0;0.0;0.0;0.0;12155.0;-42738.5
1;31062.0;12154.0;44.0;12153.0;77.0;0.0;0.0;12156.0;121.0;0.0;0.0;0.0;0.0;12155.0;-42744.0
1;31063.0;12153.0;131.0;0.0;0.0;0.0;0.0;12155.0;31.0;12156.0;100.0;0.0;0.0;12154.0;-42407.5
1;31064.0;12153.0;59.0;12152.0;58.0;0.0;0.0;12155.0;117.0;0.0;0.0;0.0;0.0;12154.0;-42169.5
1;31065.0;12155.0;137.0;0.0;0.0;0.0;0.0;12157.0;137.0;0.0;0.0;0.0;0.0;12156.0;-43394.5
1;31066.0;12155.0;60.0;12154.0;94.0;0.0;0.0;12156.0;60.0;12157.0;94.0;0.0;0.0;12155.5;-43037.5
1;31067.0;12154.0;57.0;12153.0;94.0;0.0;0.0;12155.0;57.0;12156.0;94.0;0.0;0.0;12154.5;-42481.5
1;31068.0;12152.0;41.0;12151.0;83.0;0.0;0.0;12153.0;41.0;12154.0;83.0;0.0;0.0;12152.5;-41345.0
1;31069.0;12154.0;40.0;12153.0;52.0;0.0;0.0;12155.0;40.0;12156.0;52.0;0.0;0.0;12154.5;-42571.0
1;31070.0;12154.0;93.0;0.0;0.0;0.0;0.0;12156.0;93.0;0.0;0.0;0.0;0.0;12155.0;-42809.5
1;31071.0;12153.0;34.0;12152.0;54.0;0.0;0.0;12155.0;88.0;0.0;0.0;0.0;0.0;12154.0;-42096.5
1;31072.0;12154.0;126.0;0.0;0.0;0.0;0.0;12156.0;126.0;0.0;0.0;0.0;0.0;12155.0;-42785.5
1;31073.0;12152.0;102.0;0.0;0.0;0.0;0.0;12153.0;9.0;12154.0;102.0;0.0;0.0;12152.5;-41743.0
1;31074.0;12152.0;60.0;12151.0;71.0;0.0;0.0;12154.0;131.0;0.0;0.0;0.0;0.0;12153.0;-41606.5
1;31075.0;12154.0;103.0;0.0;0.0;0.0;0.0;12156.0;53.0;12157.0;50.0;0.0;0.0;12155.0;-42969.5
1;31076.0;12153.0;52.0;12152.0;62.0;0.0;0.0;12155.0;114.0;0.0;0.0;0.0;0.0;12154.0;-42086.0
1;31077.0;12154.0;117.0;0.0;0.0;0.0;0.0;12156.0;30.0;12157.0;87.0;0.0;0.0;12155.0;-42922.5
1;31078.0;12151.0;39.0;12150.0;86.0;0.0;0.0;12152.0;39.0;12153.0;86.0;0.0;0.0;12151.5;-40918.5
1;31079.0;12150.0;60.0;12149.0;97.0;0.0;0.0;12151.0;60.0;12152.0;97.0;0.0;0.0;12150.5;-40312.5
1;31080.0;12146.0;31.0;12145.0;100.0;0.0;0.0;12147.0;31.0;12148.0;100.0;0.0;0.0;12146.5;-38020.0
1;31081.0;12146.0;51.0;12145.0;61.0;0.0;0.0;12148.0;112.0;0.0;0.0;0.0;0.0;12147.0;-38245.0
1;31082.0;12147.0;40.0;12146.0;71.0;0.0;0.0;12148.0;40.0;12149.0;71.0;0.0;0.0;12147.5;-38528.5
1;31083.0;12150.0;46.0;12149.0;60.0;0.0;0.0;12151.0;41.0;12152.0;60.0;0.0;0.0;12150.5;-40188.5
1;31084.0;12149.0;129.0;0.0;0.0;0.0;0.0;12151.0;36.0;12152.0;93.0;0.0;0.0;12150.0;-40116.0
1;31085.0;12146.0;41.0;12145.0;76.0;0.0;0.0;12148.0;117.0;0.0;0.0;0.0;0.0;12147.0;-38230.5
1;31086.0;12147.0;147.0;0.0;0.0;0.0;0.0;12149.0;147.0;0.0;0.0;0.0;0.0;12148.0;-38907.0
1;31087.0;12145.0;126.0;0.0;0.0;0.0;0.0;12147.0;31.0;12148.0;95.0;0.0;0.0;12146.0;-37887.0
1;31088.0;12147.0;52.0;12146.0;52.0;0.0;0.0;12148.0;52.0;12149.0;52.0;0.0;0.0;12147.5;-38552.5
