day;timestamp;buyer;seller;currency;price;quantity
1;30012.0;Caesar;Paris;SEASHELLS;12000.0;4
1;30025.0;Caesar;Camilla;SEASHELLS;12010.0;7
1;30025.0;Caesar;Paris;SEASHELLS;12010.0;5
1;30035.0;Paris;Caesar;SEASHELLS;12023.0;7
1;30036.0;Caesar;Paris;SEASHELLS;12021.0;8
1;30050.0;Caesar;Camilla;SEASHELLS;12017.0;4
1;30056.0;Caesar;Paris;SEASHELLS;12024.0;7
1;30077.0;Caesar;Camilla;SEASHELLS;12023.0;9
1;30082.0;Paris;Caesar;SEASHELLS;12032.0;5
1;30088.0;Caesar;Paris;SEASHELLS;12031.0;7
1;30128.0;Caesar;Camilla;SEASHELLS;12028.0;10
1;30143.0;Caesar;Paris;SEASHELLS;12032.0;5
1;30149.0;Caesar;Paris;SEASHELLS;12029.0;6
1;30160.0;Caesar;Paris;SEASHELLS;12040.0;6
1;30162.0;Caesar;Paris;SEASHELLS;12040.0;8
1;30176.0;Caesar;Paris;SEASHELLS;12033.0;5
1;30196.0;Caesar;Camilla;SEASHELLS;12045.0;6
1;30200.0;Caesar;Camilla;SEASHELLS;12039.0;6
1;30206.0;Paris;Caesar;SEASHELLS;12047.0;8
1;30211.0;Paris;Caesar;SEASHELLS;12042.0;5
1;30213.0;Caesar;Paris;SEASHELLS;12036.0;4
1;30218.0;Caesar;Paris;SEASHELLS;12027.0;4
1;30228.0;Caesar;Paris;SEASHELLS;12024.0;5
1;30231.0;Caesar;Paris;SEASHELLS;12025.0;3
1;30236.0;Paris;Caesar;SEASHELLS;12014.0;4
1;30240.0;Caesar;Paris;SEASHELLS;12014.0;8
1;30245.0;Caesar;Paris;SEASHELLS;12015.0;8
1;30252.0;Caesar;Camilla;SEASHELLS;12014.0;5
1;30268.0;Paris;Caesar;SEASHELLS;12040.0;5
1;30295.0;Caesar;Paris;SEASHELLS;12032.0;4
1;30330.0;Caesar;Camilla;SEASHELLS;12046.0;7
1;30350.0;Caesar;Paris;SEASHELLS;12047.0;7
1;30354.0;Caesar;Paris;SEASHELLS;12047.0;5
1;30358.0;Caesar;Paris;SEASHELLS;12048.0;8
1;30382.0;Paris;Caesar;SEASHELLS;12066.0;3
1;30423.0;Caesar;Paris;SEASHELLS;12089.0;6
1;30427.0;Caesar;Camilla;SEASHELLS;12080.0;4
1;30435.0;Caesar;Paris;SEASHELLS;12084.0;5
1;30459.0;Paris;Caesar;SEASHELLS;12085.0;8
1;30462.0;Caesar;Paris;SEASHELLS;12087.0;5
1;30479.0;Paris;Caesar;SEASHELLS;12085.0;5
1;30495.0;Caesar;Paris;SEASHELLS;12069.0;6
1;30500.0;Paris;Caesar;SEASHELLS;12075.0;5
1;30507.0;Paris;Caesar;SEASHELLS;12079.0;8
1;30508.0;Paris;Caesar;SEASHELLS;12083.0;5
1;30556.0;Paris;Caesar;SEASHELLS;12092.0;6
1;30568.0;Caesar;Paris;SEASHELLS;12112.0;4
1;30573.0;Caesar;Paris;SEASHELLS;12111.0;3
1;30586.0;Caesar;Paris;SEASHELLS;12116.0;3
1;30594.0;Paris;Caesar;SEASHELLS;12108.0;7
1;30596.0;Caesar;Paris;SEASHELLS;12109.0;3
1;30605.0;Caesar;Paris;SEASHELLS;12110.0;8
1;30613.0;Paris;Caesar;SEASHELLS;12102.0;6
1;30620.0;Caesar;Paris;SEASHELLS;12101.0;3
1;30634.0;Paris;Caesar;SEASHELLS;12098.0;4
1;30635.0;Paris;Caesar;SEASHELLS;12094.0;4
1;30640.0;Paris;Caesar;SEASHELLS;12099.0;5
1;30657.0;Caesar;Camilla;SEASHELLS;12088.0;5
1;30660.0;Paris;Caesar;SEASHELLS;12090.0;5
1;30661.0;Paris;Caesar;SEASHELLS;12092.0;5
1;30677.0;Caesar;Camilla;SEASHELLS;12100.0;9
1;30680.0;Paris;Caesar;SEASHELLS;12102.0;3
1;30696.0;Paris;Caesar;SEASHELLS;12098.0;5
1;30699.0;Caesar;Paris;SEASHELLS;12100.0;6
1;30706.0;Caesar;Paris;SEASHELLS;12113.0;4
1;30711.0;Caesar;Camilla;SEASHELLS;12113.0;8
1;30715.0;Paris;Caesar;SEASHELLS;12122.0;3
1;30732.0;Paris;Caesar;SEASHELLS;12104.0;4
1;30733.0;Paris;Caesar;SEASHELLS;12106.0;6
1;30740.0;Paris;Caesar;SEASHELLS;12104.0;5
1;30742.0;Paris;Caesar;SEASHELLS;12101.0;7
1;30753.0;Caesar;Camilla;SEASHELLS;12101.0;6
1;30754.0;Paris;Caesar;SEASHELLS;12103.0;4
1;30788.0;Caesar;Paris;SEASHELLS;12086.0;4
1;30790.0;Caesar;Camilla;SEASHELLS;12089.0;4
1;30831.0;Paris;Caesar;SEASHELLS;12097.0;6
1;30833.0;Caesar;Paris;SEASHELLS;12098.0;3
1;30841.0;Caesar;Camilla;SEASHELLS;12108.0;7
1;30849.0;Paris;Caesar;SEASHELLS;12105.0;6
1;30860.0;Paris;Caesar;SEASHELLS;12113.0;3
1;30861.0;Caesar;Paris;SEASHELLS;12111.0;7
1;30872.0;Paris;Caesar;SEASHELLS;12119.0;6
1;30881.0;Caesar;Paris;SEASHELLS;12112.0;5
1;30902.0;Paris;Caesar;SEASHELLS;12111.0;3
1;30913.0;Paris;Caesar;SEASHELLS;12117.0;7
1;30916.0;Caesar;Camilla;SEASHELLS;12119.0;9
1;30928.0;Caesar;Paris;SEASHELLS;12113.0;8
1;30932.0;Paris;Caesar;SEASHELLS;12107.0;3
1;30936.0;Paris;Caesar;SEASHELLS;12111.0;5
1;30947.0;Caesar;Paris;SEASHELLS;12111.0;5
1;30948.0;Paris;Caesar;SEASHELLS;12110.0;6
1;30953.0;Paris;Caesar;SEASHELLS;12114.0;5
1;30985.0;Paris;Caesar;SEASHELLS;12145.0;6
1;30986.0;Caesar;Camilla;SEASHELLS;12140.0;9
1;31000.0;Paris;Caesar;SEASHELLS;12141.0;3
1;31004.0;Paris;Caesar;SEASHELLS;12146.0;6
1;31021.0;Paris;Caesar;SEASHELLS;12136.0;4
1;31025.0;Caesar;Paris;SEASHELLS;12130.0;8
1;31055.0;Paris;Caesar;SEASHELLS;12144.0;4
1;31058.0;Paris;Caesar;SEASHELLS;12148.0;6
1;31075.0;Paris;Caesar;SEASHELLS;12156.0;5
1;31094.0;Caesar;Camilla;SEASHELLS;12148.0;7
1;31115.0;Caesar;Paris;SEASHELLS;12148.0;3
1;31115.0;Caesar;Camilla;SEASHELLS;12148.0;5
1;31124.0;Caesar;Paris;SEASHELLS;12135.0;4
1;31148.0;Caesar;Camilla;SEASHELLS;12146.0;9
1;31186.0;Paris;Caesar;SEASHELLS;12143.0;8
1;31196.0;Caesar;Paris;SEASHELLS;12129.0;5
1;31220.0;Caesar;Paris;SEASHELLS;12119.0;7
1;31223.0;Caesar;Paris;SEASHELLS;12114.0;8
1;31241.0;Caesar;Paris;SEASHELLS;12128.0;5
1;31276.0;Caesar;Paris;SEASHELLS;12117.0;5
1;31288.0;Caesar;Paris;SEASHELLS;12105.0;5
1;31289.0;Caesar;Paris;SEASHELLS;12108.0;5
1;31301.0;Caesar;Paris;SEASHELLS;12100.0;3
1;31308.0;Caesar;Camilla;SEASHELLS;12099.0;4
1;31310.0;Paris;Caesar;SEASHELLS;12101.0;6
1;31312.0;Paris;Caesar;SEASHELLS;12098.0;7
1;31314.0;Paris;Caesar;SEASHELLS;12096.0;8
1;31322.0;Paris;Caesar;SEASHELLS;12099.0;5
1;31326.0;Paris;Caesar;SEASHELLS;12103.0;4
1;31351.0;Paris;Caesar;SEASHELLS;12099.0;7
1;31361.0;Caesar;Paris;SEASHELLS;12099.0;6
1;31368.0;Paris;Caesar;SEASHELLS;12098.0;6
1;31374.0;Paris;Caesar;SEASHELLS;12091.0;8
1;31394.0;Caesar;Paris;SEASHELLS;12073.0;8
1;31400.0;Caesar;Camilla;SEASHELLS;12071.0;9
1;31427.0;Caesar;Paris;SEASHELLS;12035.0;5
1;31443.0;Paris;Caesar;SEASHELLS;12035.0;5
1;31466.0;Caesar;Paris;SEASHELLS;12022.0;5
1;31468.0;Caesar;Paris;SEASHELLS;12020.0;3
1;31504.0;Caesar;Paris;SEASHELLS;12034.0;3
1;31517.0;Caesar;Paris;SEASHELLS;12042.0;3
1;31524.0;Paris;Caesar;SEASHELLS;12058.0;5
1;31531.0;Paris;Caesar;SEASHELLS;12052.0;4
1;31569.0;Caesar;Paris;SEASHELLS;12034.0;7
1;31573.0;Paris;Caesar;SEASHELLS;12037.0;6
1;31592.0;Caesar;Paris;SEASHELLS;12038.0;5
1;31605.0;Paris;Caesar;SEASHELLS;12038.0;4
1;31643.0;Paris;Caesar;SEASHELLS;12037.0;4
1;31644.0;Caesar;Paris;SEASHELLS;12036.0;5
1;31649.0;Paris;Caesar;SEASHELLS;12034.0;5
1;31652.0;Paris;Caesar;SEASHELLS;12037.0;8
1;31657.0;Paris;Caesar;SEASHELLS;12036.0;8
1;31659.0;Caesar;Paris;SEASHELLS;12035.0;6
1;31666.0;Caesar;Camilla;SEASHELLS;12042.0;9
1;31679.0;Caesar;Paris;SEASHELLS;12051.0;7
1;31698.0;Caesar;Paris;SEASHELLS;12054.0;8
1;31704.0;Caesar;Paris;SEASHELLS;12042.0;4
1;31713.0;Paris;Caesar;SEASHELLS;12052.0;4
1;31717.0;Paris;Caesar;SEASHELLS;12043.0;7
1;31721.0;Paris;Caesar;SEASHELLS;12044.0;5
1;31722.0;Caesar;Paris;SEASHELLS;12042.0;4
1;31728.0;Caesar;Paris;SEASHELLS;12036.0;7
1;31768.0;Caesar;Paris;SEASHELLS;12064.0;5
1;31799.0;Caesar;Paris;SEASHELLS;12040.0;8
1;31821.0;Paris;Caesar;SEASHELLS;12047.0;3
1;31836.0;Caesar;Paris;SEASHELLS;12048.0;5
1;31851.0;Caesar;Camilla;SEASHELLS;12053.0;6
1;31867.0;Paris;Caesar;SEASHELLS;12045.0;5
1;31869.0;Caesar;Paris;SEASHELLS;12041.0;6
1;31914.0;Caesar;Camilla;SEASHELLS;12043.0;9
1;31920.0;Paris;Caesar;SEASHELLS;12040.0;8
1;31924.0;Caesar;Paris;SEASHELLS;12041.0;6
1;31935.0;Caesar;Paris;SEASHELLS;12054.0;5
1;31942.0;Paris;Caesar;SEASHELLS;12055.0;3
1;31943.0;Caesar;Paris;SEASHELLS;12052.0;6
1;31948.0;Caesar;Paris;SEASHELLS;12054.0;7
1;31958.0;Caesar;Paris;SEASHELLS;12044.0;6
1;32020.0;Caesar;Paris;SEASHELLS;12048.0;8
1;32024.0;Caesar;Paris;SEASHELLS;12051.0;6
1;32036.0;Caesar;Paris;SEASHELLS;12061.0;7
1;32064.0;Caesar;Paris;SEASHELLS;12062.0;5
1;32100.0;Paris;Caesar;SEASHELLS;12062.0;7
1;32101.0;Caesar;Paris;SEASHELLS;12064.0;3
1;32114.0;Paris;Caesar;SEASHELLS;12065.0;3
1;32118.0;Paris;Caesar;SEASHELLS;12064.0;3
1;32119.0;Caesar;Camilla;SEASHELLS;12062.0;9
1;32146.0;Caesar;Camilla;SEASHELLS;12053.0;4
1;32157.0;Paris;Caesar;SEASHELLS;12041.0;4
1;32159.0;Paris;Caesar;SEASHELLS;12042.0;5
1;32164.0;Caesar;Paris;SEASHELLS;12036.0;8
1;32171.0;Paris;Caesar;SEASHELLS;12030.0;8
1;32172.0;Paris;Caesar;SEASHELLS;12026.0;6
1;32174.0;Caesar;Paris;SEASHELLS;12029.0;7
1;32182.0;Paris;Caesar;SEASHELLS;12027.0;3
1;32184.0;Caesar;Camilla;SEASHELLS;12024.0;10
1;32191.0;Paris;Caesar;SEASHELLS;12024.0;5
1;32211.0;Paris;Caesar;SEASHELLS;12045.0;4
1;32217.0;Paris;Caesar;SEASHELLS;12053.0;4
1;32225.0;Caesar;Paris;SEASHELLS;12048.0;5
1;32228.0;Caesar;Paris;SEASHELLS;12046.0;3
1;32234.0;Paris;Caesar;SEASHELLS;12054.0;6
1;32235.0;Caesar;Paris;SEASHELLS;12049.0;5
1;32237.0;Paris;Caesar;SEASHELLS;12051.0;6
1;32239.0;Caesar;Paris;SEASHELLS;12048.0;6
1;32274.0;Paris;Caesar;SEASHELLS;12020.0;4
1;32276.0;Paris;Caesar;SEASHELLS;12025.0;3
1;32282.0;Paris;Caesar;SEASHELLS;12024.0;8
1;32286.0;Caesar;Paris;SEASHELLS;12021.0;4
1;32288.0;Paris;Caesar;SEASHELLS;12022.0;8
1;32301.0;Paris;Caesar;SEASHELLS;12015.0;6
1;32302.0;Caesar;Camilla;SEASHELLS;12015.0;8
1;32304.0;Caesar;Paris;SEASHELLS;12010.0;4
1;32306.0;Caesar;Camilla;SEASHELLS;12006.0;5
1;32341.0;Paris;Caesar;SEASHELLS;12006.0;6
1;32353.0;Paris;Caesar;SEASHELLS;12013.0;4
1;32361.0;Caesar;Paris;SEASHELLS;12011.0;5
1;32381.0;Paris;Caesar;SEASHELLS;12020.0;7
1;32389.0;Caesar;Paris;SEASHELLS;12018.0;8
1;32459.0;Caesar;Paris;SEASHELLS;12001.0;4
1;32460.0;Caesar;Camilla;SEASHELLS;12002.0;6
1;32472.0;Paris;Caesar;SEASHELLS;12010.0;8
1;32475.0;Caesar;Camilla;SEASHELLS;12011.0;6
1;32477.0;Paris;Caesar;SEASHELLS;12009.0;6
1;32493.0;Caesar;Paris;SEASHELLS;12006.0;4
1;32495.0;Paris;Caesar;SEASHELLS;12008.0;6
1;32503.0;Caesar;Paris;SEASHELLS;12004.0;6
1;32511.0;Paris;Caesar;SEASHELLS;12009.0;5
1;32527.0;Paris;Caesar;SEASHELLS;12021.0;6
1;32528.0;Caesar;Paris;SEASHELLS;12022.0;5
1;32543.0;Paris;Caesar;SEASHELLS;12029.0;3
1;32548.0;Caesar;Paris;SEASHELLS;12039.0;6
1;32549.0;Paris;Caesar;SEASHELLS;12039.0;8
1;32550.0;Caesar;Paris;SEASHELLS;12036.0;4
1;32553.0;Paris;Caesar;SEASHELLS;12038.0;5
1;32562.0;Paris;Caesar;SEASHELLS;12034.0;3
1;32580.0;Caesar;Paris;SEASHELLS;12041.0;6
1;32605.0;Caesar;Paris;SEASHELLS;12026.0;7
1;32608.0;Caesar;Camilla;SEASHELLS;12025.0;5
1;32611.0;Caesar;Paris;SEASHELLS;12032.0;8
1;32617.0;Caesar;Camilla;SEASHELLS;12027.0;6
1;32628.0;Paris;Caesar;SEASHELLS;12029.0;3
1;32644.0;Caesar;Camilla;SEASHELLS;12020.0;8
1;32648.0;Caesar;Camilla;SEASHELLS;12026.0;7
1;32664.0;Paris;Caesar;SEASHELLS;12004.0;5
1;32677.0;Paris;Caesar;SEASHELLS;11999.0;4
1;32678.0;Paris;Caesar;SEASHELLS;12000.0;4
1;32688.0;Caesar;Paris;SEASHELLS;11996.0;5
1;32696.0;Caesar;Paris;SEASHELLS;11999.0;3
1;32708.0;Caesar;Camilla;SEASHELLS;11998.0;6
1;32726.0;Caesar;Paris;SEASHELLS;11985.0;6
1;32728.0;Caesar;Paris;SEASHELLS;11989.0;7
1;32738.0;Caesar;Paris;SEASHELLS;11990.0;5
1;32762.0;Paris;Caesar;SEASHELLS;12010.0;4
1;32769.0;Caesar;Paris;SEASHELLS;12004.0;6
1;32808.0;Caesar;Paris;SEASHELLS;11995.0;3
1;32827.0;Paris;Caesar;SEASHELLS;11976.0;4
1;32829.0;Paris;Caesar;SEASHELLS;11980.0;5
1;32830.0;Caesar;Paris;SEASHELLS;11972.0;6
1;32833.0;Caesar;Paris;SEASHELLS;11970.0;5
1;32843.0;Caesar;Paris;SEASHELLS;11968.0;7
1;32853.0;Caesar;Camilla;SEASHELLS;11963.0;7
1;32856.0;Caesar;Camilla;SEASHELLS;11959.0;4
1;32860.0;Caesar;Camilla;SEASHELLS;11956.0;4
1;32882.0;Paris;Caesar;SEASHELLS;11959.0;8
1;32887.0;Paris;Caesar;SEASHELLS;11953.0;4
1;32894.0;Camilla;Paris;SEASHELLS;11961.0;6
1;32897.0;Paris;Caesar;SEASHELLS;11960.0;8
1;32908.0;Caesar;Paris;SEASHELLS;11958.0;5
1;32912.0;Caesar;Paris;SEASHELLS;11957.0;8
1;32920.0;Paris;Caesar;SEASHELLS;11967.0;4
1;32934.0;Paris;Caesar;SEASHELLS;11963.0;3
1;32937.0;Paris;Caesar;SEASHELLS;11961.0;5
1;32962.0;Caesar;Paris;SEASHELLS;11968.0;8
1;32983.0;Caesar;Paris;SEASHELLS;11965.0;4
1;33004.0;Caesar;Paris;SEASHELLS;11977.0;6
1;33028.0;Paris;Caesar;SEASHELLS;11982.0;4
1;33034.0;Caesar;Paris;SEASHELLS;11978.0;4
1;33039.0;Caesar;Paris;SEASHELLS;11980.0;6
1;33047.0;Paris;Caesar;SEASHELLS;11994.0;3
1;33052.0;Caesar;Paris;SEASHELLS;11989.0;6
1;33062.0;Caesar;Paris;SEASHELLS;11994.0;6
1;33065.0;Caesar;Paris;SEASHELLS;11990.0;3
1;33094.0;Paris;Caesar;SEASHELLS;11964.0;4
1;33097.0;Paris;Caesar;SEASHELLS;11968.0;3
1;33113.0;Caesar;Paris;SEASHELLS;11970.0;6
1;33136.0;Paris;Caesar;SEASHELLS;11976.0;8
1;33154.0;Caesar;Camilla;SEASHELLS;11977.0;10
1;33164.0;Caesar;Paris;SEASHELLS;11971.0;6
1;33168.0;Caesar;Paris;SEASHELLS;11969.0;5
1;33178.0;Caesar;Camilla;SEASHELLS;11965.0;6
1;33180.0;Paris;Caesar;SEASHELLS;11967.0;4
1;33184.0;Paris;Caesar;SEASHELLS;11959.0;5
1;33195.0;Caesar;Paris;SEASHELLS;11958.0;3
1;33212.0;Paris;Caesar;SEASHELLS;11961.0;3
1;33228.0;Caesar;Camilla;SEASHELLS;11959.0;5
1;33253.0;Paris;Caesar;SEASHELLS;11956.0;6
1;33271.0;Caesar;Paris;SEASHELLS;11948.0;8
1;33277.0;Paris;Caesar;SEASHELLS;11953.0;7
1;33278.0;Paris;Caesar;SEASHELLS;11955.0;7
1;33278.0;Caesar;Camilla;SEASHELLS;11954.0;4
1;33284.0;Caesar;Camilla;SEASHELLS;11961.0;9
1;33286.0;Caesar;Paris;SEASHELLS;11958.0;6
1;33287.0;Paris;Caesar;SEASHELLS;11961.0;4
1;33293.0;Paris;Caesar;SEASHELLS;11964.0;5
1;33298.0;Paris;Caesar;SEASHELLS;11974.0;3
1;33303.0;Paris;Caesar;SEASHELLS;11982.0;4
1;33312.0;Caesar;Camilla;SEASHELLS;11976.0;9
1;33333.0;Paris;Caesar;SEASHELLS;11969.0;5
1;33338.0;Caesar;Paris;SEASHELLS;11961.0;8
1;33339.0;Caesar;Camilla;SEASHELLS;11961.0;4
1;33339.0;Caesar;Paris;SEASHELLS;11961.0;4
1;33353.0;Paris;Caesar;SEASHELLS;11960.0;8
1;33379.0;Paris;Caesar;SEASHELLS;11953.0;3
1;33387.0;Caesar;Paris;SEASHELLS;11946.0;7
1;33389.0;Paris;Caesar;SEASHELLS;11955.0;8
1;33405.0;Paris;Caesar;SEASHELLS;11967.0;6
1;33420.0;Caesar;Camilla;SEASHELLS;11960.0;9
1;33424.0;Caesar;Paris;SEASHELLS;11961.0;4
1;33425.0;Caesar;Paris;SEASHELLS;11962.0;7
1;33484.0;Caesar;Camilla;SEASHELLS;11976.0;10
1;33505.0;Caesar;Camilla;SEASHELLS;11962.0;4
1;33509.0;Caesar;Paris;SEASHELLS;11952.0;3
1;33520.0;Paris;Caesar;SEASHELLS;11960.0;8
1;33524.0;Caesar;Paris;SEASHELLS;11966.0;8
1;33543.0;Caesar;Camilla;SEASHELLS;11962.0;8
1;33547.0;Paris;Caesar;SEASHELLS;11965.0;6
1;33560.0;Caesar;Paris;SEASHELLS;11965.0;3
1;33562.0;Paris;Caesar;SEASHELLS;11966.0;6
1;33568.0;Caesar;Paris;SEASHELLS;11967.0;3
1;33582.0;Paris;Caesar;SEASHELLS;11959.0;3
1;33593.0;Caesar;Paris;SEASHELLS;11951.0;4
1;33597.0;Caesar;Paris;SEASHELLS;11948.0;4
1;33626.0;Caesar;Camilla;SEASHELLS;11950.0;10
1;33626.0;Paris;Caesar;SEASHELLS;11951.0;6
1;33628.0;Paris;Caesar;SEASHELLS;11957.0;7
1;33645.0;Caesar;Camilla;SEASHELLS;11973.0;5
1;33648.0;Paris;Caesar;SEASHELLS;11975.0;5
1;33673.0;Paris;Caesar;SEASHELLS;11978.0;8
1;33697.0;Paris;Caesar;SEASHELLS;11984.0;6
1;33698.0;Caesar;Camilla;SEASHELLS;11981.0;8
1;33707.0;Paris;Caesar;SEASHELLS;11987.0;4
1;33715.0;Caesar;Paris;SEASHELLS;11992.0;8
1;33716.0;Paris;Caesar;SEASHELLS;11994.0;6
1;33723.0;Caesar;Camilla;SEASHELLS;11996.0;8
1;33764.0;Caesar;Camilla;SEASHELLS;12009.0;9
1;33808.0;Caesar;Camilla;SEASHELLS;12006.0;5
1;33835.0;Paris;Caesar;SEASHELLS;12011.0;4
1;33842.0;Caesar;Paris;SEASHELLS;12007.0;3
1;33847.0;Caesar;Paris;SEASHELLS;12007.0;7
1;33852.0;Paris;Caesar;SEASHELLS;12014.0;3
1;33853.0;Caesar;Paris;SEASHELLS;12013.0;8
1;33902.0;Caesar;Paris;SEASHELLS;12005.0;8
1;33910.0;Caesar;Paris;SEASHELLS;12002.0;4
1;33930.0;Caesar;Paris;SEASHELLS;12007.0;4
1;33977.0;Paris;Caesar;SEASHELLS;11997.0;5
1;33981.0;Caesar;Camilla;SEASHELLS;12000.0;5
1;33983.0;Paris;Caesar;SEASHELLS;11996.0;8
1;33986.0;Caesar;Camilla;SEASHELLS;11995.0;7
1;34002.0;Paris;Caesar;SEASHELLS;12001.0;7
1;34007.0;Caesar;Paris;SEASHELLS;12001.0;4
1;34008.0;Caesar;Camilla;SEASHELLS;12000.0;8
1;34013.0;Caesar;Paris;SEASHELLS;12007.0;4
1;34015.0;Paris;Caesar;SEASHELLS;12015.0;8
1;34016.0;Caesar;Paris;SEASHELLS;12014.0;6
1;34017.0;Paris;Caesar;SEASHELLS;12014.0;7
1;34021.0;Caesar;Camilla;SEASHELLS;12002.0;10
1;34024.0;Paris;Caesar;SEASHELLS;12003.0;5
1;34028.0;Caesar;Camilla;SEASHELLS;12002.0;4
1;34029.0;Caesar;Paris;SEASHELLS;12002.0;3
1;34030.0;Caesar;Paris;SEASHELLS;12004.0;6
1;34034.0;Caesar;Paris;SEASHELLS;12006.0;4
1;34064.0;Caesar;Camilla;SEASHELLS;12019.0;7
1;34078.0;Caesar;Paris;SEASHELLS;12033.0;4
1;34080.0;Paris;Caesar;SEASHELLS;12031.0;4
1;34103.0;Paris;Caesar;SEASHELLS;12018.0;4
1;34119.0;Caesar;Paris;SEASHELLS;12003.0;7
1;34123.0;Paris;Camilla;SEASHELLS;12005.0;5
1;34144.0;Caesar;Paris;SEASHELLS;12008.0;5
1;34151.0;Caesar;Paris;SEASHELLS;12005.0;6
1;34165.0;Paris;Caesar;SEASHELLS;12012.0;5
1;34166.0;Caesar;Paris;SEASHELLS;12012.0;7
1;34169.0;Caesar;Paris;SEASHELLS;12005.0;8
1;34172.0;Caesar;Paris;SEASHELLS;12003.0;6
1;34177.0;Caesar;Paris;SEASHELLS;11998.0;4
1;34192.0;Caesar;Camilla;SEASHELLS;11999.0;5
1;34192.0;Caesar;Paris;SEASHELLS;11999.0;8
1;34254.0;Caesar;Camilla;SEASHELLS;11985.0;4
1;34277.0;Caesar;Paris;SEASHELLS;12002.0;6
1;34280.0;Caesar;Paris;SEASHELLS;12007.0;4
1;34284.0;Paris;Caesar;SEASHELLS;12011.0;4
1;34286.0;Caesar;Paris;SEASHELLS;12007.0;7
1;34287.0;Caesar;Paris;SEASHELLS;12008.0;7
1;34290.0;Caesar;Paris;SEASHELLS;12001.0;3
1;34298.0;Paris;Caesar;SEASHELLS;12002.0;4
1;34299.0;Caesar;Paris;SEASHELLS;12001.0;3
1;34322.0;Paris;Caesar;SEASHELLS;11996.0;6
1;34330.0;Paris;Caesar;SEASHELLS;12005.0;6
1;34344.0;Caesar;Paris;SEASHELLS;12003.0;6
1;34357.0;Paris;Caesar;SEASHELLS;12005.0;5
1;34361.0;Paris;Caesar;SEASHELLS;12008.0;5
1;34363.0;Caesar;Paris;SEASHELLS;12002.0;6
1;34420.0;Caesar;Paris;SEASHELLS;11996.0;6
1;34456.0;Caesar;Paris;SEASHELLS;11985.0;7
1;34473.0;Caesar;Paris;SEASHELLS;11977.0;4
1;34480.0;Paris;Caesar;SEASHELLS;11980.0;8
1;34483.0;Paris;Caesar;SEASHELLS;11979.0;5
1;34498.0;Caesar;Paris;SEASHELLS;11986.0;7
1;34499.0;Paris;Caesar;SEASHELLS;11990.0;8
1;34522.0;Caesar;Paris;SEASHELLS;11994.0;6
1;34565.0;Caesar;Camilla;SEASHELLS;12013.0;9
1;34566.0;Caesar;Camilla;SEASHELLS;12015.0;4
1;34612.0;Caesar;Paris;SEASHELLS;12025.0;6
1;34616.0;Caesar;Paris;SEASHELLS;12016.0;8
1;34649.0;Caesar;Paris;SEASHELLS;12036.0;5
1;34673.0;Caesar;Paris;SEASHELLS;12022.0;3
1;34681.0;Paris;Caesar;SEASHELLS;12017.0;4
1;34685.0;Paris;Caesar;SEASHELLS;12020.0;3
1;34691.0;Caesar;Paris;SEASHELLS;12015.0;4
1;34700.0;Caesar;Paris;SEASHELLS;12015.0;8
1;34705.0;Paris;Caesar;SEASHELLS;12011.0;4
1;34723.0;Caesar;Paris;SEASHELLS;11994.0;8
1;34743.0;Paris;Caesar;SEASHELLS;11991.0;4
1;34751.0;Caesar;Paris;SEASHELLS;11971.0;8
1;34774.0;Paris;Caesar;SEASHELLS;11947.0;4
1;34778.0;Paris;Caesar;SEASHELLS;11943.0;7
1;34800.0;Caesar;Paris;SEASHELLS;11935.0;8
1;34810.0;Paris;Caesar;SEASHELLS;11937.0;3
1;34820.0;Caesar;Camilla;SEASHELLS;11945.0;6
1;34830.0;Caesar;Camilla;SEASHELLS;11946.0;5
1;34834.0;Paris;Caesar;SEASHELLS;11944.0;7
1;34844.0;Paris;Caesar;SEASHELLS;11955.0;8
1;34855.0;Caesar;Paris;SEASHELLS;11960.0;4
1;34858.0;Caesar;Camilla;SEASHELLS;11970.0;8
1;34870.0;Paris;Caesar;SEASHELLS;11964.0;4
1;34885.0;Caesar;Camilla;SEASHELLS;11972.0;4
1;34905.0;Caesar;Paris;SEASHELLS;11960.0;5
1;34918.0;Caesar;Camilla;SEASHELLS;11975.0;5
1;34920.0;Paris;Caesar;SEASHELLS;11974.0;3
1;34927.0;Caesar;Paris;SEASHELLS;11967.0;5
1;34932.0;Paris;Caesar;SEASHELLS;11968.0;5
1;34941.0;Paris;Caesar;SEASHELLS;11971.0;4
1;34969.0;Caesar;Paris;SEASHELLS;11989.0;8
1;34976.0;Caesar;Paris;SEASHELLS;11986.0;7
1;34983.0;Paris;Caesar;SEASHELLS;11983.0;4
1;34989.0;Caesar;Paris;SEASHELLS;11978.0;4
1;34997.0;Caesar;Paris;SEASHELLS;11974.0;8
1;35006.0;Paris;Caesar;SEASHELLS;11983.0;4
1;35007.0;Caesar;Paris;SEASHELLS;11977.0;4
1;35013.0;Caesar;Paris;SEASHELLS;11977.0;4
1;35017.0;Caesar;Paris;SEASHELLS;11981.0;3
1;35021.0;Caesar;Paris;SEASHELLS;11976.0;6
1;35055.0;Caesar;Paris;SEASHELLS;11984.0;6
1;35061.0;Caesar;Paris;SEASHELLS;11985.0;3
1;35064.0;Paris;Caesar;SEASHELLS;11988.0;6
1;35065.0;Caesar;Paris;SEASHELLS;11985.0;5
1;35089.0;Caesar;Paris;SEASHELLS;11991.0;3
1;35091.0;Paris;Caesar;SEASHELLS;11993.0;6
1;35106.0;Caesar;Paris;SEASHELLS;11989.0;4
1;35107.0;Paris;Caesar;SEASHELLS;11993.0;5
1;35120.0;Caesar;Paris;SEASHELLS;11989.0;5
1;35131.0;Caesar;Camilla;SEASHELLS;11991.0;10
1;35131.0;Paris;Caesar;SEASHELLS;11992.0;4
1;35133.0;Caesar;Camilla;SEASHELLS;11993.0;5
1;35139.0;Caesar;Paris;SEASHELLS;11993.0;4
1;35167.0;Caesar;Paris;SEASHELLS;11996.0;4
1;35179.0;Paris;Caesar;SEASHELLS;11993.0;5
1;35185.0;Paris;Caesar;SEASHELLS;11990.0;6
1;35214.0;Caesar;Paris;SEASHELLS;11984.0;6
1;35218.0;Paris;Caesar;SEASHELLS;11984.0;8
1;35223.0;Paris;Caesar;SEASHELLS;11985.0;6
1;35249.0;Caesar;Paris;SEASHELLS;11982.0;7
1;35269.0;Paris;Caesar;SEASHELLS;11980.0;8
1;35285.0;Caesar;Camilla;SEASHELLS;11982.0;4
1;35287.0;Caesar;Paris;SEASHELLS;11982.0;6
1;35302.0;Paris;Caesar;SEASHELLS;11971.0;8
1;35306.0;Paris;Caesar;SEASHELLS;11970.0;4
1;35307.0;Caesar;Camilla;SEASHELLS;11970.0;7
1;35318.0;Caesar;Camilla;SEASHELLS;11976.0;5
1;35321.0;Paris;Caesar;SEASHELLS;11976.0;7
1;35326.0;Caesar;Paris;SEASHELLS;11975.0;3
1;35345.0;Caesar;Paris;SEASHELLS;11965.0;5
1;35346.0;Caesar;Paris;SEASHELLS;11964.0;6
1;35353.0;Caesar;Camilla;SEASHELLS;11961.0;6
1;35354.0;Caesar;Paris;SEASHELLS;11960.0;8
1;35406.0;Paris;Caesar;SEASHELLS;11984.0;4
1;35407.0;Caesar;Camilla;SEASHELLS;11983.0;10
1;35414.0;Caesar;Camilla;SEASHELLS;11986.0;10
1;35416.0;Paris;Caesar;SEASHELLS;11988.0;5
1;35437.0;Caesar;Paris;SEASHELLS;11973.0;7
1;35447.0;Paris;Caesar;SEASHELLS;11968.0;4
1;35448.0;Paris;Caesar;SEASHELLS;11969.0;7
1;35466.0;Paris;Caesar;SEASHELLS;11955.0;4
1;35494.0;Paris;Caesar;SEASHELLS;11956.0;7
1;35521.0;Caesar;Paris;SEASHELLS;11937.0;4
1;35536.0;Paris;Caesar;SEASHELLS;11947.0;5
1;35537.0;Paris;Caesar;SEASHELLS;11947.0;3
1;35541.0;Caesar;Paris;SEASHELLS;11943.0;5
1;35547.0;Paris;Caesar;SEASHELLS;11942.0;7
1;35551.0;Caesar;Paris;SEASHELLS;11938.0;7
1;35553.0;Caesar;Paris;SEASHELLS;11939.0;8
1;35571.0;Paris;Caesar;SEASHELLS;11934.0;7
1;35578.0;Caesar;Paris;SEASHELLS;11943.0;7
1;35595.0;Paris;Caesar;SEASHELLS;11954.0;4
1;35597.0;Caesar;Paris;SEASHELLS;11956.0;4
1;35600.0;Paris;Caesar;SEASHELLS;11954.0;3
1;35611.0;Caesar;Paris;SEASHELLS;11945.0;7
1;35614.0;Caesar;Paris;SEASHELLS;11940.0;8
1;35617.0;Caesar;Paris;SEASHELLS;11940.0;4
1;35624.0;Caesar;Paris;SEASHELLS;11947.0;3
1;35636.0;Caesar;Paris;SEASHELLS;11952.0;6
1;35649.0;Caesar;Camilla;SEASHELLS;11949.0;5
1;35672.0;Caesar;Camilla;SEASHELLS;11952.0;8
1;35673.0;Paris;Caesar;SEASHELLS;11951.0;5
1;35692.0;Caesar;Paris;SEASHELLS;11943.0;7
1;35718.0;Caesar;Paris;SEASHELLS;11932.0;5
1;35719.0;Caesar;Paris;SEASHELLS;11931.0;8
1;35726.0;Paris;Caesar;SEASHELLS;11934.0;8
1;35727.0;Caesar;Paris;SEASHELLS;11935.0;7
1;35728.0;Paris;Caesar;SEASHELLS;11936.0;4
1;35744.0;Paris;Caesar;SEASHELLS;11934.0;3
1;35770.0;Caesar;Paris;SEASHELLS;11922.0;5
1;35804.0;Caesar;Paris;SEASHELLS;11925.0;5
1;35805.0;Caesar;Paris;SEASHELLS;11926.0;5
1;35816.0;Paris;Caesar;SEASHELLS;11925.0;3
1;35826.0;Paris;Caesar;SEASHELLS;11910.0;8
1;35841.0;Paris;Caesar;SEASHELLS;11903.0;3
1;35850.0;Caesar;Paris;SEASHELLS;11902.0;7
1;35855.0;Paris;Caesar;SEASHELLS;11909.0;6
1;35881.0;Paris;Caesar;SEASHELLS;11901.0;5
1;35882.0;Caesar;Paris;SEASHELLS;11898.0;4
1;35894.0;Caesar;Camilla;SEASHELLS;11918.0;8
1;35896.0;Caesar;Paris;SEASHELLS;11917.0;5
1;35905.0;Caesar;Camilla;SEASHELLS;11906.0;8
1;35907.0;Caesar;Paris;SEASHELLS;11904.0;5
1;35925.0;Caesar;Paris;SEASHELLS;11903.0;6
1;35928.0;Caesar;Camilla;SEASHELLS;11904.0;7
1;35931.0;Caesar;Camilla;SEASHELLS;11911.0;5
1;35961.0;Caesar;Paris;SEASHELLS;11927.0;7
1;35963.0;Caesar;Paris;SEASHELLS;11932.0;5
1;36012.0;Caesar;Camilla;SEASHELLS;11950.0;7
1;36058.0;Caesar;Paris;SEASHELLS;11948.0;5
1;36060.0;Caesar;Camilla;SEASHELLS;11943.0;7
1;36069.0;Caesar;Paris;SEASHELLS;11945.0;8
1;36081.0;Caesar;Paris;SEASHELLS;11933.0;3
1;36087.0;Caesar;Paris;SEASHELLS;11932.0;7
1;36106.0;Paris;Caesar;SEASHELLS;11930.0;8
1;36107.0;Caesar;Paris;SEASHELLS;11927.0;6
1;36113.0;Paris;Caesar;SEASHELLS;11937.0;7
1;36127.0;Paris;Caesar;SEASHELLS;11940.0;6
1;36140.0;Paris;Caesar;SEASHELLS;11939.0;6
1;36141.0;Paris;Caesar;SEASHELLS;11940.0;8
1;36169.0;Caesar;Camilla;SEASHELLS;11945.0;5
1;36191.0;Caesar;Paris;SEASHELLS;11949.0;5
1;36193.0;Caesar;Paris;SEASHELLS;11949.0;4
1;36195.0;Caesar;Paris;SEASHELLS;11948.0;3
1;36231.0;Paris;Caesar;SEASHELLS;11939.0;6
1;36232.0;Caesar;Camilla;SEASHELLS;11937.0;6
1;36236.0;Caesar;Camilla;SEASHELLS;11948.0;6
1;36237.0;Caesar;Paris;SEASHELLS;11947.0;8
1;36240.0;Caesar;Paris;SEASHELLS;11945.0;8
1;36245.0;Paris;Caesar;SEASHELLS;11935.0;3
1;36247.0;Paris;Caesar;SEASHELLS;11934.0;3
1;36252.0;Caesar;Paris;SEASHELLS;11929.0;5
1;36256.0;Paris;Caesar;SEASHELLS;11928.0;8
1;36308.0;Caesar;Camilla;SEASHELLS;11908.0;4
1;36316.0;Caesar;Camilla;SEASHELLS;11903.0;7
1;36322.0;Camilla;Paris;SEASHELLS;11896.0;4
1;36332.0;Caesar;Paris;SEASHELLS;11896.0;6
1;36340.0;Caesar;Camilla;SEASHELLS;11895.0;10
1;36343.0;Caesar;Camilla;SEASHELLS;11888.0;9
1;36351.0;Caesar;Camilla;SEASHELLS;11891.0;10
1;36351.0;Caesar;Paris;SEASHELLS;11891.0;5
1;36354.0;Caesar;Camilla;SEASHELLS;11890.0;9
1;36370.0;Caesar;Paris;SEASHELLS;11890.0;7
1;36372.0;Caesar;Paris;SEASHELLS;11892.0;6
1;36377.0;Paris;Caesar;SEASHELLS;11890.0;6
1;36389.0;Paris;Caesar;SEASHELLS;11898.0;4
1;36394.0;Caesar;Paris;SEASHELLS;11891.0;6
1;36396.0;Caesar;Camilla;SEASHELLS;11891.0;8
1;36415.0;Paris;Caesar;SEASHELLS;11900.0;4
1;36420.0;Caesar;Camilla;SEASHELLS;11894.0;8
1;36431.0;Paris;Camilla;SEASHELLS;11901.0;7
1;36444.0;Caesar;Camilla;SEASHELLS;11901.0;9
1;36445.0;Caesar;Paris;SEASHELLS;11898.0;7
1;36446.0;Paris;Caesar;SEASHELLS;11901.0;8
1;36447.0;Paris;Caesar;SEASHELLS;11903.0;4
1;36453.0;Paris;Caesar;SEASHELLS;11912.0;4
1;36461.0;Caesar;Paris;SEASHELLS;11907.0;6
1;36498.0;Caesar;Paris;SEASHELLS;11887.0;8
1;36516.0;Caesar;Camilla;SEASHELLS;11881.0;5
1;36518.0;Caesar;Paris;SEASHELLS;11881.0;8
1;36521.0;Caesar;Paris;SEASHELLS;11887.0;5
1;36533.0;Caesar;Camilla;SEASHELLS;11889.0;10
1;36534.0;Caesar;Paris;SEASHELLS;11892.0;6
1;36537.0;Paris;Caesar;SEASHELLS;11892.0;7
1;36540.0;Caesar;Paris;SEASHELLS;11892.0;4
1;36550.0;Caesar;Camilla;SEASHELLS;11900.0;6
1;36572.0;Paris;Caesar;SEASHELLS;11910.0;8
1;36576.0;Caesar;Paris;SEASHELLS;11907.0;6
1;36582.0;Caesar;Paris;SEASHELLS;11913.0;5
1;36590.0;Paris;Caesar;SEASHELLS;11916.0;4
1;36596.0;Paris;Caesar;SEASHELLS;11913.0;4
1;36599.0;Caesar;Camilla;SEASHELLS;11909.0;5
1;36600.0;Caesar;Paris;SEASHELLS;11909.0;5
1;36611.0;Paris;Caesar;SEASHELLS;11911.0;3
1;36637.0;Paris;Caesar;SEASHELLS;11899.0;4
1;36640.0;Caesar;Paris;SEASHELLS;11895.0;7
1;36643.0;Caesar;Paris;SEASHELLS;11894.0;3
1;36661.0;Caesar;Paris;SEASHELLS;11894.0;5
1;36662.0;Paris;Caesar;SEASHELLS;11893.0;3
1;36677.0;Caesar;Paris;SEASHELLS;11893.0;3
1;36687.0;Caesar;Paris;SEASHELLS;11899.0;7
1;36693.0;Paris;Caesar;SEASHELLS;11906.0;5
1;36696.0;Paris;Caesar;SEASHELLS;11913.0;4
1;36704.0;Caesar;Camilla;SEASHELLS;11909.0;9
1;36707.0;Paris;Caesar;SEASHELLS;11911.0;7
1;36713.0;Caesar;Camilla;SEASHELLS;11911.0;10
1;36715.0;Caesar;Paris;SEASHELLS;11917.0;4
1;36723.0;Paris;Caesar;SEASHELLS;11923.0;5
1;36732.0;Caesar;Camilla;SEASHELLS;11924.0;7
1;36732.0;Paris;Caesar;SEASHELLS;11926.0;7
1;36740.0;Paris;Caesar;SEASHELLS;11943.0;5
1;36754.0;Caesar;Paris;SEASHELLS;11943.0;6
1;36772.0;Paris;Caesar;SEASHELLS;11947.0;6
1;36787.0;Paris;Caesar;SEASHELLS;11980.0;4
1;36809.0;Caesar;Paris;SEASHELLS;11987.0;5
1;36825.0;Paris;Caesar;SEASHELLS;11986.0;4
1;36847.0;Paris;Caesar;SEASHELLS;11996.0;5
1;36856.0;Caesar;Camilla;SEASHELLS;11991.0;6
1;36858.0;Caesar;Paris;SEASHELLS;11987.0;6
1;36864.0;Paris;Caesar;SEASHELLS;11994.0;4
1;36866.0;Caesar;Camilla;SEASHELLS;11994.0;9
1;36870.0;Caesar;Paris;SEASHELLS;11990.0;5
1;36882.0;Caesar;Paris;SEASHELLS;11983.0;8
1;36884.0;Caesar;Paris;SEASHELLS;11986.0;5
1;36885.0;Caesar;Paris;SEASHELLS;11988.0;3
1;36898.0;Caesar;Camilla;SEASHELLS;11979.0;4
1;36899.0;Paris;Caesar;SEASHELLS;11977.0;7
1;36901.0;Caesar;Paris;SEASHELLS;11974.0;3
1;36910.0;Paris;Caesar;SEASHELLS;11969.0;3
1;36923.0;Caesar;Camilla;SEASHELLS;11964.0;6
1;36945.0;Paris;Caesar;SEASHELLS;11964.0;5
1;36965.0;Paris;Caesar;SEASHELLS;11963.0;3
1;36971.0;Caesar;Paris;SEASHELLS;11958.0;8
1;36981.0;Caesar;Paris;SEASHELLS;11955.0;7
1;36982.0;Caesar;Camilla;SEASHELLS;11954.0;5
1;37002.0;Paris;Caesar;SEASHELLS;11968.0;5
1;37013.0;Caesar;Paris;SEASHELLS;11978.0;7
1;37022.0;Caesar;Paris;SEASHELLS;11965.0;8
1;37024.0;Caesar;Paris;SEASHELLS;11964.0;4
1;37039.0;Caesar;Paris;SEASHELLS;11988.0;3
1;37042.0;Caesar;Paris;SEASHELLS;11999.0;4
1;37049.0;Caesar;Paris;SEASHELLS;12001.0;5
1;37061.0;Caesar;Paris;SEASHELLS;12006.0;7
1;37070.0;Caesar;Paris;SEASHELLS;11996.0;6
1;37085.0;Paris;Caesar;SEASHELLS;12010.0;7
1;37104.0;Caesar;Camilla;SEASHELLS;12018.0;6
1;37114.0;Caesar;Paris;SEASHELLS;12020.0;5
1;37128.0;Caesar;Camilla;SEASHELLS;12018.0;9
1;37134.0;Caesar;Camilla;SEASHELLS;12017.0;8
1;37151.0;Caesar;Camilla;SEASHELLS;12016.0;9
1;37155.0;Caesar;Camilla;SEASHELLS;12016.0;7
1;37158.0;Paris;Caesar;SEASHELLS;12022.0;5
1;37161.0;Caesar;Paris;SEASHELLS;12021.0;5
1;37164.0;Caesar;Camilla;SEASHELLS;12020.0;9
1;37170.0;Caesar;Paris;SEASHELLS;12019.0;6
1;37184.0;Paris;Caesar;SEASHELLS;12010.0;8
1;37213.0;Caesar;Camilla;SEASHELLS;12005.0;9
1;37224.0;Paris;Caesar;SEASHELLS;12021.0;8
1;37229.0;Caesar;Paris;SEASHELLS;12026.0;4
1;37234.0;Caesar;Paris;SEASHELLS;12024.0;3
1;37235.0;Paris;Caesar;SEASHELLS;12023.0;5
1;37240.0;Paris;Caesar;SEASHELLS;12030.0;3
1;37246.0;Caesar;Paris;SEASHELLS;12017.0;7
1;37247.0;Caesar;Camilla;SEASHELLS;12015.0;6
1;37248.0;Caesar;Paris;SEASHELLS;12015.0;6
1;37262.0;Caesar;Paris;SEASHELLS;12008.0;5
1;37272.0;Caesar;Paris;SEASHELLS;12009.0;6
1;37279.0;Paris;Caesar;SEASHELLS;12013.0;8
1;37284.0;Caesar;Camilla;SEASHELLS;12017.0;6
1;37292.0;Paris;Caesar;SEASHELLS;12015.0;5
1;37295.0;Caesar;Paris;SEASHELLS;12018.0;4
1;37297.0;Paris;Caesar;SEASHELLS;12023.0;7
1;37300.0;Caesar;Camilla;SEASHELLS;12022.0;5
1;37309.0;Caesar;Paris;SEASHELLS;12007.0;6
1;37334.0;Paris;Caesar;SEASHELLS;12016.0;3
1;37336.0;Caesar;Paris;SEASHELLS;12016.0;8
1;37337.0;Caesar;Paris;SEASHELLS;12013.0;5
1;37347.0;Caesar;Paris;SEASHELLS;12004.0;4
1;37352.0;Caesar;Paris;SEASHELLS;12000.0;7
1;37354.0;Paris;Caesar;SEASHELLS;11999.0;4
1;37363.0;Paris;Caesar;SEASHELLS;11989.0;8
1;37364.0;Paris;Caesar;SEASHELLS;11988.0;5
1;37371.0;Paris;Caesar;SEASHELLS;11986.0;4
1;37390.0;Caesar;Camilla;SEASHELLS;11972.0;10
1;37404.0;Caesar;Camilla;SEASHELLS;11981.0;7
1;37421.0;Caesar;Paris;SEASHELLS;11988.0;5
1;37427.0;Caesar;Camilla;SEASHELLS;11987.0;7
1;37428.0;Caesar;Camilla;SEASHELLS;11988.0;10
1;37464.0;Paris;Caesar;SEASHELLS;11993.0;3
1;37480.0;Paris;Caesar;SEASHELLS;12001.0;5
1;37497.0;Paris;Caesar;SEASHELLS;12001.0;4
1;37516.0;Paris;Caesar;SEASHELLS;11991.0;3
1;37525.0;Caesar;Paris;SEASHELLS;11988.0;4
1;37526.0;Caesar;Paris;SEASHELLS;11992.0;8
1;37531.0;Paris;Caesar;SEASHELLS;12002.0;5
1;37535.0;Caesar;Paris;SEASHELLS;11995.0;7
1;37538.0;Caesar;Camilla;SEASHELLS;11996.0;6
1;37541.0;Paris;Caesar;SEASHELLS;11998.0;5
1;37556.0;Caesar;Camilla;SEASHELLS;11998.0;4
1;37557.0;Caesar;Paris;SEASHELLS;11996.0;3
1;37558.0;Caesar;Camilla;SEASHELLS;11995.0;10
1;37572.0;Paris;Caesar;SEASHELLS;12001.0;5
1;37588.0;Paris;Caesar;SEASHELLS;12008.0;3
1;37591.0;Paris;Caesar;SEASHELLS;12010.0;7
1;37612.0;Caesar;Paris;SEASHELLS;12007.0;8
1;37615.0;Caesar;Camilla;SEASHELLS;12007.0;6
1;37626.0;Paris;Caesar;SEASHELLS;12016.0;6
1;37630.0;Paris;Caesar;SEASHELLS;12019.0;6
1;37650.0;Paris;Caesar;SEASHELLS;12034.0;5
1;37657.0;Paris;Caesar;SEASHELLS;12030.0;3
1;37668.0;Caesar;Paris;SEASHELLS;12040.0;5
1;37676.0;Caesar;Paris;SEASHELLS;12044.0;6
1;37679.0;Caesar;Camilla;SEASHELLS;12047.0;10
1;37680.0;Caesar;Paris;SEASHELLS;12051.0;8
1;37715.0;Caesar;Paris;SEASHELLS;12050.0;4
1;37716.0;Caesar;Paris;SEASHELLS;12046.0;6
1;37720.0;Caesar;Camilla;SEASHELLS;12039.0;10
1;37723.0;Caesar;Paris;SEASHELLS;12030.0;5
1;37730.0;Caesar;Paris;SEASHELLS;12024.0;6
1;37737.0;Paris;Caesar;SEASHELLS;12031.0;3
1;37746.0;Caesar;Camilla;SEASHELLS;12028.0;10
1;37749.0;Caesar;Paris;SEASHELLS;12020.0;5
1;37770.0;Paris;Caesar;SEASHELLS;12017.0;6
1;37775.0;Caesar;Paris;SEASHELLS;12017.0;6
1;37775.0;Caesar;Camilla;SEASHELLS;12017.0;10
1;37780.0;Caesar;Paris;SEASHELLS;12021.0;3
1;37793.0;Caesar;Camilla;SEASHELLS;12025.0;7
1;37796.0;Caesar;Paris;SEASHELLS;12024.0;4
1;37803.0;Caesar;Paris;SEASHELLS;12026.0;4
1;37820.0;Caesar;Paris;SEASHELLS;12021.0;6
1;37823.0;Caesar;Paris;SEASHELLS;12011.0;5
1;37851.0;Caesar;Paris;SEASHELLS;12006.0;4
1;37858.0;Paris;Caesar;SEASHELLS;11999.0;7
1;37886.0;Paris;Caesar;SEASHELLS;11998.0;5
1;37905.0;Caesar;Paris;SEASHELLS;11996.0;3
1;37907.0;Caesar;Paris;SEASHELLS;11989.0;4
1;37916.0;Caesar;Paris;SEASHELLS;11988.0;7
1;37948.0;Caesar;Paris;SEASHELLS;11981.0;3
1;37964.0;Paris;Caesar;SEASHELLS;11981.0;5
1;37980.0;Paris;Caesar;SEASHELLS;11980.0;4
1;37981.0;Caesar;Paris;SEASHELLS;11982.0;5
1;38003.0;Paris;Caesar;SEASHELLS;11991.0;7
1;38033.0;Paris;Caesar;SEASHELLS;11994.0;6
1;38035.0;Paris;Caesar;SEASHELLS;11999.0;7
1;38047.0;Paris;Caesar;SEASHELLS;12001.0;8
1;38049.0;Caesar;Paris;SEASHELLS;11999.0;4
1;38063.0;Caesar;Paris;SEASHELLS;12016.0;8
1;38067.0;Caesar;Camilla;SEASHELLS;12020.0;6
1;38090.0;Caesar;Camilla;SEASHELLS;12036.0;10
1;38099.0;Caesar;Paris;SEASHELLS;12035.0;5
1;38116.0;Paris;Caesar;SEASHELLS;12044.0;7
1;38122.0;Paris;Caesar;SEASHELLS;12049.0;5
1;38125.0;Caesar;Camilla;SEASHELLS;12049.0;6
1;38164.0;Paris;Caesar;SEASHELLS;12057.0;5
1;38180.0;Caesar;Paris;SEASHELLS;12055.0;7
1;38201.0;Paris;Caesar;SEASHELLS;12048.0;5
1;38204.0;Paris;Caesar;SEASHELLS;12045.0;8
1;38208.0;Paris;Caesar;SEASHELLS;12046.0;6
1;38212.0;Caesar;Paris;SEASHELLS;12049.0;7
1;38213.0;Caesar;Camilla;SEASHELLS;12047.0;4
1;38244.0;Caesar;Paris;SEASHELLS;12062.0;5
1;38247.0;Caesar;Paris;SEASHELLS;12070.0;5
1;38259.0;Caesar;Camilla;SEASHELLS;12081.0;6
1;38261.0;Caesar;Paris;SEASHELLS;12086.0;5
1;38283.0;Paris;Caesar;SEASHELLS;12078.0;3
1;38291.0;Paris;Caesar;SEASHELLS;12081.0;4
1;38298.0;Caesar;Paris;SEASHELLS;12074.0;5
1;38301.0;Caesar;Paris;SEASHELLS;12075.0;3
1;38304.0;Caesar;Paris;SEASHELLS;12080.0;3
1;38331.0;Paris;Caesar;SEASHELLS;12076.0;5
1;38336.0;Paris;Caesar;SEASHELLS;12083.0;7
1;38358.0;Paris;Caesar;SEASHELLS;12065.0;4
1;38387.0;Paris;Caesar;SEASHELLS;12082.0;3
1;38390.0;Caesar;Paris;SEASHELLS;12075.0;3
1;38402.0;Caesar;Paris;SEASHELLS;12081.0;4
1;38406.0;Caesar;Camilla;SEASHELLS;12074.0;7
1;38410.0;Paris;Caesar;SEASHELLS;12079.0;4
1;38428.0;Paris;Caesar;SEASHELLS;12090.0;4
1;38434.0;Caesar;Camilla;SEASHELLS;12084.0;7
1;38439.0;Paris;Caesar;SEASHELLS;12077.0;7
1;38450.0;Paris;Caesar;SEASHELLS;12074.0;6
1;38453.0;Caesar;Paris;SEASHELLS;12071.0;7
1;38454.0;Caesar;Paris;SEASHELLS;12070.0;3
1;38455.0;Paris;Caesar;SEASHELLS;12070.0;3
1;38464.0;Caesar;Camilla;SEASHELLS;12068.0;5
1;38467.0;Paris;Caesar;SEASHELLS;12072.0;5
1;38474.0;Paris;Caesar;SEASHELLS;12066.0;6
1;38481.0;Caesar;Paris;SEASHELLS;12070.0;4
1;38487.0;Caesar;Paris;SEASHELLS;12069.0;4
1;38489.0;Paris;Caesar;SEASHELLS;12073.0;4
1;38508.0;Caesar;Paris;SEASHELLS;12074.0;7
1;38512.0;Caesar;Paris;SEASHELLS;12074.0;5
1;38515.0;Caesar;Camilla;SEASHELLS;12074.0;4
1;38575.0;Paris;Caesar;SEASHELLS;12076.0;3
1;38596.0;Caesar;Paris;SEASHELLS;12073.0;3
1;38616.0;Paris;Caesar;SEASHELLS;12090.0;8
1;38635.0;Paris;Caesar;SEASHELLS;12084.0;5
1;38636.0;Caesar;Paris;SEASHELLS;12082.0;3
1;38650.0;Caesar;Paris;SEASHELLS;12098.0;7
1;38657.0;Paris;Caesar;SEASHELLS;12095.0;4
1;38664.0;Paris;Caesar;SEASHELLS;12106.0;8
1;38674.0;Caesar;Camilla;SEASHELLS;12101.0;9
1;38675.0;Paris;Caesar;SEASHELLS;12103.0;4
1;38688.0;Paris;Caesar;SEASHELLS;12099.0;6
1;38690.0;Caesar;Paris;SEASHELLS;12095.0;4
1;38691.0;Caesar;Paris;SEASHELLS;12093.0;3
1;38695.0;Paris;Caesar;SEASHELLS;12096.0;7
1;38705.0;Caesar;Paris;SEASHELLS;12097.0;8
1;38713.0;Paris;Caesar;SEASHELLS;12099.0;4
1;38720.0;Caesar;Paris;SEASHELLS;12098.0;4
1;38724.0;Paris;Caesar;SEASHELLS;12091.0;3
1;38725.0;Caesar;Paris;SEASHELLS;12089.0;3
1;38728.0;Paris;Caesar;SEASHELLS;12091.0;7
1;38729.0;Paris;Caesar;SEASHELLS;12090.0;3
1;38736.0;Caesar;Camilla;SEASHELLS;12085.0;5
1;38743.0;Paris;Caesar;SEASHELLS;12092.0;3
1;38783.0;Caesar;Paris;SEASHELLS;12114.0;7
1;38786.0;Caesar;Camilla;SEASHELLS;12113.0;4
1;38796.0;Caesar;Paris;SEASHELLS;12112.0;3
1;38799.0;Paris;Caesar;SEASHELLS;12112.0;4
1;38807.0;Caesar;Paris;SEASHELLS;12113.0;3
1;38816.0;Caesar;Paris;SEASHELLS;12110.0;7
1;38820.0;Paris;Caesar;SEASHELLS;12117.0;7
1;38828.0;Caesar;Paris;SEASHELLS;12099.0;8
1;38863.0;Caesar;Paris;SEASHELLS;12097.0;3
1;38869.0;Caesar;Paris;SEASHELLS;12096.0;8
1;38874.0;Paris;Caesar;SEASHELLS;12106.0;3
1;38890.0;Caesar;Camilla;SEASHELLS;12121.0;10
1;38895.0;Caesar;Camilla;SEASHELLS;12121.0;6
1;38911.0;Paris;Caesar;SEASHELLS;12143.0;8
1;38921.0;Caesar;Paris;SEASHELLS;12152.0;7
1;38949.0;Caesar;Paris;SEASHELLS;12149.0;8
1;38952.0;Caesar;Paris;SEASHELLS;12152.0;8
1;38995.0;Paris;Caesar;SEASHELLS;12142.0;6
1;38996.0;Caesar;Camilla;SEASHELLS;12143.0;6
1;38998.0;Caesar;Camilla;SEASHELLS;12148.0;7
1;39008.0;Paris;Caesar;SEASHELLS;12150.0;5
1;39013.0;Caesar;Paris;SEASHELLS;12145.0;6
1;39015.0;Paris;Caesar;SEASHELLS;12145.0;7
1;39019.0;Caesar;Paris;SEASHELLS;12142.0;7
1;39033.0;Caesar;Paris;SEASHELLS;12143.0;3
1;39034.0;Caesar;Paris;SEASHELLS;12143.0;3
1;39054.0;Caesar;Camilla;SEASHELLS;12145.0;10
1;39058.0;Paris;Caesar;SEASHELLS;12154.0;4
1;39065.0;Paris;Caesar;SEASHELLS;12156.0;4
1;39067.0;Caesar;Paris;SEASHELLS;12154.0;4
1;39072.0;Caesar;Paris;SEASHELLS;12156.0;4
1;39073.0;Paris;Caesar;SEASHELLS;12156.0;4
1;39077.0;Caesar;Camilla;SEASHELLS;12157.0;6
1;39091.0;Caesar;Paris;SEASHELLS;12155.0;4
1;39111.0;Caesar;Paris;SEASHELLS;12161.0;3
1;39115.0;Caesar;Camilla;SEASHELLS;12160.0;6
1;39120.0;Paris;Caesar;SEASHELLS;12162.0;7
1;39137.0;Paris;Caesar;SEASHELLS;12173.0;8
1;39159.0;Caesar;Paris;SEASHELLS;12179.0;8
1;39162.0;Paris;Caesar;SEASHELLS;12177.0;5
1;39204.0;Paris;Caesar;SEASHELLS;12178.0;6
1;39225.0;Caesar;Paris;SEASHELLS;12161.0;7
1;39228.0;Paris;Caesar;SEASHELLS;12162.0;7
1;39245.0;Caesar;Camilla;SEASHELLS;12161.0;8
1;39254.0;Paris;Caesar;SEASHELLS;12167.0;3
1;39257.0;Paris;Caesar;SEASHELLS;12168.0;4
1;39258.0;Caesar;Paris;SEASHELLS;12170.0;8
1;39261.0;Caesar;Paris;SEASHELLS;12167.0;7
1;39262.0;Caesar;Paris;SEASHELLS;12165.0;6
1;39270.0;Caesar;Paris;SEASHELLS;12152.0;5
1;39276.0;Caesar;Camilla;SEASHELLS;12164.0;5
1;39277.0;Paris;Caesar;SEASHELLS;12166.0;8
1;39311.0;Paris;Caesar;SEASHELLS;12157.0;8
1;39319.0;Caesar;Paris;SEASHELLS;12163.0;7
1;39323.0;Caesar;Paris;SEASHELLS;12164.0;7
1;39327.0;Paris;Caesar;SEASHELLS;12163.0;8
1;39352.0;Paris;Caesar;SEASHELLS;12180.0;7
1;39356.0;Caesar;Paris;SEASHELLS;12184.0;3
1;39368.0;Paris;Caesar;SEASHELLS;12196.0;5
1;39419.0;Caesar;Camilla;SEASHELLS;12164.0;7
1;39446.0;Caesar;Camilla;SEASHELLS;12169.0;5
1;39448.0;Caesar;Paris;SEASHELLS;12170.0;5
1;39469.0;Caesar;Paris;SEASHELLS;12167.0;4
1;39472.0;Paris;Caesar;SEASHELLS;12169.0;6
1;39479.0;Caesar;Paris;SEASHELLS;12165.0;6
1;39486.0;Caesar;Camilla;SEASHELLS;12166.0;4
1;39534.0;Caesar;Camilla;SEASHELLS;12175.0;4
1;39542.0;Paris;Caesar;SEASHELLS;12188.0;3
1;39562.0;Caesar;Camilla;SEASHELLS;12201.0;5
1;39574.0;Paris;Caesar;SEASHELLS;12202.0;4
1;39581.0;Paris;Caesar;SEASHELLS;12207.0;4
1;39584.0;Paris;Caesar;SEASHELLS;12203.0;8
1;39597.0;Caesar;Paris;SEASHELLS;12206.0;5
1;39599.0;Caesar;Paris;SEASHELLS;12209.0;6
1;39612.0;Caesar;Paris;SEASHELLS;12205.0;8
1;39623.0;Paris;Caesar;SEASHELLS;12202.0;8
1;39641.0;Caesar;Camilla;SEASHELLS;12208.0;10
1;39645.0;Caesar;Camilla;SEASHELLS;12208.0;9
1;39645.0;Paris;Caesar;SEASHELLS;12209.0;8
1;39647.0;Paris;Caesar;SEASHELLS;12216.0;4
1;39652.0;Paris;Caesar;SEASHELLS;12216.0;7
1;39663.0;Paris;Caesar;SEASHELLS;12203.0;3
1;39664.0;Caesar;Paris;SEASHELLS;12197.0;3
1;39666.0;Caesar;Paris;SEASHELLS;12194.0;8
1;39673.0;Paris;Caesar;SEASHELLS;12203.0;7
1;39677.0;Caesar;Camilla;SEASHELLS;12203.0;7
1;39693.0;Paris;Caesar;SEASHELLS;12221.0;3
1;39694.0;Caesar;Camilla;SEASHELLS;12218.0;7
1;39700.0;Caesar;Paris;SEASHELLS;12221.0;7
1;39711.0;Caesar;Paris;SEASHELLS;12217.0;8
1;39723.0;Caesar;Camilla;SEASHELLS;12216.0;10
1;39725.0;Caesar;Paris;SEASHELLS;12217.0;8
1;39726.0;Caesar;Camilla;SEASHELLS;12217.0;9
1;39731.0;Caesar;Camilla;SEASHELLS;12219.0;4
1;39736.0;Caesar;Paris;SEASHELLS;12216.0;5
1;39747.0;Caesar;Camilla;SEASHELLS;12233.0;10
1;39756.0;Caesar;Paris;SEASHELLS;12223.0;7
1;39764.0;Caesar;Paris;SEASHELLS;12231.0;5
1;39776.0;Caesar;Paris;SEASHELLS;12224.0;3
1;39778.0;Caesar;Camilla;SEASHELLS;12220.0;7
1;39780.0;Caesar;Paris;SEASHELLS;12223.0;5
1;39790.0;Caesar;Paris;SEASHELLS;12220.0;8
1;39794.0;Caesar;Paris;SEASHELLS;12226.0;3
1;39816.0;Paris;Caesar;SEASHELLS;12236.0;7
1;39825.0;Paris;Caesar;SEASHELLS;12254.0;3
1;39830.0;Caesar;Paris;SEASHELLS;12255.0;7
1;39832.0;Caesar;Paris;SEASHELLS;12251.0;8
1;39847.0;Caesar;Paris;SEASHELLS;12251.0;7
1;39864.0;Caesar;Paris;SEASHELLS;12250.0;3
1;39884.0;Paris;Caesar;SEASHELLS;12249.0;5
1;39887.0;Caesar;Camilla;SEASHELLS;12246.0;8
1;39891.0;Paris;Caesar;SEASHELLS;12246.0;8
1;39894.0;Caesar;Paris;SEASHELLS;12250.0;7
1;39894.0;Caesar;Camilla;SEASHELLS;12250.0;9
1;39912.0;Caesar;Paris;SEASHELLS;12249.0;6
1;39918.0;Paris;Caesar;SEASHELLS;12249.0;7
1;39920.0;Caesar;Paris;SEASHELLS;12243.0;3
1;39965.0;Caesar;Camilla;SEASHELLS;12233.0;6
1;39967.0;Caesar;Paris;SEASHELLS;12234.0;4
1;39989.0;Caesar;Camilla;SEASHELLS;12247.0;9
1;39991.0;Paris;Caesar;SEASHELLS;12253.0;6
2;40007.0;Caesar;Paris;SEASHELLS;12247.0;6
2;40028.0;Paris;Caesar;SEASHELLS;12238.0;5
2;40037.0;Paris;Caesar;SEASHELLS;12239.0;4
2;40051.0;Caesar;Camilla;SEASHELLS;12223.0;4
2;40073.0;Caesar;Camilla;SEASHELLS;12210.0;5
2;40075.0;Paris;Caesar;SEASHELLS;12210.0;4
2;40083.0;Caesar;Paris;SEASHELLS;12209.0;7
2;40087.0;Caesar;Paris;SEASHELLS;12212.0;5
2;40092.0;Caesar;Paris;SEASHELLS;12212.0;8
2;40092.0;Caesar;Camilla;SEASHELLS;12212.0;5
2;40095.0;Paris;Caesar;SEASHELLS;12207.0;8
2;40096.0;Paris;Caesar;SEASHELLS;12203.0;6
2;40100.0;Paris;Caesar;SEASHELLS;12192.0;4
2;40135.0;Caesar;Paris;SEASHELLS;12191.0;6
2;40144.0;Paris;Caesar;SEASHELLS;12203.0;4
2;40152.0;Caesar;Paris;SEASHELLS;12214.0;4
2;40163.0;Paris;Caesar;SEASHELLS;12213.0;6
2;40165.0;Caesar;Paris;SEASHELLS;12211.0;3
2;40175.0;Paris;Caesar;SEASHELLS;12213.0;6
2;40180.0;Caesar;Paris;SEASHELLS;12209.0;5
2;40188.0;Caesar;Paris;SEASHELLS;12208.0;7
2;40190.0;Paris;Caesar;SEASHELLS;12210.0;4
2;40202.0;Caesar;Paris;SEASHELLS;12206.0;5
2;40204.0;Caesar;Paris;SEASHELLS;12212.0;3
2;40226.0;Caesar;Paris;SEASHELLS;12223.0;6
2;40245.0;Caesar;Camilla;SEASHELLS;12217.0;9
2;40248.0;Caesar;Paris;SEASHELLS;12218.0;7
2;40250.0;Paris;Caesar;SEASHELLS;12220.0;7
2;40252.0;Paris;Caesar;SEASHELLS;12220.0;5
2;40257.0;Paris;Caesar;SEASHELLS;12226.0;8
2;40260.0;Paris;Caesar;SEASHELLS;12225.0;5
2;40261.0;Caesar;Paris;SEASHELLS;12227.0;7
2;40265.0;Paris;Caesar;SEASHELLS;12231.0;5
2;40267.0;Caesar;Paris;SEASHELLS;12238.0;8
2;40268.0;Caesar;Paris;SEASHELLS;12239.0;7
2;40269.0;Caesar;Camilla;SEASHELLS;12239.0;8
2;40271.0;Paris;Caesar;SEASHELLS;12244.0;6
2;40275.0;Paris;Caesar;SEASHELLS;12239.0;6
2;40291.0;Paris;Caesar;SEASHELLS;12239.0;5
2;40293.0;Paris;Caesar;SEASHELLS;12237.0;7
2;40294.0;Caesar;Paris;SEASHELLS;12236.0;5
2;40302.0;Caesar;Paris;SEASHELLS;12238.0;6
2;40309.0;Paris;Caesar;SEASHELLS;12233.0;3
2;40327.0;Caesar;Camilla;SEASHELLS;12221.0;9
2;40329.0;Caesar;Paris;SEASHELLS;12225.0;5
2;40332.0;Caesar;Paris;SEASHELLS;12227.0;8
2;40362.0;Paris;Caesar;SEASHELLS;12225.0;6
2;40373.0;Paris;Caesar;SEASHELLS;12230.0;3
2;40375.0;Caesar;Camilla;SEASHELLS;12229.0;7
2;40381.0;Paris;Caesar;SEASHELLS;12219.0;6
2;40391.0;Paris;Caesar;SEASHELLS;12226.0;6
2;40403.0;Paris;Caesar;SEASHELLS;12217.0;6
2;40414.0;Caesar;Paris;SEASHELLS;12209.0;3
2;40417.0;Caesar;Paris;SEASHELLS;12206.0;8
2;40421.0;Caesar;Paris;SEASHELLS;12211.0;8
2;40427.0;Caesar;Paris;SEASHELLS;12218.0;8
2;40428.0;Caesar;Paris;SEASHELLS;12220.0;3
2;40435.0;Paris;Camilla;SEASHELLS;12220.0;5
2;40449.0;Paris;Caesar;SEASHELLS;12229.0;8
2;40466.0;Paris;Caesar;SEASHELLS;12225.0;6
2;40490.0;Paris;Caesar;SEASHELLS;12228.0;6
2;40497.0;Caesar;Camilla;SEASHELLS;12233.0;6
2;40506.0;Caesar;Camilla;SEASHELLS;12230.0;6
2;40525.0;Paris;Caesar;SEASHELLS;12240.0;5
2;40531.0;Paris;Caesar;SEASHELLS;12231.0;5
2;40535.0;Caesar;Paris;SEASHELLS;12229.0;3
2;40553.0;Caesar;Paris;SEASHELLS;12239.0;5
2;40554.0;Caesar;Paris;SEASHELLS;12237.0;8
2;40605.0;Paris;Caesar;SEASHELLS;12232.0;7
2;40611.0;Caesar;Paris;SEASHELLS;12215.0;3
2;40613.0;Caesar;Camilla;SEASHELLS;12218.0;10
2;40631.0;Caesar;Paris;SEASHELLS;12227.0;6
2;40650.0;Paris;Caesar;SEASHELLS;12233.0;8
2;40652.0;Caesar;Camilla;SEASHELLS;12226.0;8
2;40656.0;Caesar;Paris;SEASHELLS;12218.0;4
2;40684.0;Paris;Caesar;SEASHELLS;12227.0;4
2;40688.0;Caesar;Paris;SEASHELLS;12223.0;3
2;40699.0;Caesar;Paris;SEASHELLS;12222.0;5
2;40716.0;Caesar;Camilla;SEASHELLS;12206.0;10
2;40722.0;Paris;Caesar;SEASHELLS;12210.0;8
2;40725.0;Caesar;Camilla;SEASHELLS;12205.0;5
2;40739.0;Caesar;Paris;SEASHELLS;12197.0;3
2;40745.0;Caesar;Camilla;SEASHELLS;12193.0;6
2;40765.0;Caesar;Camilla;SEASHELLS;12191.0;4
2;40769.0;Caesar;Camilla;SEASHELLS;12188.0;7
2;40776.0;Caesar;Camilla;SEASHELLS;12186.0;4
2;40787.0;Paris;Caesar;SEASHELLS;12177.0;5
2;40793.0;Caesar;Camilla;SEASHELLS;12184.0;8
2;40796.0;Caesar;Paris;SEASHELLS;12182.0;8
2;40799.0;Caesar;Paris;SEASHELLS;12178.0;3
2;40812.0;Caesar;Paris;SEASHELLS;12182.0;6
2;40829.0;Paris;Caesar;SEASHELLS;12190.0;5
2;40858.0;Caesar;Paris;SEASHELLS;12210.0;7
2;40867.0;Caesar;Paris;SEASHELLS;12220.0;5
2;40877.0;Paris;Caesar;SEASHELLS;12218.0;5
2;40879.0;Paris;Caesar;SEASHELLS;12219.0;7
2;40886.0;Caesar;Paris;SEASHELLS;12220.0;8
2;40891.0;Caesar;Paris;SEASHELLS;12224.0;3
2;40899.0;Caesar;Camilla;SEASHELLS;12225.0;10
2;40905.0;Paris;Caesar;SEASHELLS;12217.0;7
2;40920.0;Caesar;Paris;SEASHELLS;12216.0;3
2;40948.0;Paris;Caesar;SEASHELLS;12199.0;7
2;40954.0;Caesar;Paris;SEASHELLS;12197.0;6
2;40959.0;Paris;Caesar;SEASHELLS;12194.0;3
2;40964.0;Caesar;Camilla;SEASHELLS;12183.0;4
2;40968.0;Caesar;Camilla;SEASHELLS;12184.0;10
2;40979.0;Paris;Caesar;SEASHELLS;12189.0;6
2;40986.0;Caesar;Camilla;SEASHELLS;12182.0;4
2;40998.0;Paris;Caesar;SEASHELLS;12195.0;4
2;41013.0;Caesar;Paris;SEASHELLS;12212.0;8
2;41052.0;Caesar;Camilla;SEASHELLS;12224.0;6
2;41062.0;Paris;Caesar;SEASHELLS;12226.0;3
2;41069.0;Caesar;Paris;SEASHELLS;12228.0;8
2;41081.0;Caesar;Paris;SEASHELLS;12225.0;5
2;41099.0;Caesar;Paris;SEASHELLS;12219.0;7
2;41108.0;Paris;Caesar;SEASHELLS;12223.0;3
2;41116.0;Caesar;Paris;SEASHELLS;12224.0;8
2;41118.0;Caesar;Camilla;SEASHELLS;12221.0;9
2;41122.0;Paris;Caesar;SEASHELLS;12220.0;7
2;41131.0;Caesar;Paris;SEASHELLS;12225.0;7
2;41134.0;Caesar;Paris;SEASHELLS;12227.0;5
2;41146.0;Paris;Caesar;SEASHELLS;12228.0;3
2;41162.0;Caesar;Paris;SEASHELLS;12240.0;5
2;41166.0;Paris;Caesar;SEASHELLS;12246.0;7
2;41167.0;Paris;Caesar;SEASHELLS;12248.0;8
2;41178.0;Paris;Caesar;SEASHELLS;12251.0;4
2;41196.0;Caesar;Paris;SEASHELLS;12236.0;3
2;41199.0;Paris;Caesar;SEASHELLS;12237.0;5
2;41200.0;Caesar;Paris;SEASHELLS;12238.0;3
2;41219.0;Caesar;Paris;SEASHELLS;12237.0;8
2;41249.0;Caesar;Paris;SEASHELLS;12219.0;7
2;41264.0;Paris;Caesar;SEASHELLS;12223.0;7
2;41267.0;Paris;Caesar;SEASHELLS;12225.0;7
2;41272.0;Caesar;Paris;SEASHELLS;12222.0;4
2;41274.0;Caesar;Camilla;SEASHELLS;12220.0;10
2;41284.0;Paris;Caesar;SEASHELLS;12227.0;4
2;41289.0;Paris;Caesar;SEASHELLS;12228.0;5
2;41291.0;Caesar;Camilla;SEASHELLS;12225.0;5
2;41333.0;Caesar;Paris;SEASHELLS;12257.0;3
2;41339.0;Caesar;Paris;SEASHELLS;12259.0;4
2;41371.0;Paris;Caesar;SEASHELLS;12274.0;6
2;41371.0;Caesar;Camilla;SEASHELLS;12273.0;4
2;41378.0;Caesar;Paris;SEASHELLS;12263.0;4
2;41394.0;Caesar;Paris;SEASHELLS;12239.0;8
2;41394.0;Caesar;Camilla;SEASHELLS;12239.0;5
2;41406.0;Caesar;Paris;SEASHELLS;12252.0;8
2;41409.0;Paris;Caesar;SEASHELLS;12255.0;4
2;41429.0;Paris;Caesar;SEASHELLS;12243.0;6
2;41434.0;Caesar;Paris;SEASHELLS;12240.0;5
2;41438.0;Paris;Caesar;SEASHELLS;12240.0;6
2;41440.0;Caesar;Camilla;SEASHELLS;12241.0;8
2;41444.0;Caesar;Camilla;SEASHELLS;12236.0;6
2;41471.0;Paris;Caesar;SEASHELLS;12229.0;3
2;41493.0;Caesar;Paris;SEASHELLS;12219.0;4
2;41495.0;Caesar;Paris;SEASHELLS;12220.0;7
2;41497.0;Paris;Caesar;SEASHELLS;12216.0;8
2;41503.0;Caesar;Paris;SEASHELLS;12228.0;8
2;41515.0;Caesar;Paris;SEASHELLS;12240.0;3
2;41519.0;Caesar;Camilla;SEASHELLS;12239.0;7
2;41524.0;Caesar;Paris;SEASHELLS;12235.0;5
2;41541.0;Caesar;Camilla;SEASHELLS;12241.0;4
2;41570.0;Caesar;Paris;SEASHELLS;12236.0;3
2;41575.0;Paris;Caesar;SEASHELLS;12238.0;3
2;41583.0;Paris;Caesar;SEASHELLS;12247.0;5
2;41607.0;Paris;Caesar;SEASHELLS;12253.0;3
2;41608.0;Paris;Caesar;SEASHELLS;12253.0;3
2;41619.0;Caesar;Paris;SEASHELLS;12253.0;4
2;41626.0;Caesar;Camilla;SEASHELLS;12254.0;7
2;41626.0;Paris;Caesar;SEASHELLS;12255.0;4
2;41630.0;Paris;Caesar;SEASHELLS;12256.0;7
2;41656.0;Caesar;Paris;SEASHELLS;12265.0;7
2;41666.0;Paris;Caesar;SEASHELLS;12259.0;8
2;41669.0;Caesar;Paris;SEASHELLS;12256.0;3
2;41684.0;Paris;Caesar;SEASHELLS;12250.0;8
2;41720.0;Caesar;Camilla;SEASHELLS;12262.0;10
2;41738.0;Caesar;Paris;SEASHELLS;12274.0;8
2;41746.0;Paris;Caesar;SEASHELLS;12266.0;7
2;41807.0;Caesar;Paris;SEASHELLS;12258.0;8
2;41809.0;Caesar;Paris;SEASHELLS;12255.0;4
2;41826.0;Paris;Caesar;SEASHELLS;12257.0;6
2;41828.0;Caesar;Paris;SEASHELLS;12252.0;7
2;41830.0;Caesar;Camilla;SEASHELLS;12251.0;5
2;41837.0;Caesar;Camilla;SEASHELLS;12249.0;4
2;41838.0;Paris;Caesar;SEASHELLS;12250.0;6
2;41839.0;Paris;Caesar;SEASHELLS;12250.0;7
2;41839.0;Caesar;Camilla;SEASHELLS;12249.0;9
2;41841.0;Caesar;Paris;SEASHELLS;12246.0;3
2;41850.0;Caesar;Camilla;SEASHELLS;12253.0;7
2;41862.0;Paris;Caesar;SEASHELLS;12261.0;5
2;41874.0;Paris;Caesar;SEASHELLS;12261.0;6
2;41878.0;Paris;Caesar;SEASHELLS;12261.0;4
2;41900.0;Paris;Caesar;SEASHELLS;12275.0;6
2;41902.0;Caesar;Paris;SEASHELLS;12273.0;4
2;41911.0;Caesar;Paris;SEASHELLS;12281.0;3
2;41913.0;Paris;Caesar;SEASHELLS;12278.0;4
2;41918.0;Caesar;Paris;SEASHELLS;12278.0;6
2;41919.0;Paris;Caesar;SEASHELLS;12282.0;8
2;41924.0;Paris;Caesar;SEASHELLS;12277.0;3
2;41929.0;Paris;Caesar;SEASHELLS;12268.0;5
2;41931.0;Caesar;Paris;SEASHELLS;12266.0;8
2;41937.0;Paris;Caesar;SEASHELLS;12263.0;7
2;41942.0;Caesar;Camilla;SEASHELLS;12269.0;4
2;41945.0;Paris;Caesar;SEASHELLS;12262.0;7
2;41956.0;Caesar;Paris;SEASHELLS;12263.0;4
2;41958.0;Caesar;Paris;SEASHELLS;12258.0;8
2;41975.0;Caesar;Paris;SEASHELLS;12258.0;8
2;41980.0;Caesar;Paris;SEASHELLS;12259.0;4
2;41987.0;Caesar;Paris;SEASHELLS;12256.0;6
2;41988.0;Caesar;Camilla;SEASHELLS;12258.0;8
2;42021.0;Caesar;Paris;SEASHELLS;12263.0;8
2;42031.0;Caesar;Paris;SEASHELLS;12261.0;3
2;42032.0;Caesar;Paris;SEASHELLS;12259.0;8
2;42043.0;Paris;Caesar;SEASHELLS;12257.0;8
2;42047.0;Caesar;Camilla;SEASHELLS;12252.0;8
2;42048.0;Caesar;Paris;SEASHELLS;12252.0;4
2;42050.0;Caesar;Paris;SEASHELLS;12250.0;5
2;42053.0;Paris;Caesar;SEASHELLS;12248.0;7
2;42054.0;Caesar;Paris;SEASHELLS;12245.0;5
2;42058.0;Caesar;Paris;SEASHELLS;12239.0;5
2;42069.0;Caesar;Paris;SEASHELLS;12243.0;8
2;42073.0;Caesar;Camilla;SEASHELLS;12246.0;10
2;42079.0;Caesar;Camilla;SEASHELLS;12244.0;4
2;42089.0;Caesar;Paris;SEASHELLS;12249.0;7
2;42098.0;Paris;Caesar;SEASHELLS;12244.0;5
2;42100.0;Paris;Caesar;SEASHELLS;12246.0;5
2;42102.0;Caesar;Camilla;SEASHELLS;12245.0;5
2;42137.0;Paris;Caesar;SEASHELLS;12236.0;6
2;42138.0;Paris;Caesar;SEASHELLS;12240.0;4
2;42149.0;Caesar;Paris;SEASHELLS;12225.0;3
2;42184.0;Caesar;Paris;SEASHELLS;12218.0;5
2;42204.0;Paris;Caesar;SEASHELLS;12205.0;6
2;42210.0;Paris;Caesar;SEASHELLS;12201.0;6
2;42213.0;Paris;Caesar;SEASHELLS;12196.0;8
2;42217.0;Caesar;Paris;SEASHELLS;12196.0;6
2;42225.0;Paris;Caesar;SEASHELLS;12194.0;8
2;42234.0;Paris;Caesar;SEASHELLS;12194.0;5
2;42248.0;Caesar;Paris;SEASHELLS;12185.0;4
2;42308.0;Paris;Caesar;SEASHELLS;12188.0;3
2;42322.0;Caesar;Paris;SEASHELLS;12198.0;8
2;42323.0;Caesar;Camilla;SEASHELLS;12197.0;4
2;42332.0;Paris;Caesar;SEASHELLS;12195.0;4
2;42336.0;Caesar;Paris;SEASHELLS;12206.0;7
2;42338.0;Paris;Caesar;SEASHELLS;12207.0;8
2;42355.0;Caesar;Paris;SEASHELLS;12199.0;6
2;42358.0;Caesar;Paris;SEASHELLS;12209.0;6
2;42361.0;Caesar;Paris;SEASHELLS;12211.0;6
2;42366.0;Caesar;Paris;SEASHELLS;12211.0;8
2;42389.0;Caesar;Camilla;SEASHELLS;12210.0;7
2;42399.0;Caesar;Paris;SEASHELLS;12213.0;7
2;42401.0;Paris;Caesar;SEASHELLS;12209.0;4
2;42404.0;Paris;Caesar;SEASHELLS;12208.0;6
2;42417.0;Caesar;Paris;SEASHELLS;12199.0;3
2;42419.0;Paris;Caesar;SEASHELLS;12195.0;3
2;42432.0;Paris;Caesar;SEASHELLS;12195.0;8
2;42439.0;Caesar;Paris;SEASHELLS;12190.0;8
2;42445.0;Caesar;Camilla;SEASHELLS;12189.0;8
2;42448.0;Paris;Caesar;SEASHELLS;12194.0;7
2;42473.0;Paris;Caesar;SEASHELLS;12179.0;5
2;42488.0;Caesar;Camilla;SEASHELLS;12182.0;10
2;42503.0;Caesar;Paris;SEASHELLS;12190.0;7
2;42528.0;Caesar;Paris;SEASHELLS;12204.0;4
2;42534.0;Paris;Caesar;SEASHELLS;12218.0;4
2;42537.0;Caesar;Camilla;SEASHELLS;12214.0;9
2;42539.0;Caesar;Paris;SEASHELLS;12210.0;7
2;42543.0;Paris;Caesar;SEASHELLS;12210.0;3
2;42552.0;Paris;Caesar;SEASHELLS;12217.0;8
2;42554.0;Paris;Caesar;SEASHELLS;12220.0;8
2;42563.0;Paris;Caesar;SEASHELLS;12220.0;7
2;42570.0;Caesar;Paris;SEASHELLS;12228.0;6
2;42583.0;Paris;Caesar;SEASHELLS;12221.0;6
2;42610.0;Caesar;Paris;SEASHELLS;12211.0;6
2;42622.0;Caesar;Paris;SEASHELLS;12208.0;3
2;42644.0;Paris;Caesar;SEASHELLS;12206.0;5
2;42651.0;Paris;Caesar;SEASHELLS;12209.0;6
2;42652.0;Caesar;Paris;SEASHELLS;12209.0;8
2;42654.0;Caesar;Paris;SEASHELLS;12214.0;6
2;42669.0;Caesar;Paris;SEASHELLS;12192.0;6
2;42678.0;Caesar;Paris;SEASHELLS;12188.0;3
2;42688.0;Caesar;Paris;SEASHELLS;12180.0;7
2;42696.0;Paris;Caesar;SEASHELLS;12184.0;7
2;42699.0;Caesar;Camilla;SEASHELLS;12182.0;6
2;42708.0;Paris;Caesar;SEASHELLS;12175.0;8
2;42714.0;Caesar;Paris;SEASHELLS;12164.0;4
2;42716.0;Caesar;Paris;SEASHELLS;12160.0;4
2;42717.0;Caesar;Paris;SEASHELLS;12159.0;7
2;42722.0;Paris;Caesar;SEASHELLS;12157.0;5
2;42740.0;Caesar;Paris;SEASHELLS;12154.0;4
2;42743.0;Caesar;Paris;SEASHELLS;12153.0;7
2;42752.0;Paris;Caesar;SEASHELLS;12144.0;3
2;42759.0;Caesar;Camilla;SEASHELLS;12144.0;8
2;42763.0;Caesar;Camilla;SEASHELLS;12152.0;4
2;42776.0;Caesar;Camilla;SEASHELLS;12162.0;5
2;42778.0;Caesar;Paris;SEASHELLS;12163.0;5
2;42783.0;Caesar;Camilla;SEASHELLS;12162.0;6
2;42789.0;Caesar;Paris;SEASHELLS;12160.0;3
2;42795.0;Caesar;Paris;SEASHELLS;12160.0;3
2;42826.0;Caesar;Paris;SEASHELLS;12160.0;3
2;42828.0;Caesar;Paris;SEASHELLS;12157.0;6
2;42833.0;Paris;Caesar;SEASHELLS;12160.0;8
2;42845.0;Paris;Caesar;SEASHELLS;12147.0;5
2;42855.0;Caesar;Paris;SEASHELLS;12136.0;3
2;42870.0;Paris;Caesar;SEASHELLS;12140.0;5
2;42877.0;Paris;Caesar;SEASHELLS;12146.0;5
2;42880.0;Paris;Caesar;SEASHELLS;12147.0;4
2;42895.0;Paris;Caesar;SEASHELLS;12139.0;6
2;42896.0;Paris;Caesar;SEASHELLS;12142.0;8
2;42921.0;Paris;Caesar;SEASHELLS;12124.0;6
2;42924.0;Paris;Caesar;SEASHELLS;12121.0;5
2;42928.0;Caesar;Camilla;SEASHELLS;12124.0;9
2;42931.0;Caesar;Paris;SEASHELLS;12121.0;4
2;42936.0;Caesar;Paris;SEASHELLS;12124.0;5
2;42937.0;Caesar;Paris;SEASHELLS;12125.0;3
2;42945.0;Caesar;Camilla;SEASHELLS;12121.0;7
2;42953.0;Caesar;Paris;SEASHELLS;12113.0;4
2;42960.0;Caesar;Paris;SEASHELLS;12108.0;8
2;42975.0;Paris;Caesar;SEASHELLS;12104.0;3
2;42996.0;Caesar;Paris;SEASHELLS;12111.0;6
2;42998.0;Paris;Caesar;SEASHELLS;12113.0;4
2;42998.0;Caesar;Camilla;SEASHELLS;12112.0;8
2;43009.0;Caesar;Paris;SEASHELLS;12107.0;3
2;43014.0;Caesar;Camilla;SEASHELLS;12096.0;6
2;43022.0;Caesar;Paris;SEASHELLS;12097.0;4
2;43031.0;Paris;Caesar;SEASHELLS;12104.0;7
2;43035.0;Caesar;Paris;SEASHELLS;12102.0;8
2;43037.0;Caesar;Camilla;SEASHELLS;12106.0;8
2;43061.0;Paris;Caesar;SEASHELLS;12110.0;4
2;43064.0;Paris;Caesar;SEASHELLS;12111.0;4
2;43065.0;Paris;Caesar;SEASHELLS;12112.0;3
2;43086.0;Caesar;Paris;SEASHELLS;12097.0;4
2;43088.0;Paris;Caesar;SEASHELLS;12102.0;5
2;43095.0;Paris;Caesar;SEASHELLS;12102.0;7
2;43115.0;Paris;Caesar;SEASHELLS;12096.0;8
2;43117.0;Paris;Caesar;SEASHELLS;12098.0;6
2;43137.0;Paris;Caesar;SEASHELLS;12115.0;7
2;43143.0;Caesar;Paris;SEASHELLS;12127.0;7
2;43148.0;Paris;Caesar;SEASHELLS;12123.0;8
2;43156.0;Caesar;Paris;SEASHELLS;12122.0;4
2;43174.0;Caesar;Paris;SEASHELLS;12125.0;3
2;43200.0;Caesar;Camilla;SEASHELLS;12131.0;4
2;43205.0;Caesar;Paris;SEASHELLS;12132.0;6
2;43226.0;Paris;Caesar;SEASHELLS;12130.0;3
2;43227.0;Caesar;Paris;SEASHELLS;12130.0;3
2;43253.0;Paris;Caesar;SEASHELLS;12133.0;4
2;43301.0;Caesar;Paris;SEASHELLS;12141.0;6
2;43303.0;Caesar;Camilla;SEASHELLS;12139.0;9
2;43310.0;Caesar;Camilla;SEASHELLS;12136.0;10
2;43318.0;Caesar;Paris;SEASHELLS;12139.0;6
2;43344.0;Paris;Caesar;SEASHELLS;12141.0;8
2;43363.0;Caesar;Paris;SEASHELLS;12136.0;8
2;43367.0;Caesar;Paris;SEASHELLS;12138.0;7
2;43375.0;Paris;Caesar;SEASHELLS;12123.0;4
2;43418.0;Paris;Caesar;SEASHELLS;12114.0;4
2;43432.0;Caesar;Camilla;SEASHELLS;12101.0;9
2;43464.0;Caesar;Paris;SEASHELLS;12108.0;7
2;43467.0;Caesar;Paris;SEASHELLS;12107.0;8
2;43472.0;Caesar;Camilla;SEASHELLS;12110.0;9
2;43479.0;Caesar;Paris;SEASHELLS;12121.0;4
2;43512.0;Paris;Caesar;SEASHELLS;12116.0;3
2;43514.0;Caesar;Paris;SEASHELLS;12115.0;4
2;43521.0;Paris;Caesar;SEASHELLS;12118.0;3
2;43524.0;Caesar;Camilla;SEASHELLS;12114.0;9
2;43524.0;Caesar;Paris;SEASHELLS;12114.0;5
2;43525.0;Paris;Caesar;SEASHELLS;12114.0;3
2;43537.0;Caesar;Camilla;SEASHELLS;12109.0;9
2;43538.0;Paris;Caesar;SEASHELLS;12108.0;5
2;43553.0;Paris;Caesar;SEASHELLS;12115.0;4
2;43596.0;Caesar;Paris;SEASHELLS;12127.0;8
2;43607.0;Caesar;Paris;SEASHELLS;12135.0;6
2;43614.0;Paris;Caesar;SEASHELLS;12133.0;7
2;43623.0;Paris;Caesar;SEASHELLS;12127.0;5
2;43624.0;Caesar;Paris;SEASHELLS;12128.0;6
2;43632.0;Caesar;Paris;SEASHELLS;12123.0;3
2;43639.0;Paris;Caesar;SEASHELLS;12123.0;7
2;43644.0;Caesar;Camilla;SEASHELLS;12124.0;7
2;43646.0;Caesar;Camilla;SEASHELLS;12132.0;6
2;43667.0;Paris;Caesar;SEASHELLS;12147.0;7
2;43672.0;Paris;Caesar;SEASHELLS;12156.0;4
2;43694.0;Caesar;Camilla;SEASHELLS;12162.0;7
2;43709.0;Paris;Caesar;SEASHELLS;12176.0;6
2;43764.0;Paris;Caesar;SEASHELLS;12188.0;8
2;43766.0;Paris;Caesar;SEASHELLS;12194.0;4
2;43773.0;Caesar;Paris;SEASHELLS;12205.0;6
2;43782.0;Caesar;Paris;SEASHELLS;12197.0;7
2;43789.0;Caesar;Paris;SEASHELLS;12206.0;3
2;43805.0;Caesar;Paris;SEASHELLS;12206.0;8
2;43817.0;Caesar;Paris;SEASHELLS;12212.0;8
2;43824.0;Paris;Camilla;SEASHELLS;12208.0;5
2;43844.0;Paris;Caesar;SEASHELLS;12215.0;7
2;43865.0;Paris;Caesar;SEASHELLS;12218.0;3
2;43896.0;Paris;Caesar;SEASHELLS;12209.0;7
2;43905.0;Paris;Caesar;SEASHELLS;12204.0;4
2;43907.0;Caesar;Paris;SEASHELLS;12208.0;5
2;43913.0;Caesar;Paris;SEASHELLS;12209.0;7
2;43918.0;Caesar;Paris;SEASHELLS;12212.0;6
2;43930.0;Paris;Caesar;SEASHELLS;12212.0;7
2;43931.0;Caesar;Paris;SEASHELLS;12212.0;7
2;43934.0;Caesar;Paris;SEASHELLS;12217.0;6
2;43935.0;Caesar;Camilla;SEASHELLS;12218.0;7
2;43938.0;Caesar;Camilla;SEASHELLS;12219.0;7
2;43956.0;Paris;Caesar;SEASHELLS;12210.0;3
2;43963.0;Paris;Caesar;SEASHELLS;12194.0;4
2;43967.0;Caesar;Paris;SEASHELLS;12193.0;6
2;43968.0;Paris;Caesar;SEASHELLS;12193.0;5
2;43980.0;Caesar;Camilla;SEASHELLS;12190.0;9
2;43997.0;Caesar;Paris;SEASHELLS;12186.0;5
2;44015.0;Paris;Caesar;SEASHELLS;12195.0;6
2;44019.0;Paris;Caesar;SEASHELLS;12192.0;6
2;44021.0;Caesar;Paris;SEASHELLS;12188.0;6
2;44026.0;Caesar;Camilla;SEASHELLS;12193.0;5
2;44033.0;Caesar;Camilla;SEASHELLS;12196.0;6
2;44038.0;Paris;Caesar;SEASHELLS;12197.0;8
2;44047.0;Caesar;Camilla;SEASHELLS;12189.0;4
2;44051.0;Paris;Caesar;SEASHELLS;12190.0;6
2;44077.0;Caesar;Camilla;SEASHELLS;12200.0;6
2;44078.0;Paris;Caesar;SEASHELLS;12201.0;6
2;44081.0;Paris;Caesar;SEASHELLS;12203.0;7
2;44106.0;Caesar;Paris;SEASHELLS;12208.0;4
2;44108.0;Caesar;Paris;SEASHELLS;12208.0;3
2;44135.0;Paris;Caesar;SEASHELLS;12216.0;3
2;44148.0;Paris;Caesar;SEASHELLS;12216.0;4
2;44167.0;Caesar;Camilla;SEASHELLS;12222.0;6
2;44193.0;Caesar;Paris;SEASHELLS;12208.0;8
2;44201.0;Caesar;Paris;SEASHELLS;12208.0;8
2;44207.0;Caesar;Camilla;SEASHELLS;12204.0;7
2;44208.0;Caesar;Camilla;SEASHELLS;12207.0;10
2;44209.0;Caesar;Paris;SEASHELLS;12208.0;7
2;44272.0;Caesar;Paris;SEASHELLS;12195.0;8
2;44273.0;Paris;Caesar;SEASHELLS;12196.0;6
2;44283.0;Paris;Caesar;SEASHELLS;12197.0;7
2;44291.0;Caesar;Paris;SEASHELLS;12202.0;6
2;44301.0;Paris;Caesar;SEASHELLS;12204.0;6
2;44320.0;Caesar;Camilla;SEASHELLS;12198.0;9
2;44327.0;Caesar;Paris;SEASHELLS;12200.0;6
2;44330.0;Caesar;Paris;SEASHELLS;12198.0;4
2;44331.0;Caesar;Paris;SEASHELLS;12197.0;6
2;44337.0;Caesar;Camilla;SEASHELLS;12215.0;8
2;44349.0;Caesar;Paris;SEASHELLS;12216.0;5
2;44350.0;Paris;Caesar;SEASHELLS;12222.0;8
2;44354.0;Paris;Caesar;SEASHELLS;12225.0;4
2;44368.0;Caesar;Camilla;SEASHELLS;12233.0;10
2;44385.0;Caesar;Camilla;SEASHELLS;12233.0;8
2;44388.0;Paris;Caesar;SEASHELLS;12238.0;4
2;44395.0;Paris;Caesar;SEASHELLS;12250.0;6
2;44399.0;Caesar;Paris;SEASHELLS;12243.0;7
2;44440.0;Caesar;Camilla;SEASHELLS;12231.0;8
2;44474.0;Caesar;Camilla;SEASHELLS;12238.0;5
2;44486.0;Caesar;Camilla;SEASHELLS;12237.0;4
2;44493.0;Caesar;Camilla;SEASHELLS;12239.0;4
2;44498.0;Caesar;Paris;SEASHELLS;12239.0;6
2;44507.0;Paris;Caesar;SEASHELLS;12243.0;7
2;44512.0;Caesar;Paris;SEASHELLS;12240.0;3
2;44530.0;Paris;Caesar;SEASHELLS;12230.0;8
2;44531.0;Caesar;Camilla;SEASHELLS;12230.0;7
2;44536.0;Paris;Caesar;SEASHELLS;12229.0;8
2;44564.0;Paris;Caesar;SEASHELLS;12220.0;3
2;44570.0;Caesar;Paris;SEASHELLS;12215.0;6
2;44576.0;Paris;Caesar;SEASHELLS;12218.0;5
2;44581.0;Paris;Caesar;SEASHELLS;12218.0;4
2;44599.0;Paris;Caesar;SEASHELLS;12220.0;7
2;44606.0;Paris;Caesar;SEASHELLS;12212.0;8
2;44609.0;Caesar;Paris;SEASHELLS;12212.0;4
2;44613.0;Caesar;Paris;SEASHELLS;12215.0;6
2;44653.0;Caesar;Paris;SEASHELLS;12217.0;6
2;44676.0;Caesar;Paris;SEASHELLS;12222.0;8
2;44680.0;Paris;Caesar;SEASHELLS;12227.0;5
2;44690.0;Caesar;Camilla;SEASHELLS;12235.0;8
2;44695.0;Paris;Caesar;SEASHELLS;12228.0;8
2;44697.0;Caesar;Paris;SEASHELLS;12225.0;5
2;44706.0;Paris;Caesar;SEASHELLS;12230.0;5
2;44712.0;Paris;Caesar;SEASHELLS;12232.0;8
2;44731.0;Paris;Caesar;SEASHELLS;12237.0;8
2;44733.0;Paris;Caesar;SEASHELLS;12237.0;7
2;44737.0;Caesar;Camilla;SEASHELLS;12235.0;5
2;44755.0;Paris;Caesar;SEASHELLS;12233.0;6
2;44757.0;Caesar;Paris;SEASHELLS;12236.0;4
2;44762.0;Caesar;Paris;SEASHELLS;12235.0;5
2;44763.0;Caesar;Camilla;SEASHELLS;12238.0;9
2;44768.0;Caesar;Camilla;SEASHELLS;12251.0;5
2;44770.0;Paris;Caesar;SEASHELLS;12255.0;4
2;44772.0;Paris;Caesar;SEASHELLS;12254.0;3
2;44787.0;Paris;Caesar;SEASHELLS;12257.0;3
2;44793.0;Paris;Caesar;SEASHELLS;12269.0;8
2;44822.0;Paris;Caesar;SEASHELLS;12272.0;6
2;44826.0;Caesar;Camilla;SEASHELLS;12271.0;5
2;44828.0;Paris;Caesar;SEASHELLS;12271.0;7
2;44841.0;Caesar;Paris;SEASHELLS;12264.0;5
2;44874.0;Caesar;Paris;SEASHELLS;12265.0;3
2;44915.0;Caesar;Paris;SEASHELLS;12285.0;8
2;44916.0;Caesar;Paris;SEASHELLS;12283.0;4
2;44925.0;Caesar;Paris;SEASHELLS;12289.0;6
2;44963.0;Caesar;Paris;SEASHELLS;12283.0;7
2;44973.0;Paris;Caesar;SEASHELLS;12278.0;3
2;44985.0;Caesar;Paris;SEASHELLS;12275.0;8
2;44991.0;Paris;Caesar;SEASHELLS;12268.0;5
2;45008.0;Caesar;Paris;SEASHELLS;12275.0;6
2;45010.0;Caesar;Paris;SEASHELLS;12275.0;6
2;45011.0;Caesar;Camilla;SEASHELLS;12273.0;4
2;45015.0;Caesar;Paris;SEASHELLS;12270.0;3
2;45016.0;Paris;Caesar;SEASHELLS;12275.0;5
2;45067.0;Caesar;Camilla;SEASHELLS;12272.0;10
2;45078.0;Caesar;Camilla;SEASHELLS;12267.0;10
2;45089.0;Caesar;Paris;SEASHELLS;12263.0;6
2;45095.0;Paris;Caesar;SEASHELLS;12256.0;8
2;45105.0;Caesar;Paris;SEASHELLS;12253.0;8
2;45113.0;Paris;Caesar;SEASHELLS;12251.0;6
2;45120.0;Paris;Caesar;SEASHELLS;12252.0;7
2;45124.0;Caesar;Camilla;SEASHELLS;12251.0;10
2;45125.0;Caesar;Paris;SEASHELLS;12250.0;7
2;45129.0;Caesar;Paris;SEASHELLS;12259.0;7
2;45136.0;Caesar;Paris;SEASHELLS;12260.0;3
2;45141.0;Paris;Caesar;SEASHELLS;12262.0;3
2;45143.0;Paris;Caesar;SEASHELLS;12266.0;6
2;45155.0;Caesar;Paris;SEASHELLS;12257.0;7
2;45159.0;Caesar;Paris;SEASHELLS;12263.0;6
2;45163.0;Caesar;Paris;SEASHELLS;12265.0;5
2;45165.0;Paris;Caesar;SEASHELLS;12265.0;7
2;45170.0;Paris;Caesar;SEASHELLS;12261.0;5
2;45189.0;Caesar;Paris;SEASHELLS;12245.0;8
2;45208.0;Paris;Caesar;SEASHELLS;12238.0;4
2;45219.0;Caesar;Paris;SEASHELLS;12227.0;5
2;45232.0;Paris;Caesar;SEASHELLS;12232.0;7
2;45265.0;Caesar;Paris;SEASHELLS;12253.0;4
2;45268.0;Caesar;Paris;SEASHELLS;12249.0;6
2;45269.0;Caesar;Camilla;SEASHELLS;12249.0;6
2;45276.0;Caesar;Paris;SEASHELLS;12244.0;5
2;45300.0;Caesar;Paris;SEASHELLS;12254.0;8
2;45308.0;Caesar;Camilla;SEASHELLS;12256.0;5
2;45315.0;Paris;Caesar;SEASHELLS;12265.0;3
2;45341.0;Paris;Caesar;SEASHELLS;12282.0;7
2;45354.0;Caesar;Paris;SEASHELLS;12269.0;5
2;45366.0;Caesar;Paris;SEASHELLS;12271.0;5
2;45394.0;Paris;Caesar;SEASHELLS;12286.0;7
2;45396.0;Paris;Caesar;SEASHELLS;12288.0;4
2;45396.0;Caesar;Camilla;SEASHELLS;12287.0;4
2;45404.0;Caesar;Paris;SEASHELLS;12297.0;7
2;45418.0;Caesar;Camilla;SEASHELLS;12314.0;4
2;45470.0;Caesar;Paris;SEASHELLS;12304.0;8
2;45472.0;Caesar;Camilla;SEASHELLS;12300.0;5
2;45487.0;Paris;Caesar;SEASHELLS;12301.0;6
2;45497.0;Paris;Caesar;SEASHELLS;12287.0;7
2;45516.0;Paris;Caesar;SEASHELLS;12277.0;3
2;45519.0;Paris;Caesar;SEASHELLS;12275.0;6
2;45596.0;Caesar;Paris;SEASHELLS;12278.0;6
2;45609.0;Caesar;Paris;SEASHELLS;12285.0;8
2;45612.0;Paris;Caesar;SEASHELLS;12280.0;6
2;45623.0;Caesar;Paris;SEASHELLS;12285.0;6
2;45633.0;Caesar;Paris;SEASHELLS;12296.0;4
2;45637.0;Caesar;Paris;SEASHELLS;12291.0;4
2;45640.0;Caesar;Camilla;SEASHELLS;12290.0;5
2;45650.0;Paris;Caesar;SEASHELLS;12297.0;7
2;45652.0;Paris;Caesar;SEASHELLS;12300.0;6
2;45657.0;Paris;Caesar;SEASHELLS;12305.0;3
2;45670.0;Caesar;Camilla;SEASHELLS;12309.0;10
2;45687.0;Paris;Caesar;SEASHELLS;12319.0;3
2;45708.0;Paris;Caesar;SEASHELLS;12313.0;5
2;45709.0;Paris;Caesar;SEASHELLS;12316.0;5
2;45711.0;Caesar;Paris;SEASHELLS;12320.0;8
2;45725.0;Paris;Caesar;SEASHELLS;12322.0;8
2;45737.0;Caesar;Paris;SEASHELLS;12317.0;3
2;45761.0;Caesar;Camilla;SEASHELLS;12322.0;5
2;45770.0;Paris;Caesar;SEASHELLS;12325.0;3
2;45787.0;Caesar;Paris;SEASHELLS;12321.0;4
2;45802.0;Paris;Caesar;SEASHELLS;12338.0;3
2;45803.0;Caesar;Camilla;SEASHELLS;12335.0;10
2;45815.0;Caesar;Camilla;SEASHELLS;12325.0;6
2;45821.0;Caesar;Paris;SEASHELLS;12327.0;6
2;45831.0;Caesar;Camilla;SEASHELLS;12331.0;4
2;45872.0;Caesar;Camilla;SEASHELLS;12320.0;6
2;45875.0;Caesar;Paris;SEASHELLS;12317.0;4
2;45886.0;Caesar;Camilla;SEASHELLS;12314.0;6
2;45887.0;Caesar;Paris;SEASHELLS;12312.0;8
2;45895.0;Caesar;Paris;SEASHELLS;12310.0;7
2;45900.0;Paris;Caesar;SEASHELLS;12309.0;5
2;45901.0;Caesar;Camilla;SEASHELLS;12307.0;8
2;45909.0;Caesar;Paris;SEASHELLS;12303.0;6
2;45915.0;Paris;Caesar;SEASHELLS;12317.0;3
2;45917.0;Caesar;Paris;SEASHELLS;12312.0;8
2;45923.0;Paris;Caesar;SEASHELLS;12316.0;8
2;45936.0;Caesar;Paris;SEASHELLS;12307.0;5
2;45943.0;Caesar;Paris;SEASHELLS;12313.0;8
2;45955.0;Caesar;Paris;SEASHELLS;12303.0;8
2;45977.0;Paris;Caesar;SEASHELLS;12307.0;8
2;45981.0;Paris;Caesar;SEASHELLS;12305.0;4
2;46023.0;Paris;Caesar;SEASHELLS;12310.0;8
2;46024.0;Caesar;Paris;SEASHELLS;12308.0;4
2;46027.0;Caesar;Camilla;SEASHELLS;12312.0;10
2;46036.0;Paris;Caesar;SEASHELLS;12322.0;8
2;46046.0;Paris;Caesar;SEASHELLS;12305.0;8
2;46059.0;Caesar;Paris;SEASHELLS;12310.0;7
2;46063.0;Paris;Caesar;SEASHELLS;12315.0;6
2;46064.0;Caesar;Paris;SEASHELLS;12310.0;3
2;46066.0;Caesar;Paris;SEASHELLS;12309.0;5
2;46070.0;Caesar;Paris;SEASHELLS;12311.0;3
2;46087.0;Paris;Caesar;SEASHELLS;12317.0;5
2;46088.0;Caesar;Paris;SEASHELLS;12316.0;7
2;46090.0;Caesar;Paris;SEASHELLS;12312.0;7
2;46100.0;Caesar;Paris;SEASHELLS;12316.0;3
2;46103.0;Paris;Caesar;SEASHELLS;12316.0;6
2;46121.0;Caesar;Paris;SEASHELLS;12291.0;3
2;46165.0;Paris;Caesar;SEASHELLS;12290.0;3
2;46181.0;Caesar;Paris;SEASHELLS;12285.0;4
2;46187.0;Caesar;Paris;SEASHELLS;12280.0;6
2;46201.0;Caesar;Paris;SEASHELLS;12280.0;3
2;46213.0;Paris;Caesar;SEASHELLS;12274.0;7
2;46219.0;Caesar;Paris;SEASHELLS;12277.0;5
2;46261.0;Caesar;Paris;SEASHELLS;12259.0;5
2;46280.0;Caesar;Camilla;SEASHELLS;12258.0;7
2;46291.0;Paris;Caesar;SEASHELLS;12259.0;8
2;46299.0;Caesar;Camilla;SEASHELLS;12260.0;10
2;46326.0;Paris;Caesar;SEASHELLS;12251.0;4
2;46343.0;Caesar;Paris;SEASHELLS;12244.0;4
2;46354.0;Paris;Caesar;SEASHELLS;12246.0;7
2;46363.0;Caesar;Paris;SEASHELLS;12246.0;3
2;46367.0;Caesar;Paris;SEASHELLS;12249.0;7
2;46377.0;Caesar;Paris;SEASHELLS;12251.0;8
2;46384.0;Paris;Caesar;SEASHELLS;12249.0;3
2;46385.0;Paris;Caesar;SEASHELLS;12250.0;6
2;46392.0;Paris;Caesar;SEASHELLS;12248.0;5
2;46406.0;Caesar;Paris;SEASHELLS;12242.0;8
2;46418.0;Caesar;Camilla;SEASHELLS;12237.0;10
2;46420.0;Paris;Caesar;SEASHELLS;12240.0;4
2;46432.0;Caesar;Paris;SEASHELLS;12246.0;5
2;46435.0;Caesar;Paris;SEASHELLS;12243.0;6
2;46471.0;Paris;Caesar;SEASHELLS;12269.0;3
2;46472.0;Paris;Caesar;SEASHELLS;12264.0;3
2;46480.0;Caesar;Camilla;SEASHELLS;12244.0;6
2;46502.0;Caesar;Paris;SEASHELLS;12225.0;4
2;46526.0;Caesar;Paris;SEASHELLS;12228.0;8
2;46529.0;Paris;Caesar;SEASHELLS;12234.0;4
2;46539.0;Paris;Caesar;SEASHELLS;12235.0;6
2;46571.0;Paris;Caesar;SEASHELLS;12245.0;5
2;46573.0;Caesar;Paris;SEASHELLS;12251.0;7
2;46582.0;Caesar;Camilla;SEASHELLS;12249.0;10
2;46594.0;Paris;Caesar;SEASHELLS;12254.0;5
2;46595.0;Paris;Caesar;SEASHELLS;12256.0;5
2;46598.0;Paris;Caesar;SEASHELLS;12260.0;5
2;46638.0;Paris;Caesar;SEASHELLS;12264.0;3
2;46665.0;Caesar;Camilla;SEASHELLS;12280.0;10
2;46669.0;Paris;Caesar;SEASHELLS;12285.0;6
2;46673.0;Caesar;Paris;SEASHELLS;12283.0;5
2;46686.0;Caesar;Paris;SEASHELLS;12274.0;6
2;46695.0;Caesar;Paris;SEASHELLS;12284.0;4
2;46703.0;Caesar;Paris;SEASHELLS;12289.0;5
2;46705.0;Paris;Caesar;SEASHELLS;12293.0;5
2;46713.0;Caesar;Paris;SEASHELLS;12286.0;8
2;46714.0;Paris;Caesar;SEASHELLS;12292.0;7
2;46716.0;Caesar;Paris;SEASHELLS;12289.0;4
2;46723.0;Caesar;Paris;SEASHELLS;12284.0;6
2;46725.0;Paris;Caesar;SEASHELLS;12294.0;8
2;46734.0;Caesar;Paris;SEASHELLS;12283.0;5
2;46742.0;Caesar;Paris;SEASHELLS;12267.0;3
2;46758.0;Paris;Caesar;SEASHELLS;12267.0;3
2;46761.0;Caesar;Paris;SEASHELLS;12272.0;6
2;46767.0;Caesar;Camilla;SEASHELLS;12272.0;5
2;46772.0;Paris;Caesar;SEASHELLS;12273.0;4
2;46783.0;Caesar;Paris;SEASHELLS;12266.0;8
2;46787.0;Caesar;Paris;SEASHELLS;12272.0;8
2;46789.0;Caesar;Camilla;SEASHELLS;12273.0;5
2;46800.0;Caesar;Paris;SEASHELLS;12282.0;4
2;46806.0;Paris;Caesar;SEASHELLS;12287.0;3
2;46820.0;Paris;Caesar;SEASHELLS;12281.0;7
2;46820.0;Caesar;Camilla;SEASHELLS;12280.0;7
2;46830.0;Caesar;Paris;SEASHELLS;12271.0;7
2;46839.0;Caesar;Paris;SEASHELLS;12272.0;7
2;46877.0;Caesar;Paris;SEASHELLS;12290.0;3
2;46882.0;Caesar;Camilla;SEASHELLS;12288.0;9
2;46903.0;Caesar;Paris;SEASHELLS;12297.0;7
2;46904.0;Caesar;Camilla;SEASHELLS;12298.0;10
2;46906.0;Caesar;Paris;SEASHELLS;12297.0;3
2;46917.0;Caesar;Paris;SEASHELLS;12292.0;6
2;46932.0;Caesar;Camilla;SEASHELLS;12295.0;8
2;46947.0;Caesar;Paris;SEASHELLS;12285.0;8
2;46948.0;Paris;Caesar;SEASHELLS;12292.0;7
2;46955.0;Caesar;Paris;SEASHELLS;12289.0;5
2;46958.0;Caesar;Paris;SEASHELLS;12288.0;4
2;46972.0;Paris;Caesar;SEASHELLS;12292.0;4
2;46981.0;Camilla;Paris;SEASHELLS;12292.0;6
2;46995.0;Caesar;Camilla;SEASHELLS;12292.0;4
2;46995.0;Caesar;Paris;SEASHELLS;12292.0;6
2;46997.0;Caesar;Paris;SEASHELLS;12293.0;3
2;46999.0;Paris;Caesar;SEASHELLS;12294.0;7
2;47017.0;Caesar;Camilla;SEASHELLS;12287.0;8
2;47035.0;Caesar;Camilla;SEASHELLS;12282.0;10
2;47062.0;Paris;Caesar;SEASHELLS;12264.0;4
2;47064.0;Caesar;Camilla;SEASHELLS;12262.0;4
2;47069.0;Caesar;Paris;SEASHELLS;12267.0;3
2;47080.0;Paris;Caesar;SEASHELLS;12276.0;3
2;47091.0;Paris;Caesar;SEASHELLS;12292.0;7
2;47095.0;Paris;Caesar;SEASHELLS;12289.0;7
2;47098.0;Caesar;Paris;SEASHELLS;12287.0;8
2;47100.0;Caesar;Camilla;SEASHELLS;12291.0;7
2;47114.0;Paris;Caesar;SEASHELLS;12284.0;7
2;47122.0;Paris;Caesar;SEASHELLS;12289.0;8
2;47124.0;Caesar;Paris;SEASHELLS;12288.0;6
2;47158.0;Caesar;Paris;SEASHELLS;12287.0;7
2;47168.0;Paris;Caesar;SEASHELLS;12291.0;4
2;47172.0;Caesar;Paris;SEASHELLS;12287.0;5
2;47174.0;Paris;Caesar;SEASHELLS;12291.0;6
2;47179.0;Paris;Caesar;SEASHELLS;12285.0;6
2;47186.0;Paris;Caesar;SEASHELLS;12296.0;4
2;47188.0;Paris;Caesar;SEASHELLS;12293.0;4
2;47200.0;Caesar;Paris;SEASHELLS;12288.0;5
2;47207.0;Caesar;Paris;SEASHELLS;12296.0;5
2;47208.0;Paris;Caesar;SEASHELLS;12297.0;7
2;47210.0;Caesar;Camilla;SEASHELLS;12297.0;5
2;47241.0;Caesar;Camilla;SEASHELLS;12304.0;10
2;47248.0;Paris;Caesar;SEASHELLS;12310.0;6
2;47265.0;Caesar;Camilla;SEASHELLS;12296.0;5
2;47265.0;Paris;Caesar;SEASHELLS;12297.0;5
2;47270.0;Paris;Caesar;SEASHELLS;12301.0;5
2;47283.0;Caesar;Paris;SEASHELLS;12309.0;8
2;47293.0;Paris;Caesar;SEASHELLS;12314.0;3
2;47295.0;Paris;Caesar;SEASHELLS;12314.0;6
2;47325.0;Caesar;Camilla;SEASHELLS;12321.0;5
2;47331.0;Paris;Caesar;SEASHELLS;12327.0;5
2;47332.0;Caesar;Paris;SEASHELLS;12327.0;3
2;47338.0;Paris;Caesar;SEASHELLS;12330.0;8
2;47344.0;Paris;Caesar;SEASHELLS;12332.0;6
2;47379.0;Caesar;Paris;SEASHELLS;12350.0;7
2;47380.0;Paris;Caesar;SEASHELLS;12349.0;7
2;47388.0;Paris;Caesar;SEASHELLS;12344.0;4
2;47393.0;Caesar;Paris;SEASHELLS;12336.0;8
2;47403.0;Caesar;Paris;SEASHELLS;12323.0;3
2;47405.0;Caesar;Paris;SEASHELLS;12318.0;7
2;47408.0;Caesar;Paris;SEASHELLS;12313.0;8
2;47418.0;Paris;Caesar;SEASHELLS;12317.0;4
2;47421.0;Paris;Caesar;SEASHELLS;12319.0;7
2;47436.0;Caesar;Paris;SEASHELLS;12315.0;4
2;47456.0;Caesar;Paris;SEASHELLS;12310.0;8
2;47462.0;Caesar;Paris;SEASHELLS;12305.0;3
2;47478.0;Caesar;Paris;SEASHELLS;12305.0;3
2;47482.0;Paris;Caesar;SEASHELLS;12308.0;7
2;47503.0;Caesar;Camilla;SEASHELLS;12323.0;9
2;47534.0;Caesar;Paris;SEASHELLS;12330.0;7
2;47548.0;Caesar;Camilla;SEASHELLS;12329.0;6
2;47575.0;Caesar;Paris;SEASHELLS;12329.0;4
2;47633.0;Caesar;Paris;SEASHELLS;12349.0;8
2;47674.0;Caesar;Paris;SEASHELLS;12377.0;6
2;47677.0;Paris;Caesar;SEASHELLS;12376.0;6
2;47690.0;Paris;Caesar;SEASHELLS;12390.0;5
2;47693.0;Paris;Caesar;SEASHELLS;12388.0;4
2;47703.0;Caesar;Paris;SEASHELLS;12396.0;3
2;47722.0;Paris;Caesar;SEASHELLS;12411.0;3
2;47724.0;Paris;Caesar;SEASHELLS;12406.0;8
2;47730.0;Caesar;Paris;SEASHELLS;12408.0;8
2;47761.0;Caesar;Paris;SEASHELLS;12431.0;6
2;47767.0;Paris;Caesar;SEASHELLS;12431.0;7
2;47768.0;Caesar;Paris;SEASHELLS;12427.0;8
2;47771.0;Caesar;Camilla;SEASHELLS;12428.0;9
2;47772.0;Paris;Caesar;SEASHELLS;12428.0;4
2;47776.0;Caesar;Camilla;SEASHELLS;12421.0;5
2;47785.0;Paris;Caesar;SEASHELLS;12434.0;4
2;47790.0;Paris;Caesar;SEASHELLS;12435.0;7
2;47823.0;Caesar;Paris;SEASHELLS;12438.0;4
2;47835.0;Caesar;Paris;SEASHELLS;12438.0;4
2;47843.0;Paris;Caesar;SEASHELLS;12446.0;5
2;47844.0;Caesar;Paris;SEASHELLS;12445.0;8
2;47845.0;Caesar;Paris;SEASHELLS;12443.0;4
2;47849.0;Paris;Caesar;SEASHELLS;12443.0;6
2;47857.0;Paris;Caesar;SEASHELLS;12440.0;7
2;47859.0;Caesar;Paris;SEASHELLS;12440.0;3
2;47915.0;Caesar;Paris;SEASHELLS;12446.0;3
2;47932.0;Paris;Caesar;SEASHELLS;12458.0;3
2;47935.0;Paris;Caesar;SEASHELLS;12464.0;4
2;47941.0;Caesar;Camilla;SEASHELLS;12458.0;8
2;47967.0;Caesar;Paris;SEASHELLS;12465.0;7
2;47969.0;Caesar;Camilla;SEASHELLS;12465.0;9
2;47973.0;Caesar;Camilla;SEASHELLS;12459.0;9
2;47990.0;Paris;Caesar;SEASHELLS;12469.0;6
2;48001.0;Caesar;Paris;SEASHELLS;12472.0;4
2;48002.0;Caesar;Paris;SEASHELLS;12473.0;8
2;48005.0;Paris;Caesar;SEASHELLS;12472.0;8
2;48010.0;Caesar;Paris;SEASHELLS;12473.0;6
2;48027.0;Paris;Caesar;SEASHELLS;12489.0;3
2;48031.0;Caesar;Camilla;SEASHELLS;12485.0;9
2;48047.0;Paris;Caesar;SEASHELLS;12495.0;3
2;48049.0;Caesar;Paris;SEASHELLS;12484.0;3
2;48056.0;Paris;Caesar;SEASHELLS;12497.0;5
2;48081.0;Paris;Caesar;SEASHELLS;12490.0;5
2;48086.0;Caesar;Paris;SEASHELLS;12486.0;6
2;48087.0;Caesar;Camilla;SEASHELLS;12479.0;8
2;48097.0;Paris;Caesar;SEASHELLS;12473.0;4
2;48098.0;Paris;Caesar;SEASHELLS;12476.0;6
2;48105.0;Caesar;Camilla;SEASHELLS;12479.0;8
2;48130.0;Paris;Caesar;SEASHELLS;12468.0;5
2;48134.0;Paris;Caesar;SEASHELLS;12474.0;6
2;48139.0;Paris;Caesar;SEASHELLS;12478.0;7
2;48146.0;Caesar;Camilla;SEASHELLS;12475.0;10
2;48153.0;Caesar;Paris;SEASHELLS;12478.0;7
2;48172.0;Caesar;Paris;SEASHELLS;12465.0;8
2;48196.0;Caesar;Camilla;SEASHELLS;12474.0;4
2;48202.0;Paris;Caesar;SEASHELLS;12480.0;6
2;48209.0;Paris;Caesar;SEASHELLS;12483.0;3
2;48214.0;Paris;Caesar;SEASHELLS;12482.0;7
2;48226.0;Caesar;Paris;SEASHELLS;12479.0;5
2;48245.0;Paris;Caesar;SEASHELLS;12467.0;5
2;48256.0;Paris;Caesar;SEASHELLS;12468.0;5
2;48261.0;Paris;Caesar;SEASHELLS;12461.0;3
2;48263.0;Paris;Caesar;SEASHELLS;12460.0;8
2;48269.0;Paris;Caesar;SEASHELLS;12468.0;4
2;48273.0;Paris;Caesar;SEASHELLS;12458.0;6
2;48276.0;Paris;Caesar;SEASHELLS;12456.0;5
2;48279.0;Paris;Caesar;SEASHELLS;12448.0;6
2;48281.0;Caesar;Paris;SEASHELLS;12447.0;6
2;48293.0;Caesar;Paris;SEASHELLS;12449.0;3
2;48295.0;Caesar;Paris;SEASHELLS;12450.0;8
2;48296.0;Caesar;Paris;SEASHELLS;12448.0;3
2;48297.0;Paris;Caesar;SEASHELLS;12446.0;3
2;48325.0;Caesar;Paris;SEASHELLS;12454.0;5
2;48343.0;Paris;Caesar;SEASHELLS;12441.0;3
2;48347.0;Paris;Caesar;SEASHELLS;12441.0;4
2;48353.0;Caesar;Camilla;SEASHELLS;12443.0;5
2;48361.0;Caesar;Camilla;SEASHELLS;12445.0;6
2;48365.0;Paris;Camilla;SEASHELLS;12445.0;5
2;48371.0;Caesar;Paris;SEASHELLS;12441.0;6
2;48398.0;Caesar;Camilla;SEASHELLS;12435.0;6
2;48418.0;Caesar;Paris;SEASHELLS;12445.0;5
2;48429.0;Caesar;Paris;SEASHELLS;12441.0;3
2;48437.0;Caesar;Camilla;SEASHELLS;12447.0;8
2;48438.0;Caesar;Camilla;SEASHELLS;12446.0;7
2;48439.0;Caesar;Paris;SEASHELLS;12448.0;8
2;48447.0;Paris;Caesar;SEASHELLS;12456.0;7
2;48459.0;Paris;Caesar;SEASHELLS;12465.0;5
2;48466.0;Caesar;Paris;SEASHELLS;12460.0;5
2;48476.0;Paris;Caesar;SEASHELLS;12471.0;4
2;48485.0;Caesar;Paris;SEASHELLS;12469.0;8
2;48490.0;Paris;Caesar;SEASHELLS;12465.0;3
2;48492.0;Caesar;Paris;SEASHELLS;12465.0;4
2;48495.0;Paris;Caesar;SEASHELLS;12467.0;8
2;48506.0;Caesar;Paris;SEASHELLS;12467.0;6
2;48514.0;Paris;Caesar;SEASHELLS;12471.0;6
2;48525.0;Paris;Caesar;SEASHELLS;12470.0;8
2;48533.0;Caesar;Paris;SEASHELLS;12466.0;7
2;48562.0;Caesar;Paris;SEASHELLS;12461.0;7
2;48576.0;Paris;Caesar;SEASHELLS;12452.0;6
2;48577.0;Paris;Caesar;SEASHELLS;12451.0;4
2;48579.0;Caesar;Paris;SEASHELLS;12451.0;7
2;48586.0;Caesar;Camilla;SEASHELLS;12439.0;6
2;48588.0;Caesar;Paris;SEASHELLS;12433.0;6
2;48589.0;Caesar;Camilla;SEASHELLS;12431.0;9
2;48592.0;Caesar;Camilla;SEASHELLS;12435.0;10
2;48612.0;Paris;Caesar;SEASHELLS;12446.0;7
2;48633.0;Caesar;Paris;SEASHELLS;12440.0;5
2;48637.0;Paris;Caesar;SEASHELLS;12439.0;6
2;48639.0;Caesar;Paris;SEASHELLS;12433.0;7
2;48667.0;Caesar;Paris;SEASHELLS;12457.0;6
2;48671.0;Paris;Caesar;SEASHELLS;12470.0;4
2;48672.0;Paris;Caesar;SEASHELLS;12470.0;8
2;48727.0;Paris;Caesar;SEASHELLS;12459.0;8
2;48742.0;Paris;Caesar;SEASHELLS;12459.0;7
2;48755.0;Caesar;Paris;SEASHELLS;12471.0;3
2;48756.0;Paris;Caesar;SEASHELLS;12471.0;3
2;48764.0;Caesar;Camilla;SEASHELLS;12479.0;9
2;48771.0;Paris;Caesar;SEASHELLS;12479.0;4
2;48773.0;Caesar;Paris;SEASHELLS;12475.0;6
2;48784.0;Paris;Caesar;SEASHELLS;12469.0;6
2;48787.0;Caesar;Paris;SEASHELLS;12466.0;3
2;48794.0;Caesar;Camilla;SEASHELLS;12468.0;6
2;48799.0;Paris;Caesar;SEASHELLS;12479.0;4
2;48800.0;Caesar;Paris;SEASHELLS;12479.0;6
2;48811.0;Paris;Caesar;SEASHELLS;12486.0;6
2;48813.0;Paris;Caesar;SEASHELLS;12486.0;3
2;48834.0;Caesar;Paris;SEASHELLS;12498.0;4
2;48842.0;Paris;Caesar;SEASHELLS;12505.0;4
2;48850.0;Caesar;Paris;SEASHELLS;12507.0;3
2;48851.0;Caesar;Paris;SEASHELLS;12506.0;8
2;48861.0;Paris;Caesar;SEASHELLS;12514.0;5
2;48864.0;Caesar;Paris;SEASHELLS;12512.0;5
2;48869.0;Paris;Caesar;SEASHELLS;12515.0;4
2;48893.0;Caesar;Camilla;SEASHELLS;12505.0;8
2;48896.0;Paris;Caesar;SEASHELLS;12508.0;6
2;48898.0;Caesar;Camilla;SEASHELLS;12501.0;8
2;48911.0;Caesar;Camilla;SEASHELLS;12511.0;4
2;48925.0;Caesar;Paris;SEASHELLS;12509.0;5
2;48927.0;Paris;Caesar;SEASHELLS;12511.0;4
2;48933.0;Paris;Caesar;SEASHELLS;12511.0;5
2;48934.0;Caesar;Paris;SEASHELLS;12507.0;7
2;48939.0;Paris;Caesar;SEASHELLS;12504.0;8
2;48953.0;Paris;Caesar;SEASHELLS;12505.0;6
2;48956.0;Caesar;Paris;SEASHELLS;12507.0;7
2;48965.0;Paris;Caesar;SEASHELLS;12515.0;4
2;48985.0;Caesar;Camilla;SEASHELLS;12524.0;7
2;48987.0;Caesar;Paris;SEASHELLS;12526.0;7
2;48991.0;Caesar;Paris;SEASHELLS;12521.0;4
2;49025.0;Caesar;Camilla;SEASHELLS;12498.0;4
2;49038.0;Caesar;Camilla;SEASHELLS;12495.0;8
2;49041.0;Paris;Caesar;SEASHELLS;12494.0;3
2;49050.0;Caesar;Paris;SEASHELLS;12492.0;3
2;49056.0;Caesar;Paris;SEASHELLS;12488.0;7
2;49065.0;Paris;Caesar;SEASHELLS;12492.0;4
2;49078.0;Paris;Caesar;SEASHELLS;12484.0;5
2;49092.0;Paris;Caesar;SEASHELLS;12487.0;3
2;49117.0;Caesar;Camilla;SEASHELLS;12471.0;4
2;49161.0;Caesar;Camilla;SEASHELLS;12466.0;6
2;49177.0;Caesar;Paris;SEASHELLS;12463.0;6
2;49188.0;Caesar;Paris;SEASHELLS;12462.0;6
2;49194.0;Caesar;Camilla;SEASHELLS;12463.0;10
2;49196.0;Caesar;Camilla;SEASHELLS;12457.0;10
2;49212.0;Caesar;Camilla;SEASHELLS;12451.0;6
2;49222.0;Caesar;Paris;SEASHELLS;12466.0;4
2;49232.0;Caesar;Camilla;SEASHELLS;12462.0;8
2;49243.0;Caesar;Paris;SEASHELLS;12453.0;3
2;49244.0;Caesar;Paris;SEASHELLS;12453.0;3
2;49249.0;Paris;Caesar;SEASHELLS;12454.0;3
2;49261.0;Caesar;Camilla;SEASHELLS;12444.0;5
2;49265.0;Paris;Caesar;SEASHELLS;12453.0;6
2;49284.0;Paris;Caesar;SEASHELLS;12425.0;7
2;49292.0;Paris;Caesar;SEASHELLS;12424.0;3
2;49297.0;Caesar;Paris;SEASHELLS;12433.0;5
2;49302.0;Caesar;Camilla;SEASHELLS;12432.0;10
2;49304.0;Caesar;Paris;SEASHELLS;12427.0;3
2;49311.0;Caesar;Camilla;SEASHELLS;12431.0;9
2;49316.0;Caesar;Camilla;SEASHELLS;12430.0;4
2;49321.0;Paris;Caesar;SEASHELLS;12431.0;6
2;49325.0;Paris;Caesar;SEASHELLS;12429.0;4
2;49328.0;Paris;Caesar;SEASHELLS;12428.0;8
2;49349.0;Caesar;Paris;SEASHELLS;12425.0;6
2;49366.0;Caesar;Paris;SEASHELLS;12423.0;3
2;49408.0;Caesar;Camilla;SEASHELLS;12430.0;6
2;49420.0;Paris;Caesar;SEASHELLS;12417.0;6
2;49428.0;Paris;Caesar;SEASHELLS;12417.0;6
2;49435.0;Caesar;Paris;SEASHELLS;12410.0;3
2;49438.0;Paris;Caesar;SEASHELLS;12409.0;8
2;49440.0;Caesar;Paris;SEASHELLS;12412.0;3
2;49441.0;Caesar;Camilla;SEASHELLS;12412.0;10
2;49460.0;Caesar;Camilla;SEASHELLS;12400.0;9
2;49466.0;Paris;Caesar;SEASHELLS;12400.0;4
2;49467.0;Caesar;Paris;SEASHELLS;12399.0;4
2;49469.0;Paris;Caesar;SEASHELLS;12400.0;4
2;49472.0;Caesar;Camilla;SEASHELLS;12395.0;6
2;49498.0;Paris;Caesar;SEASHELLS;12380.0;7
2;49527.0;Paris;Caesar;SEASHELLS;12400.0;4
2;49537.0;Paris;Caesar;SEASHELLS;12396.0;4
2;49540.0;Caesar;Paris;SEASHELLS;12388.0;5
2;49541.0;Paris;Caesar;SEASHELLS;12386.0;6
2;49543.0;Caesar;Camilla;SEASHELLS;12382.0;4
2;49586.0;Paris;Caesar;SEASHELLS;12389.0;6
2;49587.0;Caesar;Camilla;SEASHELLS;12385.0;5
2;49619.0;Paris;Caesar;SEASHELLS;12383.0;8
2;49622.0;Caesar;Paris;SEASHELLS;12378.0;6
2;49629.0;Caesar;Paris;SEASHELLS;12377.0;4
2;49644.0;Caesar;Paris;SEASHELLS;12383.0;6
2;49652.0;Paris;Caesar;SEASHELLS;12386.0;8
2;49660.0;Caesar;Paris;SEASHELLS;12401.0;4
2;49670.0;Paris;Caesar;SEASHELLS;12405.0;4
2;49674.0;Caesar;Paris;SEASHELLS;12406.0;5
2;49678.0;Caesar;Paris;SEASHELLS;12399.0;6
2;49694.0;Caesar;Paris;SEASHELLS;12394.0;8
2;49697.0;Paris;Caesar;SEASHELLS;12394.0;4
2;49715.0;Paris;Caesar;SEASHELLS;12391.0;7
2;49724.0;Paris;Caesar;SEASHELLS;12394.0;3
2;49725.0;Paris;Caesar;SEASHELLS;12396.0;4
2;49737.0;Caesar;Paris;SEASHELLS;12401.0;8
2;49741.0;Caesar;Camilla;SEASHELLS;12406.0;5
2;49759.0;Caesar;Camilla;SEASHELLS;12413.0;10
2;49762.0;Caesar;Paris;SEASHELLS;12417.0;3
2;49768.0;Paris;Caesar;SEASHELLS;12418.0;7
2;49770.0;Caesar;Paris;SEASHELLS;12411.0;4
2;49778.0;Caesar;Camilla;SEASHELLS;12398.0;5
2;49782.0;Caesar;Camilla;SEASHELLS;12400.0;6
2;49790.0;Caesar;Paris;SEASHELLS;12405.0;7
2;49797.0;Paris;Caesar;SEASHELLS;12407.0;8
2;49804.0;Caesar;Paris;SEASHELLS;12409.0;4
2;49813.0;Paris;Caesar;SEASHELLS;12408.0;3
2;49819.0;Caesar;Paris;SEASHELLS;12401.0;3
2;49833.0;Paris;Caesar;SEASHELLS;12400.0;3
2;49868.0;Caesar;Paris;SEASHELLS;12398.0;3
2;49896.0;Paris;Camilla;SEASHELLS;12388.0;6
2;49898.0;Caesar;Camilla;SEASHELLS;12385.0;8
2;49900.0;Paris;Caesar;SEASHELLS;12387.0;8
2;49938.0;Caesar;Camilla;SEASHELLS;12381.0;6
2;49941.0;Caesar;Camilla;SEASHELLS;12383.0;6
2;49951.0;Paris;Caesar;SEASHELLS;12389.0;4
2;49975.0;Paris;Caesar;SEASHELLS;12395.0;8
3;50007.0;Paris;Caesar;SEASHELLS;12383.0;5
3;50019.0;Paris;Caesar;SEASHELLS;12394.0;7
3;50024.0;Caesar;Camilla;SEASHELLS;12399.0;10
3;50030.0;Caesar;Camilla;SEASHELLS;12396.0;9
3;50050.0;Caesar;Camilla;SEASHELLS;12406.0;5
3;50055.0;Paris;Caesar;SEASHELLS;12405.0;4
3;50056.0;Caesar;Paris;SEASHELLS;12403.0;6
3;50063.0;Caesar;Paris;SEASHELLS;12412.0;4
3;50077.0;Caesar;Paris;SEASHELLS;12397.0;3
3;50078.0;Caesar;Paris;SEASHELLS;12396.0;4
3;50112.0;Paris;Caesar;SEASHELLS;12400.0;7
3;50119.0;Caesar;Paris;SEASHELLS;12408.0;6
3;50127.0;Paris;Caesar;SEASHELLS;12409.0;5
3;50152.0;Caesar;Paris;SEASHELLS;12405.0;4
3;50158.0;Caesar;Camilla;SEASHELLS;12402.0;9
3;50170.0;Caesar;Camilla;SEASHELLS;12391.0;6
3;50180.0;Paris;Caesar;SEASHELLS;12377.0;3
3;50218.0;Caesar;Paris;SEASHELLS;12370.0;5
3;50219.0;Caesar;Paris;SEASHELLS;12367.0;4
3;50222.0;Caesar;Paris;SEASHELLS;12366.0;7
3;50224.0;Caesar;Camilla;SEASHELLS;12362.0;10
3;50233.0;Paris;Caesar;SEASHELLS;12363.0;6
3;50265.0;Caesar;Paris;SEASHELLS;12363.0;7
3;50275.0;Caesar;Paris;SEASHELLS;12358.0;7
3;50280.0;Caesar;Paris;SEASHELLS;12367.0;5
3;50299.0;Caesar;Paris;SEASHELLS;12352.0;3
3;50315.0;Paris;Caesar;SEASHELLS;12360.0;5
3;50320.0;Caesar;Paris;SEASHELLS;12364.0;4
3;50329.0;Paris;Caesar;SEASHELLS;12360.0;3
3;50336.0;Caesar;Paris;SEASHELLS;12358.0;3
3;50338.0;Caesar;Paris;SEASHELLS;12359.0;6
3;50340.0;Paris;Caesar;SEASHELLS;12362.0;8
3;50340.0;Caesar;Camilla;SEASHELLS;12361.0;5
3;50368.0;Caesar;Paris;SEASHELLS;12343.0;7
3;50379.0;Paris;Caesar;SEASHELLS;12358.0;7
3;50384.0;Caesar;Paris;SEASHELLS;12355.0;7
3;50389.0;Caesar;Paris;SEASHELLS;12358.0;4
3;50432.0;Caesar;Camilla;SEASHELLS;12361.0;9
3;50434.0;Caesar;Camilla;SEASHELLS;12363.0;9
3;50437.0;Caesar;Paris;SEASHELLS;12364.0;5
3;50450.0;Caesar;Paris;SEASHELLS;12360.0;5
3;50452.0;Caesar;Camilla;SEASHELLS;12359.0;6
3;50468.0;Paris;Caesar;SEASHELLS;12368.0;3
3;50517.0;Caesar;Paris;SEASHELLS;12341.0;8
3;50518.0;Caesar;Camilla;SEASHELLS;12338.0;7
3;50519.0;Paris;Caesar;SEASHELLS;12340.0;7
3;50547.0;Caesar;Camilla;SEASHELLS;12345.0;7
3;50549.0;Paris;Caesar;SEASHELLS;12343.0;8
3;50588.0;Paris;Caesar;SEASHELLS;12337.0;8
3;50589.0;Caesar;Paris;SEASHELLS;12337.0;6
3;50591.0;Caesar;Camilla;SEASHELLS;12334.0;9
3;50617.0;Caesar;Paris;SEASHELLS;12348.0;7
3;50634.0;Caesar;Paris;SEASHELLS;12343.0;5
3;50635.0;Paris;Caesar;SEASHELLS;12346.0;7
3;50639.0;Paris;Caesar;SEASHELLS;12346.0;5
3;50663.0;Caesar;Paris;SEASHELLS;12328.0;7
3;50687.0;Caesar;Paris;SEASHELLS;12339.0;8
3;50730.0;Caesar;Paris;SEASHELLS;12336.0;5
3;50732.0;Paris;Caesar;SEASHELLS;12338.0;8
3;50741.0;Caesar;Paris;SEASHELLS;12341.0;5
3;50750.0;Caesar;Paris;SEASHELLS;12341.0;8
3;50756.0;Caesar;Paris;SEASHELLS;12344.0;7
3;50785.0;Caesar;Paris;SEASHELLS;12326.0;8
3;50813.0;Caesar;Paris;SEASHELLS;12315.0;3
3;50824.0;Caesar;Paris;SEASHELLS;12312.0;4
3;50836.0;Caesar;Camilla;SEASHELLS;12326.0;4
3;50837.0;Caesar;Camilla;SEASHELLS;12325.0;6
3;50840.0;Paris;Caesar;SEASHELLS;12328.0;7
3;50856.0;Caesar;Paris;SEASHELLS;12344.0;3
3;50859.0;Caesar;Camilla;SEASHELLS;12344.0;6
3;50882.0;Caesar;Camilla;SEASHELLS;12348.0;6
3;50888.0;Caesar;Camilla;SEASHELLS;12360.0;6
3;50890.0;Caesar;Paris;SEASHELLS;12360.0;8
3;50899.0;Paris;Caesar;SEASHELLS;12360.0;4
3;50911.0;Caesar;Paris;SEASHELLS;12371.0;4
3;50917.0;Caesar;Paris;SEASHELLS;12364.0;4
3;50924.0;Paris;Caesar;SEASHELLS;12363.0;8
3;50935.0;Caesar;Camilla;SEASHELLS;12367.0;4
3;50943.0;Caesar;Paris;SEASHELLS;12360.0;4
3;50944.0;Caesar;Camilla;SEASHELLS;12361.0;6
3;50953.0;Caesar;Camilla;SEASHELLS;12366.0;5
3;50981.0;Caesar;Paris;SEASHELLS;12370.0;8
3;50988.0;Caesar;Paris;SEASHELLS;12377.0;6
3;50989.0;Caesar;Paris;SEASHELLS;12378.0;4
3;51007.0;Caesar;Paris;SEASHELLS;12383.0;5
3;51008.0;Caesar;Paris;SEASHELLS;12383.0;4
3;51031.0;Paris;Caesar;SEASHELLS;12377.0;7
3;51032.0;Caesar;Camilla;SEASHELLS;12374.0;9
3;51071.0;Caesar;Paris;SEASHELLS;12391.0;8
3;51077.0;Caesar;Paris;SEASHELLS;12395.0;6
3;51085.0;Paris;Caesar;SEASHELLS;12384.0;4
3;51091.0;Paris;Caesar;SEASHELLS;12384.0;3
3;51095.0;Caesar;Camilla;SEASHELLS;12384.0;4
3;51097.0;Paris;Caesar;SEASHELLS;12387.0;6
3;51110.0;Paris;Caesar;SEASHELLS;12388.0;7
3;51117.0;Caesar;Paris;SEASHELLS;12381.0;7
3;51128.0;Caesar;Camilla;SEASHELLS;12384.0;6
3;51155.0;Caesar;Paris;SEASHELLS;12371.0;6
3;51161.0;Paris;Caesar;SEASHELLS;12378.0;5
3;51164.0;Caesar;Paris;SEASHELLS;12381.0;7
3;51176.0;Paris;Caesar;SEASHELLS;12395.0;6
3;51180.0;Paris;Caesar;SEASHELLS;12395.0;6
3;51183.0;Paris;Caesar;SEASHELLS;12402.0;6
3;51184.0;Paris;Caesar;SEASHELLS;12405.0;4
3;51185.0;Paris;Caesar;SEASHELLS;12402.0;5
3;51191.0;Caesar;Paris;SEASHELLS;12392.0;5
3;51221.0;Caesar;Paris;SEASHELLS;12408.0;6
3;51234.0;Caesar;Paris;SEASHELLS;12406.0;4
3;51238.0;Caesar;Camilla;SEASHELLS;12401.0;8
3;51245.0;Paris;Caesar;SEASHELLS;12394.0;4
3;51252.0;Paris;Caesar;SEASHELLS;12399.0;4
3;51256.0;Caesar;Paris;SEASHELLS;12406.0;4
3;51258.0;Caesar;Paris;SEASHELLS;12405.0;6
3;51340.0;Caesar;Camilla;SEASHELLS;12406.0;5
3;51345.0;Paris;Caesar;SEASHELLS;12409.0;3
3;51349.0;Paris;Caesar;SEASHELLS;12409.0;4
3;51351.0;Caesar;Paris;SEASHELLS;12404.0;4
3;51353.0;Caesar;Camilla;SEASHELLS;12408.0;5
3;51356.0;Paris;Caesar;SEASHELLS;12412.0;4
3;51371.0;Paris;Caesar;SEASHELLS;12407.0;3
3;51394.0;Paris;Caesar;SEASHELLS;12413.0;8
3;51396.0;Paris;Caesar;SEASHELLS;12412.0;6
3;51416.0;Caesar;Paris;SEASHELLS;12401.0;3
3;51429.0;Paris;Caesar;SEASHELLS;12402.0;6
3;51435.0;Paris;Caesar;SEASHELLS;12401.0;6
3;51458.0;Caesar;Paris;SEASHELLS;12411.0;6
3;51462.0;Paris;Caesar;SEASHELLS;12410.0;3
3;51476.0;Paris;Caesar;SEASHELLS;12406.0;4
3;51504.0;Camilla;Paris;SEASHELLS;12397.0;5
3;51527.0;Paris;Caesar;SEASHELLS;12384.0;8
3;51572.0;Paris;Caesar;SEASHELLS;12383.0;5
3;51573.0;Paris;Caesar;SEASHELLS;12384.0;3
3;51575.0;Caesar;Camilla;SEASHELLS;12381.0;9
3;51589.0;Caesar;Paris;SEASHELLS;12378.0;4
3;51596.0;Paris;Caesar;SEASHELLS;12369.0;8
3;51597.0;Paris;Caesar;SEASHELLS;12364.0;5
3;51603.0;Caesar;Paris;SEASHELLS;12369.0;7
3;51606.0;Caesar;Paris;SEASHELLS;12368.0;8
3;51610.0;Paris;Caesar;SEASHELLS;12369.0;5
3;51617.0;Paris;Caesar;SEASHELLS;12368.0;8
3;51632.0;Caesar;Paris;SEASHELLS;12357.0;4
3;51642.0;Caesar;Paris;SEASHELLS;12352.0;6
3;51665.0;Caesar;Paris;SEASHELLS;12368.0;7
3;51666.0;Paris;Caesar;SEASHELLS;12370.0;8
3;51668.0;Paris;Caesar;SEASHELLS;12365.0;6
3;51678.0;Paris;Caesar;SEASHELLS;12362.0;6
3;51683.0;Paris;Caesar;SEASHELLS;12347.0;7
3;51686.0;Caesar;Paris;SEASHELLS;12337.0;4
3;51688.0;Caesar;Paris;SEASHELLS;12330.0;5
3;51691.0;Caesar;Camilla;SEASHELLS;12331.0;7
3;51695.0;Caesar;Paris;SEASHELLS;12329.0;8
3;51717.0;Caesar;Paris;SEASHELLS;12333.0;8
3;51719.0;Caesar;Paris;SEASHELLS;12337.0;7
3;51726.0;Caesar;Paris;SEASHELLS;12347.0;3
3;51729.0;Paris;Caesar;SEASHELLS;12346.0;4
3;51741.0;Caesar;Camilla;SEASHELLS;12345.0;10
3;51758.0;Caesar;Camilla;SEASHELLS;12342.0;4
3;51766.0;Caesar;Paris;SEASHELLS;12340.0;4
3;51766.0;Caesar;Camilla;SEASHELLS;12340.0;7
3;51774.0;Caesar;Camilla;SEASHELLS;12354.0;8
3;51784.0;Caesar;Camilla;SEASHELLS;12365.0;10
3;51794.0;Paris;Caesar;SEASHELLS;12372.0;7
3;51796.0;Caesar;Paris;SEASHELLS;12374.0;7
3;51809.0;Paris;Caesar;SEASHELLS;12372.0;8
3;51820.0;Paris;Caesar;SEASHELLS;12385.0;6
3;51821.0;Paris;Caesar;SEASHELLS;12386.0;8
3;51822.0;Caesar;Paris;SEASHELLS;12385.0;4
3;51825.0;Caesar;Paris;SEASHELLS;12379.0;6
3;51827.0;Caesar;Paris;SEASHELLS;12373.0;3
3;51833.0;Caesar;Camilla;SEASHELLS;12383.0;10
3;51835.0;Caesar;Paris;SEASHELLS;12380.0;4
3;51849.0;Caesar;Camilla;SEASHELLS;12384.0;10
3;51858.0;Caesar;Paris;SEASHELLS;12387.0;5
3;51865.0;Paris;Caesar;SEASHELLS;12394.0;6
3;51877.0;Caesar;Paris;SEASHELLS;12394.0;4
3;51901.0;Caesar;Paris;SEASHELLS;12383.0;4
3;51904.0;Paris;Caesar;SEASHELLS;12380.0;5
3;51909.0;Paris;Caesar;SEASHELLS;12377.0;7
3;51913.0;Caesar;Paris;SEASHELLS;12382.0;5
3;51915.0;Caesar;Paris;SEASHELLS;12380.0;5
3;51933.0;Paris;Caesar;SEASHELLS;12371.0;5
3;51934.0;Paris;Caesar;SEASHELLS;12371.0;6
3;51936.0;Paris;Caesar;SEASHELLS;12373.0;3
3;51941.0;Caesar;Paris;SEASHELLS;12374.0;4
3;51945.0;Caesar;Camilla;SEASHELLS;12372.0;10
3;51971.0;Paris;Caesar;SEASHELLS;12364.0;6
3;52014.0;Caesar;Camilla;SEASHELLS;12348.0;5
3;52018.0;Caesar;Camilla;SEASHELLS;12352.0;5
3;52041.0;Caesar;Camilla;SEASHELLS;12355.0;4
3;52064.0;Paris;Caesar;SEASHELLS;12341.0;7
3;52066.0;Caesar;Paris;SEASHELLS;12338.0;4
3;52068.0;Caesar;Camilla;SEASHELLS;12340.0;5
3;52075.0;Caesar;Camilla;SEASHELLS;12337.0;7
3;52082.0;Paris;Caesar;SEASHELLS;12333.0;4
3;52082.0;Caesar;Camilla;SEASHELLS;12331.0;6
3;52103.0;Paris;Caesar;SEASHELLS;12337.0;7
3;52104.0;Paris;Caesar;SEASHELLS;12341.0;6
3;52112.0;Paris;Caesar;SEASHELLS;12339.0;5
3;52133.0;Caesar;Paris;SEASHELLS;12338.0;6
3;52137.0;Paris;Caesar;SEASHELLS;12336.0;3
3;52145.0;Caesar;Camilla;SEASHELLS;12342.0;4
3;52154.0;Paris;Caesar;SEASHELLS;12343.0;6
3;52167.0;Paris;Caesar;SEASHELLS;12343.0;7
3;52170.0;Caesar;Paris;SEASHELLS;12341.0;8
3;52190.0;Paris;Caesar;SEASHELLS;12334.0;4
3;52193.0;Caesar;Camilla;SEASHELLS;12330.0;9
3;52223.0;Caesar;Camilla;SEASHELLS;12314.0;7
3;52227.0;Caesar;Camilla;SEASHELLS;12314.0;8
3;52240.0;Paris;Caesar;SEASHELLS;12324.0;7
3;52240.0;Caesar;Camilla;SEASHELLS;12323.0;5
3;52251.0;Paris;Caesar;SEASHELLS;12322.0;8
3;52278.0;Caesar;Paris;SEASHELLS;12326.0;4
3;52279.0;Caesar;Paris;SEASHELLS;12325.0;4
3;52290.0;Caesar;Paris;SEASHELLS;12318.0;8
3;52303.0;Paris;Caesar;SEASHELLS;12319.0;7
3;52309.0;Caesar;Paris;SEASHELLS;12317.0;6
3;52319.0;Paris;Caesar;SEASHELLS;12313.0;7
3;52347.0;Caesar;Paris;SEASHELLS;12327.0;7
3;52350.0;Caesar;Paris;SEASHELLS;12320.0;5
3;52363.0;Paris;Caesar;SEASHELLS;12319.0;8
3;52365.0;Caesar;Paris;SEASHELLS;12320.0;5
3;52375.0;Caesar;Paris;SEASHELLS;12314.0;4
3;52382.0;Caesar;Paris;SEASHELLS;12316.0;7
3;52391.0;Caesar;Paris;SEASHELLS;12316.0;7
3;52402.0;Caesar;Paris;SEASHELLS;12324.0;6
3;52422.0;Paris;Caesar;SEASHELLS;12322.0;3
3;52424.0;Paris;Caesar;SEASHELLS;12323.0;5
3;52432.0;Caesar;Camilla;SEASHELLS;12321.0;6
3;52486.0;Caesar;Paris;SEASHELLS;12325.0;6
3;52490.0;Caesar;Paris;SEASHELLS;12323.0;6
3;52508.0;Caesar;Paris;SEASHELLS;12340.0;5
3;52510.0;Caesar;Paris;SEASHELLS;12339.0;6
3;52513.0;Paris;Caesar;SEASHELLS;12333.0;8
3;52517.0;Paris;Caesar;SEASHELLS;12333.0;6
3;52523.0;Paris;Caesar;SEASHELLS;12345.0;8
3;52557.0;Caesar;Paris;SEASHELLS;12306.0;8
3;52560.0;Caesar;Camilla;SEASHELLS;12303.0;8
3;52588.0;Paris;Caesar;SEASHELLS;12310.0;7
3;52589.0;Caesar;Paris;SEASHELLS;12309.0;3
3;52590.0;Caesar;Camilla;SEASHELLS;12311.0;8
3;52605.0;Paris;Caesar;SEASHELLS;12308.0;6
3;52611.0;Paris;Caesar;SEASHELLS;12315.0;5
3;52614.0;Caesar;Paris;SEASHELLS;12314.0;7
3;52619.0;Caesar;Paris;SEASHELLS;12315.0;7
3;52633.0;Caesar;Paris;SEASHELLS;12304.0;6
3;52645.0;Paris;Caesar;SEASHELLS;12307.0;7
3;52653.0;Caesar;Camilla;SEASHELLS;12304.0;6
3;52655.0;Caesar;Paris;SEASHELLS;12306.0;4
3;52692.0;Paris;Caesar;SEASHELLS;12318.0;3
3;52694.0;Caesar;Paris;SEASHELLS;12317.0;8
3;52696.0;Caesar;Camilla;SEASHELLS;12323.0;5
3;52697.0;Caesar;Camilla;SEASHELLS;12322.0;5
3;52699.0;Paris;Caesar;SEASHELLS;12324.0;4
3;52714.0;Caesar;Paris;SEASHELLS;12323.0;6
3;52720.0;Caesar;Paris;SEASHELLS;12326.0;5
3;52731.0;Paris;Caesar;SEASHELLS;12324.0;5
3;52738.0;Caesar;Paris;SEASHELLS;12330.0;6
3;52745.0;Caesar;Paris;SEASHELLS;12321.0;6
3;52752.0;Paris;Caesar;SEASHELLS;12319.0;7
3;52766.0;Paris;Caesar;SEASHELLS;12312.0;7
3;52771.0;Paris;Caesar;SEASHELLS;12314.0;3
3;52773.0;Caesar;Paris;SEASHELLS;12314.0;3
3;52778.0;Paris;Caesar;SEASHELLS;12312.0;6
3;52786.0;Paris;Caesar;SEASHELLS;12307.0;5
3;52814.0;Caesar;Paris;SEASHELLS;12297.0;8
3;52835.0;Paris;Caesar;SEASHELLS;12304.0;3
3;52864.0;Caesar;Camilla;SEASHELLS;12294.0;8
3;52887.0;Caesar;Paris;SEASHELLS;12300.0;8
3;52912.0;Paris;Caesar;SEASHELLS;12293.0;3
3;52920.0;Caesar;Paris;SEASHELLS;12293.0;4
3;52938.0;Caesar;Paris;SEASHELLS;12287.0;3
3;52946.0;Caesar;Paris;SEASHELLS;12286.0;4
3;52961.0;Paris;Caesar;SEASHELLS;12281.0;3
3;52981.0;Paris;Caesar;SEASHELLS;12285.0;8
3;52982.0;Paris;Caesar;SEASHELLS;12283.0;5
3;52987.0;Paris;Caesar;SEASHELLS;12282.0;4
3;53010.0;Caesar;Camilla;SEASHELLS;12293.0;4
3;53026.0;Caesar;Paris;SEASHELLS;12318.0;8
3;53059.0;Caesar;Camilla;SEASHELLS;12335.0;8
3;53062.0;Paris;Caesar;SEASHELLS;12336.0;7
3;53074.0;Paris;Caesar;SEASHELLS;12343.0;5
3;53076.0;Caesar;Paris;SEASHELLS;12341.0;8
3;53078.0;Caesar;Paris;SEASHELLS;12346.0;4
3;53086.0;Paris;Caesar;SEASHELLS;12348.0;4
3;53087.0;Paris;Caesar;SEASHELLS;12345.0;8
3;53088.0;Paris;Caesar;SEASHELLS;12346.0;8
3;53093.0;Caesar;Camilla;SEASHELLS;12346.0;10
3;53119.0;Caesar;Paris;SEASHELLS;12339.0;8
3;53121.0;Paris;Caesar;SEASHELLS;12339.0;3
3;53129.0;Caesar;Paris;SEASHELLS;12333.0;6
3;53156.0;Caesar;Paris;SEASHELLS;12349.0;5
3;53159.0;Paris;Caesar;SEASHELLS;12349.0;5
3;53164.0;Caesar;Camilla;SEASHELLS;12338.0;10
3;53178.0;Paris;Caesar;SEASHELLS;12330.0;6
3;53185.0;Paris;Caesar;SEASHELLS;12335.0;3
3;53188.0;Paris;Caesar;SEASHELLS;12336.0;8
3;53196.0;Caesar;Paris;SEASHELLS;12334.0;4
3;53217.0;Caesar;Camilla;SEASHELLS;12352.0;4
3;53218.0;Paris;Caesar;SEASHELLS;12353.0;8
3;53230.0;Caesar;Camilla;SEASHELLS;12347.0;6
3;53234.0;Caesar;Paris;SEASHELLS;12342.0;3
3;53239.0;Caesar;Paris;SEASHELLS;12339.0;4
3;53249.0;Paris;Caesar;SEASHELLS;12337.0;5
3;53251.0;Caesar;Paris;SEASHELLS;12341.0;8
3;53262.0;Paris;Caesar;SEASHELLS;12347.0;3
3;53268.0;Caesar;Camilla;SEASHELLS;12342.0;4
3;53296.0;Paris;Caesar;SEASHELLS;12346.0;7
3;53305.0;Paris;Caesar;SEASHELLS;12350.0;5
3;53306.0;Caesar;Camilla;SEASHELLS;12345.0;5
3;53306.0;Caesar;Paris;SEASHELLS;12345.0;7
3;53312.0;Paris;Caesar;SEASHELLS;12353.0;6
3;53321.0;Caesar;Camilla;SEASHELLS;12348.0;6
3;53330.0;Caesar;Paris;SEASHELLS;12340.0;7
3;53338.0;Paris;Caesar;SEASHELLS;12341.0;6
3;53343.0;Caesar;Paris;SEASHELLS;12337.0;6
3;53346.0;Caesar;Camilla;SEASHELLS;12334.0;6
3;53348.0;Caesar;Camilla;SEASHELLS;12333.0;10
3;53359.0;Paris;Caesar;SEASHELLS;12342.0;8
3;53361.0;Paris;Caesar;SEASHELLS;12338.0;3
3;53361.0;Caesar;Camilla;SEASHELLS;12337.0;8
3;53364.0;Paris;Caesar;SEASHELLS;12338.0;5
3;53365.0;Caesar;Paris;SEASHELLS;12338.0;5
3;53367.0;Paris;Caesar;SEASHELLS;12335.0;8
3;53376.0;Caesar;Camilla;SEASHELLS;12330.0;6
3;53401.0;Caesar;Paris;SEASHELLS;12342.0;7
3;53409.0;Paris;Caesar;SEASHELLS;12337.0;7
3;53411.0;Paris;Caesar;SEASHELLS;12333.0;4
3;53416.0;Caesar;Paris;SEASHELLS;12342.0;5
3;53421.0;Caesar;Paris;SEASHELLS;12338.0;8
3;53428.0;Paris;Caesar;SEASHELLS;12345.0;5
3;53429.0;Paris;Caesar;SEASHELLS;12346.0;4
3;53461.0;Caesar;Camilla;SEASHELLS;12381.0;5
3;53484.0;Caesar;Paris;SEASHELLS;12379.0;5
3;53499.0;Caesar;Paris;SEASHELLS;12390.0;7
3;53568.0;Paris;Caesar;SEASHELLS;12414.0;6
3;53581.0;Caesar;Camilla;SEASHELLS;12416.0;7
3;53614.0;Caesar;Camilla;SEASHELLS;12417.0;10
3;53616.0;Caesar;Paris;SEASHELLS;12420.0;6
3;53628.0;Caesar;Camilla;SEASHELLS;12430.0;9
3;53633.0;Paris;Caesar;SEASHELLS;12428.0;7
3;53639.0;Paris;Caesar;SEASHELLS;12419.0;4
3;53642.0;Paris;Caesar;SEASHELLS;12417.0;5
3;53649.0;Caesar;Paris;SEASHELLS;12419.0;4
3;53659.0;Caesar;Camilla;SEASHELLS;12416.0;5
3;53675.0;Caesar;Camilla;SEASHELLS;12416.0;4
3;53685.0;Paris;Caesar;SEASHELLS;12413.0;7
3;53707.0;Caesar;Paris;SEASHELLS;12389.0;5
3;53714.0;Caesar;Paris;SEASHELLS;12393.0;3
3;53742.0;Caesar;Paris;SEASHELLS;12387.0;5
3;53747.0;Caesar;Paris;SEASHELLS;12390.0;5
3;53757.0;Caesar;Paris;SEASHELLS;12385.0;6
3;53763.0;Caesar;Paris;SEASHELLS;12381.0;5
3;53772.0;Paris;Caesar;SEASHELLS;12381.0;3
3;53777.0;Caesar;Paris;SEASHELLS;12385.0;6
3;53808.0;Caesar;Paris;SEASHELLS;12385.0;5
3;53812.0;Caesar;Paris;SEASHELLS;12390.0;7
3;53814.0;Caesar;Camilla;SEASHELLS;12391.0;4
3;53814.0;Caesar;Paris;SEASHELLS;12391.0;5
3;53821.0;Caesar;Paris;SEASHELLS;12392.0;4
3;53829.0;Caesar;Paris;SEASHELLS;12395.0;8
3;53850.0;Paris;Caesar;SEASHELLS;12401.0;5
3;53874.0;Paris;Caesar;SEASHELLS;12380.0;4
3;53876.0;Caesar;Camilla;SEASHELLS;12386.0;7
3;53896.0;Paris;Caesar;SEASHELLS;12378.0;4
3;53904.0;Paris;Caesar;SEASHELLS;12376.0;5
3;53913.0;Paris;Caesar;SEASHELLS;12371.0;4
3;53915.0;Caesar;Paris;SEASHELLS;12370.0;3
3;53935.0;Caesar;Paris;SEASHELLS;12374.0;7
3;53936.0;Caesar;Camilla;SEASHELLS;12371.0;6
3;53942.0;Paris;Caesar;SEASHELLS;12375.0;6
3;53945.0;Caesar;Camilla;SEASHELLS;12374.0;5
3;53957.0;Caesar;Camilla;SEASHELLS;12370.0;9
3;53962.0;Caesar;Paris;SEASHELLS;12372.0;3
3;53965.0;Caesar;Camilla;SEASHELLS;12370.0;4
3;53966.0;Paris;Caesar;SEASHELLS;12372.0;3
3;53967.0;Paris;Caesar;SEASHELLS;12373.0;7
3;53972.0;Caesar;Paris;SEASHELLS;12375.0;7
3;53991.0;Caesar;Paris;SEASHELLS;12374.0;3
3;54010.0;Paris;Caesar;SEASHELLS;12364.0;6
3;54021.0;Caesar;Camilla;SEASHELLS;12355.0;6
3;54025.0;Caesar;Paris;SEASHELLS;12360.0;6
3;54036.0;Paris;Caesar;SEASHELLS;12356.0;4
3;54042.0;Caesar;Paris;SEASHELLS;12352.0;7
3;54044.0;Caesar;Paris;SEASHELLS;12354.0;3
3;54087.0;Caesar;Paris;SEASHELLS;12352.0;6
3;54088.0;Caesar;Camilla;SEASHELLS;12350.0;6
3;54097.0;Paris;Caesar;SEASHELLS;12358.0;5
3;54122.0;Caesar;Paris;SEASHELLS;12366.0;3
