day;timestamp;buyer;seller;currency;price;quantity
-2;1.0;Paris;Charlie;SEASHELLS;5003.0;1
-2;12.0;Camilla;Paris;SEASHELLS;4998.0;1
-2;14.0;Charlie;Penelope;SEASHELLS;5000.0;4
-2;14.0;Caesar;Penelope;SEASHELLS;5000.0;3
-2;15.0;Charlie;Penelope;SEASHELLS;4997.0;10
-2;16.0;Paris;Charlie;SEASHELLS;5004.0;1
-2;19.0;Paris;Charlie;SEASHELLS;5003.0;1
-2;21.0;Paris;Charlie;SEASHELLS;5002.0;1
-2;33.0;Charlie;Paris;SEASHELLS;4996.0;1
-2;34.0;Charlie;Paris;SEASHELLS;4996.0;2
-2;40.0;Paris;Charlie;SEASHELLS;5002.0;1
-2;43.0;Camilla;Paris;SEASHELLS;4996.0;1
-2;65.0;Charlie;Paris;SEASHELLS;4995.0;1
-2;67.0;Caesar;Paris;SEASHELLS;4995.0;1
-2;68.0;Camilla;Paris;SEASHELLS;4996.0;2
-2;70.0;Pablo;Charlie;SEASHELLS;4999.0;1
-2;70.0;Pablo;Camilla;SEASHELLS;4999.0;1
-2;74.0;Caesar;Paris;SEASHELLS;4995.0;1
-2;75.0;Paris;Camilla;SEASHELLS;5000.0;1
-2;75.0;Paris;Pablo;SEASHELLS;4996.0;1
-2;83.0;Paris;Camilla;SEASHELLS;5000.0;1
-2;87.0;Paris;Camilla;SEASHELLS;4999.0;1
-2;88.0;Paris;Camilla;SEASHELLS;4999.0;2
-2;89.0;Paris;Charlie;SEASHELLS;4999.0;1
-2;103.0;Charlie;Paris;SEASHELLS;4994.0;1
-2;106.0;Pablo;Charlie;SEASHELLS;4999.0;5
-2;112.0;Paris;Charlie;SEASHELLS;5001.0;2
-2;114.0;Charlie;Paris;SEASHELLS;4994.0;1
-2;115.0;Charlie;Paris;SEASHELLS;4995.0;1
-2;129.0;Charlie;Gary;SEASHELLS;4994.0;13
-2;130.0;Paris;Camilla;SEASHELLS;4999.0;1
-2;136.0;Camilla;Paris;SEASHELLS;4993.0;1
-2;140.0;Charlie;Paris;SEASHELLS;4992.0;2
-2;144.0;Charlie;Paris;SEASHELLS;4992.0;1
-2;151.0;Charlie;Paris;SEASHELLS;4992.0;1
-2;159.0;Gina;Charlie;SEASHELLS;4996.0;8
-2;159.0;Gina;Camilla;SEASHELLS;4996.0;2
-2;166.0;Gary;Camilla;SEASHELLS;4995.0;9
-2;166.0;Gary;Charlie;SEASHELLS;4995.0;5
-2;168.0;Charlie;Caesar;SEASHELLS;4994.0;4
-2;169.0;Penelope;Charlie;SEASHELLS;4999.0;2
-2;179.0;Pablo;Charlie;SEASHELLS;4995.0;5
-2;182.0;Caesar;Paris;SEASHELLS;4992.0;1
-2;183.0;Charlie;Caesar;SEASHELLS;4994.0;5
-2;184.0;Paris;Charlie;SEASHELLS;4998.0;2
-2;187.0;Charlie;Paris;SEASHELLS;4993.0;1
-2;193.0;Charlie;Paris;SEASHELLS;4992.0;1
-2;195.0;Camilla;Paris;SEASHELLS;4991.0;1
-2;197.0;Pablo;Charlie;SEASHELLS;4995.0;1
-2;204.0;Penelope;Caesar;SEASHELLS;4998.0;1
-2;204.0;Paris;Charlie;SEASHELLS;4997.0;1
-2;204.0;Penelope;Charlie;SEASHELLS;4998.0;5
-2;204.0;Pablo;Charlie;SEASHELLS;4996.0;5
-2;205.0;Charlie;Penelope;SEASHELLS;4992.0;2
-2;210.0;Paris;Charlie;SEASHELLS;4998.0;1
-2;214.0;Paris;Camilla;SEASHELLS;4996.0;1
-2;224.0;Charlie;Paris;SEASHELLS;4990.0;1
-2;232.0;Paris;Pablo;SEASHELLS;4990.0;1
-2;246.0;Paris;Charlie;SEASHELLS;4993.0;1
-2;247.0;Gary;Charlie;SEASHELLS;4994.0;16
-2;252.0;Paris;Charlie;SEASHELLS;4992.0;1
-2;257.0;Paris;Charlie;SEASHELLS;4993.0;2
-2;264.0;Camilla;Paris;SEASHELLS;4986.0;1
-2;265.0;Charlie;Paris;SEASHELLS;4985.0;1
-2;267.0;Gary;Charlie;SEASHELLS;4991.0;15
-2;268.0;Paris;Charlie;SEASHELLS;4990.0;1
-2;273.0;Charlie;Paris;SEASHELLS;4985.0;1
-2;281.0;Paris;Charlie;SEASHELLS;4991.0;1
-2;284.0;Charlie;Gina;SEASHELLS;4985.0;12
-2;284.0;Paris;Pablo;SEASHELLS;4985.0;1
-2;284.0;Charlie;Pablo;SEASHELLS;4985.0;2
-2;286.0;Charlie;Pablo;SEASHELLS;4985.0;3
-2;287.0;Penelope;Charlie;SEASHELLS;4989.0;1
-2;287.0;Penelope;Camilla;SEASHELLS;4989.0;2
-2;295.0;Paris;Charlie;SEASHELLS;4990.0;2
-2;300.0;Pablo;Charlie;SEASHELLS;4989.0;5
-2;300.0;Paris;Charlie;SEASHELLS;4990.0;1
-2;304.0;Paris;Camilla;SEASHELLS;4989.0;1
-2;305.0;Charlie;Paris;SEASHELLS;4984.0;1
-2;310.0;Camilla;Paris;SEASHELLS;4984.0;1
-2;311.0;Charlie;Paris;SEASHELLS;4984.0;1
-2;313.0;Charlie;Paris;SEASHELLS;4985.0;1
-2;314.0;Paris;Camilla;SEASHELLS;4990.0;1
-2;328.0;Paris;Charlie;SEASHELLS;4987.0;1
-2;329.0;Caesar;Paris;SEASHELLS;4982.0;2
-2;332.0;Gary;Charlie;SEASHELLS;4987.0;8
-2;332.0;Gary;Camilla;SEASHELLS;4987.0;5
-2;333.0;Camilla;Paris;SEASHELLS;4983.0;1
-2;334.0;Paris;Charlie;SEASHELLS;4988.0;1
-2;339.0;Charlie;Penelope;SEASHELLS;4983.0;2
-2;340.0;Paris;Charlie;SEASHELLS;4987.0;1
-2;341.0;Paris;Paris;SEASHELLS;4988.0;1
-2;350.0;Charlie;Paris;SEASHELLS;4981.0;1
-2;354.0;Charlie;Paris;SEASHELLS;4981.0;1
-2;358.0;Charlie;Gary;SEASHELLS;4982.0;14
-2;358.0;Charlie;Paris;SEASHELLS;4982.0;1
-2;364.0;Paris;Charlie;SEASHELLS;4989.0;1
-2;369.0;Charlie;Paris;SEASHELLS;4982.0;1
-2;374.0;Caesar;Paris;SEASHELLS;4983.0;1
-2;375.0;Charlie;Pablo;SEASHELLS;4984.0;2
-2;384.0;Gary;Charlie;SEASHELLS;4990.0;13
-2;386.0;Paris;Charlie;SEASHELLS;4989.0;1
-2;390.0;Charlie;Paris;SEASHELLS;4984.0;1
-2;390.0;Charlie;Paris;SEASHELLS;4984.0;2
-2;394.0;Charlie;Paris;SEASHELLS;4984.0;1
-2;395.0;Charlie;Paris;SEASHELLS;4984.0;1
-2;396.0;Paris;Charlie;SEASHELLS;4989.0;1
-2;406.0;Caesar;Gina;SEASHELLS;4983.0;1
-2;407.0;Charlie;Paris;SEASHELLS;4983.0;1
-2;412.0;Charlie;Paris;SEASHELLS;4983.0;1
-2;417.0;Charlie;Paris;SEASHELLS;4982.0;1
-2;424.0;Penelope;Camilla;SEASHELLS;4987.0;7
-2;430.0;Paris;Camilla;SEASHELLS;4988.0;1
-2;432.0;Paris;Charlie;SEASHELLS;4990.0;2
-2;436.0;Charlie;Paris;SEASHELLS;4984.0;1
-2;440.0;Camilla;Paris;SEASHELLS;4984.0;1
-2;440.0;Paris;Charlie;SEASHELLS;4990.0;2
-2;448.0;Paris;Charlie;SEASHELLS;4989.0;1
-2;452.0;Caesar;Paris;SEASHELLS;4986.0;1
-2;457.0;Gary;Camilla;SEASHELLS;4990.0;8
-2;459.0;Charlie;Pablo;SEASHELLS;4987.0;1
-2;460.0;Gina;Camilla;SEASHELLS;4991.0;8
-2;460.0;Gina;Charlie;SEASHELLS;4991.0;4
-2;464.0;Charlie;Paris;SEASHELLS;4987.0;1
-2;469.0;Charlie;Paris;SEASHELLS;4988.0;2
-2;469.0;Charlie;Paris;SEASHELLS;4988.0;1
-2;473.0;Paris;Camilla;SEASHELLS;4993.0;1
-2;474.0;Caesar;Gina;SEASHELLS;4988.0;2
-2;475.0;Charlie;Paris;SEASHELLS;4987.0;1
-2;478.0;Charlie;Paris;SEASHELLS;4988.0;1
-2;483.0;Charlie;Caesar;SEASHELLS;4990.0;5
-2;484.0;Caesar;Paris;SEASHELLS;4991.0;1
-2;487.0;Paris;Caesar;SEASHELLS;4992.0;1
-2;487.0;Camilla;Paris;SEASHELLS;4989.0;1
-2;490.0;Charlie;Paris;SEASHELLS;4990.0;1
-2;494.0;Paris;Charlie;SEASHELLS;4996.0;1
-2;495.0;Charlie;Paris;SEASHELLS;4990.0;1
-2;498.0;Charlie;Paris;SEASHELLS;4990.0;2
-2;500.0;Charlie;Paris;SEASHELLS;4989.0;1
-2;503.0;Caesar;Paris;SEASHELLS;4990.0;1
-2;504.0;Charlie;Paris;SEASHELLS;4989.0;1
-2;505.0;Caesar;Paris;SEASHELLS;4989.0;2
-2;511.0;Charlie;Paris;SEASHELLS;4989.0;1
-2;514.0;Paris;Charlie;SEASHELLS;4994.0;1
-2;516.0;Charlie;Gary;SEASHELLS;4988.0;13
-2;517.0;Paris;Camilla;SEASHELLS;4993.0;1
-2;523.0;Caesar;Paris;SEASHELLS;4989.0;1
-2;524.0;Charlie;Paris;SEASHELLS;4988.0;1
-2;535.0;Penelope;Charlie;SEASHELLS;4994.0;10
-2;536.0;Paris;Camilla;SEASHELLS;4993.0;1
-2;537.0;Camilla;Gary;SEASHELLS;4988.0;2
-2;537.0;Charlie;Paris;SEASHELLS;4987.0;1
-2;537.0;Charlie;Gary;SEASHELLS;4988.0;15
-2;538.0;Paris;Pablo;SEASHELLS;4989.0;2
-2;547.0;Charlie;Paris;SEASHELLS;4990.0;1
-2;547.0;Charlie;Pablo;SEASHELLS;4991.0;3
-2;548.0;Paris;Charlie;SEASHELLS;4995.0;1
-2;553.0;Paris;Charlie;SEASHELLS;4995.0;1
-2;562.0;Paris;Charlie;SEASHELLS;4996.0;1
-2;566.0;Gina;Paris;SEASHELLS;4991.0;1
-2;566.0;Gina;Charlie;SEASHELLS;4995.0;11
-2;568.0;Charlie;Penelope;SEASHELLS;4991.0;4
-2;568.0;Caesar;Penelope;SEASHELLS;4991.0;2
-2;571.0;Paris;Charlie;SEASHELLS;4997.0;1
-2;575.0;Paris;Camilla;SEASHELLS;4997.0;1
-2;578.0;Caesar;Paris;SEASHELLS;4991.0;1
-2;579.0;Charlie;Paris;SEASHELLS;4990.0;1
-2;581.0;Paris;Pablo;SEASHELLS;4991.0;1
-2;587.0;Penelope;Camilla;SEASHELLS;4995.0;10
-2;589.0;Charlie;Paris;SEASHELLS;4989.0;1
-2;601.0;Paris;Charlie;SEASHELLS;4991.0;1
-2;603.0;Charlie;Paris;SEASHELLS;4988.0;1
-2;603.0;Caesar;Paris;SEASHELLS;4988.0;1
-2;604.0;Gina;Charlie;SEASHELLS;4991.0;13
-2;607.0;Caesar;Paris;SEASHELLS;4988.0;1
-2;609.0;Charlie;Penelope;SEASHELLS;4987.0;2
-2;612.0;Paris;Charlie;SEASHELLS;4994.0;2
-2;614.0;Paris;Charlie;SEASHELLS;4992.0;1
-2;624.0;Paris;Charlie;SEASHELLS;4995.0;1
-2;625.0;Charlie;Pablo;SEASHELLS;4989.0;5
-2;626.0;Pablo;Charlie;SEASHELLS;4992.0;3
-2;626.0;Pablo;Camilla;SEASHELLS;4992.0;2
-2;627.0;Charlie;Paris;SEASHELLS;4988.0;1
-2;630.0;Charlie;Gary;SEASHELLS;4990.0;15
-2;630.0;Caesar;Gary;SEASHELLS;4990.0;1
-2;633.0;Camilla;Paris;SEASHELLS;4991.0;1
-2;634.0;Paris;Charlie;SEASHELLS;4996.0;2
-2;643.0;Charlie;Paris;SEASHELLS;4989.0;2
-2;646.0;Paris;Camilla;SEASHELLS;4994.0;1
-2;646.0;Paris;Charlie;SEASHELLS;4994.0;1
-2;655.0;Caesar;Paris;SEASHELLS;4987.0;1
-2;657.0;Charlie;Paris;SEASHELLS;4986.0;1
-2;659.0;Charlie;Paris;SEASHELLS;4986.0;1
-2;671.0;Caesar;Paris;SEASHELLS;4985.0;1
-2;673.0;Paris;Camilla;SEASHELLS;4989.0;1
-2;675.0;Charlie;Paris;SEASHELLS;4983.0;2
-2;676.0;Caesar;Penelope;SEASHELLS;4984.0;2
-2;676.0;Charlie;Penelope;SEASHELLS;4984.0;6
-2;680.0;Camilla;Paris;SEASHELLS;4984.0;2
-2;680.0;Charlie;Caesar;SEASHELLS;4986.0;1
-2;681.0;Gina;Paris;SEASHELLS;4984.0;1
-2;683.0;Paris;Charlie;SEASHELLS;4989.0;1
-2;684.0;Charlie;Paris;SEASHELLS;4983.0;1
-2;686.0;Gary;Caesar;SEASHELLS;4990.0;2
-2;686.0;Gary;Charlie;SEASHELLS;4990.0;10
-2;689.0;Charlie;Gina;SEASHELLS;4985.0;9
-2;690.0;Paris;Charlie;SEASHELLS;4989.0;1
-2;694.0;Paris;Charlie;SEASHELLS;4990.0;2
-2;695.0;Paris;Charlie;SEASHELLS;4989.0;1
-2;697.0;Charlie;Pablo;SEASHELLS;4985.0;2
-2;705.0;Charlie;Paris;SEASHELLS;4980.0;1
-2;706.0;Charlie;Penelope;SEASHELLS;4979.0;3
-2;708.0;Charlie;Gina;SEASHELLS;4980.0;10
-2;715.0;Charlie;Paris;SEASHELLS;4980.0;1
-2;735.0;Charlie;Pablo;SEASHELLS;4982.0;1
-2;738.0;Penelope;Charlie;SEASHELLS;4987.0;9
-2;740.0;Charlie;Paris;SEASHELLS;4980.0;1
-2;743.0;Paris;Camilla;SEASHELLS;4984.0;1
-2;744.0;Pablo;Charlie;SEASHELLS;4983.0;1
-2;745.0;Paris;Charlie;SEASHELLS;4985.0;2
-2;753.0;Charlie;Paris;SEASHELLS;4978.0;1
-2;754.0;Pablo;Caesar;SEASHELLS;4983.0;3
-2;756.0;Charlie;Paris;SEASHELLS;4979.0;1
-2;763.0;Charlie;Penelope;SEASHELLS;4979.0;6
-2;763.0;Camilla;Penelope;SEASHELLS;4979.0;5
-2;765.0;Caesar;Penelope;SEASHELLS;4978.0;1
-2;765.0;Caesar;Paris;SEASHELLS;4978.0;1
-2;765.0;Charlie;Penelope;SEASHELLS;4978.0;7
-2;779.0;Paris;Charlie;SEASHELLS;4981.0;1
-2;782.0;Paris;Charlie;SEASHELLS;4979.0;1
-2;784.0;Charlie;Paris;SEASHELLS;4974.0;2
-2;785.0;Camilla;Penelope;SEASHELLS;4976.0;1
-2;785.0;Charlie;Penelope;SEASHELLS;4976.0;7
-2;789.0;Charlie;Paris;SEASHELLS;4974.0;1
-2;789.0;Penelope;Charlie;SEASHELLS;4981.0;10
-2;791.0;Paris;Charlie;SEASHELLS;4981.0;2
-2;796.0;Charlie;Gary;SEASHELLS;4975.0;20
-2;802.0;Paris;Camilla;SEASHELLS;4979.0;1
-2;806.0;Caesar;Paris;SEASHELLS;4973.0;1
-2;810.0;Caesar;Paris;SEASHELLS;4973.0;1
-2;814.0;Paris;Camilla;SEASHELLS;4978.0;1
-2;819.0;Camilla;Paris;SEASHELLS;4973.0;1
-2;821.0;Pablo;Charlie;SEASHELLS;4976.0;5
-2;822.0;Charlie;Paris;SEASHELLS;4972.0;1
-2;827.0;Camilla;Paris;SEASHELLS;4972.0;1
-2;833.0;Charlie;Paris;SEASHELLS;4972.0;2
-2;834.0;Charlie;Penelope;SEASHELLS;4972.0;11
-2;837.0;Charlie;Penelope;SEASHELLS;4972.0;8
-2;843.0;Charlie;Penelope;SEASHELLS;4972.0;8
-2;843.0;Paris;Camilla;SEASHELLS;4977.0;1
-2;843.0;Caesar;Penelope;SEASHELLS;4972.0;2
-2;846.0;Charlie;Penelope;SEASHELLS;4972.0;2
-2;847.0;Paris;Charlie;SEASHELLS;4979.0;2
-2;848.0;Paris;Charlie;SEASHELLS;4978.0;1
-2;853.0;Charlie;Pablo;SEASHELLS;4973.0;3
-2;858.0;Charlie;Penelope;SEASHELLS;4972.0;8
-2;858.0;Charlie;Paris;SEASHELLS;4972.0;2
-2;859.0;Charlie;Gary;SEASHELLS;4974.0;13
-2;859.0;Camilla;Gary;SEASHELLS;4974.0;7
-2;860.0;Camilla;Paris;SEASHELLS;4974.0;1
-2;861.0;Paris;Camilla;SEASHELLS;4978.0;1
-2;861.0;Caesar;Paris;SEASHELLS;4974.0;1
-2;863.0;Charlie;Pablo;SEASHELLS;4976.0;2
-2;864.0;Charlie;Paris;SEASHELLS;4975.0;1
-2;868.0;Charlie;Gary;SEASHELLS;4975.0;14
-2;873.0;Camilla;Paris;SEASHELLS;4977.0;1
-2;875.0;Charlie;Gary;SEASHELLS;4975.0;13
-2;876.0;Charlie;Penelope;SEASHELLS;4976.0;9
-2;880.0;Gary;Charlie;SEASHELLS;4982.0;12
-2;883.0;Charlie;Pablo;SEASHELLS;4977.0;3
-2;890.0;Paris;Camilla;SEASHELLS;4982.0;1
-2;892.0;Paris;Charlie;SEASHELLS;4983.0;1
-2;901.0;Charlie;Paris;SEASHELLS;4977.0;1
-2;902.0;Paris;Charlie;SEASHELLS;4983.0;1
-2;911.0;Charlie;Paris;SEASHELLS;4977.0;1
-2;916.0;Charlie;Paris;SEASHELLS;4976.0;1
-2;920.0;Charlie;Paris;SEASHELLS;4975.0;1
-2;924.0;Charlie;Paris;SEASHELLS;4976.0;1
-2;924.0;Charlie;Pablo;SEASHELLS;4977.0;1
-2;926.0;Charlie;Paris;SEASHELLS;4975.0;1
-2;926.0;Charlie;Gina;SEASHELLS;4976.0;11
-2;927.0;Charlie;Paris;SEASHELLS;4976.0;1
-2;934.0;Camilla;Paris;SEASHELLS;4977.0;1
-2;935.0;Pablo;Charlie;SEASHELLS;4980.0;5
-2;942.0;Paris;Pablo;SEASHELLS;4976.0;1
-2;944.0;Charlie;Paris;SEASHELLS;4974.0;1
-2;945.0;Charlie;Paris;SEASHELLS;4974.0;1
-2;952.0;Caesar;Paris;SEASHELLS;4975.0;2
-2;954.0;Caesar;Paris;SEASHELLS;4975.0;1
-2;954.0;Charlie;Penelope;SEASHELLS;4974.0;2
-2;957.0;Pablo;Charlie;SEASHELLS;4979.0;2
-2;957.0;Paris;Charlie;SEASHELLS;4980.0;1
-2;959.0;Caesar;Paris;SEASHELLS;4976.0;1
-2;960.0;Paris;Camilla;SEASHELLS;4980.0;1
-2;962.0;Charlie;Paris;SEASHELLS;4975.0;1
-2;963.0;Gina;Paris;SEASHELLS;4975.0;1
-2;963.0;Gina;Camilla;SEASHELLS;4980.0;6
-2;969.0;Paris;Charlie;SEASHELLS;4980.0;1
-2;974.0;Paris;Pablo;SEASHELLS;4975.0;1
-2;982.0;Paris;Caesar;SEASHELLS;4980.0;1
-2;982.0;Charlie;Caesar;SEASHELLS;4977.0;3
-2;983.0;Charlie;Paris;SEASHELLS;4974.0;1
-2;984.0;Charlie;Penelope;SEASHELLS;4974.0;7
-2;985.0;Charlie;Paris;SEASHELLS;4975.0;1
-2;985.0;Charlie;Caesar;SEASHELLS;4977.0;1
-2;989.0;Penelope;Caesar;SEASHELLS;4981.0;2
-2;989.0;Penelope;Paris;SEASHELLS;4981.0;1
-2;991.0;Charlie;Gina;SEASHELLS;4976.0;11
-2;996.0;Gary;Charlie;SEASHELLS;4982.0;19
-2;1019.0;Penelope;Camilla;SEASHELLS;4976.0;2
-2;1023.0;Paris;Caesar;SEASHELLS;4978.0;2
-2;1025.0;Charlie;Paris;SEASHELLS;4972.0;1
-2;1026.0;Paris;Caesar;SEASHELLS;4977.0;1
-2;1030.0;Pablo;Charlie;SEASHELLS;4977.0;3
-2;1030.0;Gary;Charlie;SEASHELLS;4979.0;14
-2;1032.0;Charlie;Paris;SEASHELLS;4972.0;2
-2;1045.0;Charlie;Paris;SEASHELLS;4970.0;2
-2;1048.0;Charlie;Paris;SEASHELLS;4971.0;1
-2;1049.0;Caesar;Paris;SEASHELLS;4971.0;1
-2;1050.0;Paris;Camilla;SEASHELLS;4976.0;1
-2;1053.0;Charlie;Paris;SEASHELLS;4970.0;1
-2;1066.0;Penelope;Charlie;SEASHELLS;4976.0;11
-2;1068.0;Charlie;Pablo;SEASHELLS;4971.0;4
-2;1069.0;Paris;Gina;SEASHELLS;4971.0;2
-2;1069.0;Charlie;Gina;SEASHELLS;4971.0;9
-2;1071.0;Charlie;Pablo;SEASHELLS;4971.0;1
-2;1076.0;Gary;Camilla;SEASHELLS;4975.0;7
-2;1076.0;Paris;Charlie;SEASHELLS;4977.0;2
-2;1078.0;Paris;Caesar;SEASHELLS;4976.0;2
-2;1079.0;Paris;Camilla;SEASHELLS;4975.0;1
-2;1081.0;Penelope;Charlie;SEASHELLS;4977.0;12
-2;1085.0;Paris;Charlie;SEASHELLS;4975.0;1
-2;1086.0;Penelope;Charlie;SEASHELLS;4977.0;11
-2;1089.0;Charlie;Paris;SEASHELLS;4970.0;1
-2;1090.0;Paris;Charlie;SEASHELLS;4977.0;1
-2;1095.0;Paris;Charlie;SEASHELLS;4975.0;1
-2;1100.0;Paris;Charlie;SEASHELLS;4976.0;1
-2;1101.0;Penelope;Camilla;SEASHELLS;4974.0;4
-2;1105.0;Charlie;Penelope;SEASHELLS;4969.0;9
-2;1114.0;Charlie;Paris;SEASHELLS;4970.0;1
-2;1124.0;Camilla;Paris;SEASHELLS;4972.0;1
-2;1125.0;Paris;Camilla;SEASHELLS;4977.0;1
-2;1126.0;Pablo;Paris;SEASHELLS;4976.0;1
-2;1132.0;Paris;Charlie;SEASHELLS;4977.0;1
-2;1133.0;Pablo;Paris;SEASHELLS;4976.0;1
-2;1134.0;Pablo;Charlie;SEASHELLS;4976.0;1
-2;1135.0;Paris;Caesar;SEASHELLS;4978.0;1
-2;1138.0;Paris;Charlie;SEASHELLS;4978.0;1
-2;1139.0;Charlie;Paris;SEASHELLS;4973.0;1
-2;1140.0;Gina;Paris;SEASHELLS;4972.0;1
-2;1144.0;Charlie;Paris;SEASHELLS;4972.0;1
-2;1151.0;Charlie;Paris;SEASHELLS;4973.0;1
-2;1153.0;Charlie;Paris;SEASHELLS;4973.0;1
-2;1154.0;Paris;Camilla;SEASHELLS;4978.0;1
-2;1155.0;Charlie;Caesar;SEASHELLS;4974.0;6
-2;1159.0;Paris;Gary;SEASHELLS;4977.0;1
-2;1168.0;Paris;Charlie;SEASHELLS;4976.0;1
-2;1178.0;Paris;Camilla;SEASHELLS;4977.0;1
-2;1181.0;Charlie;Paris;SEASHELLS;4972.0;1
-2;1183.0;Gary;Gina;SEASHELLS;4973.0;7
-2;1187.0;Charlie;Paris;SEASHELLS;4971.0;1
-2;1194.0;Paris;Camilla;SEASHELLS;4976.0;1
-2;1195.0;Charlie;Penelope;SEASHELLS;4971.0;8
-2;1196.0;Camilla;Paris;SEASHELLS;4972.0;1
-2;1198.0;Caesar;Paris;SEASHELLS;4972.0;1
-2;1208.0;Charlie;Paris;SEASHELLS;4970.0;1
-2;1209.0;Paris;Paris;SEASHELLS;4975.0;1
-2;1228.0;Charlie;Paris;SEASHELLS;4970.0;1
-2;1231.0;Charlie;Paris;SEASHELLS;4972.0;1
-2;1232.0;Caesar;Penelope;SEASHELLS;4975.0;5
-2;1232.0;Caesar;Paris;SEASHELLS;4972.0;1
-2;1233.0;Paris;Camilla;SEASHELLS;4977.0;1
-2;1241.0;Penelope;Charlie;SEASHELLS;4977.0;7
-2;1241.0;Penelope;Caesar;SEASHELLS;4977.0;1
-2;1241.0;Paris;Charlie;SEASHELLS;4976.0;1
-2;1243.0;Penelope;Charlie;SEASHELLS;4977.0;7
-2;1250.0;Paris;Camilla;SEASHELLS;4975.0;2
-2;1252.0;Caesar;Paris;SEASHELLS;4970.0;1
-2;1253.0;Paris;Pablo;SEASHELLS;4971.0;1
-2;1254.0;Paris;Charlie;SEASHELLS;4976.0;2
-2;1255.0;Charlie;Paris;SEASHELLS;4970.0;2
-2;1268.0;Gina;Camilla;SEASHELLS;4977.0;7
-2;1274.0;Charlie;Paris;SEASHELLS;4973.0;1
-2;1277.0;Charlie;Paris;SEASHELLS;4973.0;1
-2;1281.0;Penelope;Charlie;SEASHELLS;4980.0;5
-2;1281.0;Penelope;Caesar;SEASHELLS;4980.0;2
-2;1293.0;Charlie;Paris;SEASHELLS;4972.0;2
-2;1296.0;Penelope;Caesar;SEASHELLS;4980.0;1
-2;1298.0;Charlie;Gary;SEASHELLS;4973.0;13
-2;1298.0;Charlie;Paris;SEASHELLS;4973.0;1
-2;1299.0;Charlie;Paris;SEASHELLS;4974.0;1
-2;1303.0;Pablo;Paris;SEASHELLS;4979.0;1
-2;1304.0;Charlie;Paris;SEASHELLS;4975.0;1
-2;1305.0;Charlie;Paris;SEASHELLS;4975.0;1
-2;1306.0;Pablo;Charlie;SEASHELLS;4980.0;3
-2;1312.0;Caesar;Paris;SEASHELLS;4976.0;1
-2;1321.0;Paris;Charlie;SEASHELLS;4984.0;1
-2;1324.0;Charlie;Paris;SEASHELLS;4977.0;1
-2;1335.0;Paris;Charlie;SEASHELLS;4983.0;1
-2;1338.0;Paris;Charlie;SEASHELLS;4981.0;1
-2;1343.0;Gina;Charlie;SEASHELLS;4981.0;10
-2;1348.0;Paris;Pablo;SEASHELLS;4977.0;1
-2;1348.0;Charlie;Pablo;SEASHELLS;4977.0;4
-2;1354.0;Charlie;Paris;SEASHELLS;4976.0;1
-2;1355.0;Charlie;Penelope;SEASHELLS;4976.0;11
-2;1357.0;Charlie;Paris;SEASHELLS;4977.0;1
-2;1366.0;Paris;Charlie;SEASHELLS;4985.0;2
-2;1366.0;Charlie;Paris;SEASHELLS;4978.0;1
-2;1370.0;Charlie;Paris;SEASHELLS;4978.0;1
-2;1376.0;Paris;Camilla;SEASHELLS;4984.0;1
-2;1382.0;Pablo;Charlie;SEASHELLS;4982.0;2
-2;1400.0;Charlie;Penelope;SEASHELLS;4975.0;7
-2;1401.0;Camilla;Gary;SEASHELLS;4976.0;1
-2;1402.0;Charlie;Pablo;SEASHELLS;4977.0;5
-2;1408.0;Paris;Caesar;SEASHELLS;4981.0;1
-2;1409.0;Charlie;Paris;SEASHELLS;4976.0;1
-2;1412.0;Gina;Charlie;SEASHELLS;4980.0;12
-2;1415.0;Paris;Charlie;SEASHELLS;4981.0;1
-2;1417.0;Paris;Charlie;SEASHELLS;4981.0;1
-2;1420.0;Charlie;Pablo;SEASHELLS;4977.0;2
-2;1425.0;Paris;Charlie;SEASHELLS;4982.0;1
-2;1429.0;Paris;Charlie;SEASHELLS;4982.0;1
-2;1430.0;Penelope;Charlie;SEASHELLS;4983.0;12
-2;1432.0;Charlie;Paris;SEASHELLS;4976.0;2
-2;1433.0;Charlie;Paris;SEASHELLS;4976.0;1
-2;1434.0;Charlie;Paris;SEASHELLS;4976.0;1
-2;1439.0;Camilla;Paris;SEASHELLS;4975.0;1
-2;1443.0;Paris;Caesar;SEASHELLS;4979.0;1
-2;1449.0;Paris;Charlie;SEASHELLS;4978.0;1
-2;1459.0;Paris;Camilla;SEASHELLS;4978.0;1
-2;1460.0;Paris;Penelope;SEASHELLS;4978.0;1
-2;1464.0;Paris;Charlie;SEASHELLS;4980.0;2
-2;1470.0;Charlie;Paris;SEASHELLS;4973.0;1
-2;1474.0;Charlie;Penelope;SEASHELLS;4973.0;10
-2;1475.0;Charlie;Paris;SEASHELLS;4973.0;1
-2;1479.0;Paris;Charlie;SEASHELLS;4977.0;1
-2;1481.0;Caesar;Paris;SEASHELLS;4974.0;1
-2;1483.0;Paris;Paris;SEASHELLS;4976.0;1
-2;1486.0;Paris;Charlie;SEASHELLS;4976.0;1
-2;1488.0;Charlie;Paris;SEASHELLS;4971.0;1
-2;1501.0;Caesar;Paris;SEASHELLS;4969.0;1
-2;1502.0;Paris;Charlie;SEASHELLS;4975.0;1
-2;1504.0;Charlie;Paris;SEASHELLS;4970.0;1
-2;1513.0;Penelope;Charlie;SEASHELLS;4979.0;6
-2;1515.0;Camilla;Paris;SEASHELLS;4973.0;1
-2;1516.0;Charlie;Pablo;SEASHELLS;4974.0;1
-2;1520.0;Charlie;Paris;SEASHELLS;4974.0;1
-2;1521.0;Paris;Caesar;SEASHELLS;4980.0;1
-2;1522.0;Paris;Caesar;SEASHELLS;4981.0;2
-2;1524.0;Caesar;Paris;SEASHELLS;4975.0;1
-2;1526.0;Charlie;Caesar;SEASHELLS;4977.0;3
-2;1531.0;Charlie;Penelope;SEASHELLS;4973.0;9
-2;1536.0;Paris;Camilla;SEASHELLS;4978.0;1
-2;1537.0;Charlie;Paris;SEASHELLS;4973.0;1
-2;1540.0;Camilla;Paris;SEASHELLS;4974.0;1
-2;1540.0;Camilla;Penelope;SEASHELLS;4974.0;2
-2;1548.0;Charlie;Paris;SEASHELLS;4974.0;1
-2;1549.0;Charlie;Paris;SEASHELLS;4974.0;1
-2;1557.0;Paris;Charlie;SEASHELLS;4981.0;1
-2;1564.0;Penelope;Charlie;SEASHELLS;4982.0;5
-2;1567.0;Gary;Charlie;SEASHELLS;4983.0;16
-2;1568.0;Paris;Charlie;SEASHELLS;4983.0;2
-2;1575.0;Charlie;Paris;SEASHELLS;4975.0;1
-2;1578.0;Paris;Charlie;SEASHELLS;4982.0;1
-2;1580.0;Paris;Charlie;SEASHELLS;4981.0;2
-2;1581.0;Charlie;Paris;SEASHELLS;4974.0;1
-2;1584.0;Charlie;Paris;SEASHELLS;4974.0;1
-2;1586.0;Caesar;Paris;SEASHELLS;4975.0;1
-2;1590.0;Gina;Charlie;SEASHELLS;4980.0;12
-2;1593.0;Camilla;Gina;SEASHELLS;4975.0;4
-2;1593.0;Charlie;Paris;SEASHELLS;4974.0;2
-2;1596.0;Camilla;Paris;SEASHELLS;4973.0;1
-2;1600.0;Caesar;Paris;SEASHELLS;4977.0;2
-2;1603.0;Caesar;Paris;SEASHELLS;4975.0;1
-2;1604.0;Paris;Camilla;SEASHELLS;4980.0;1
-2;1605.0;Charlie;Paris;SEASHELLS;4974.0;1
-2;1608.0;Charlie;Paris;SEASHELLS;4973.0;1
-2;1609.0;Charlie;Penelope;SEASHELLS;4973.0;3
-2;1610.0;Charlie;Gina;SEASHELLS;4974.0;13
-2;1619.0;Charlie;Paris;SEASHELLS;4972.0;1
-2;1621.0;Paris;Charlie;SEASHELLS;4979.0;2
-2;1622.0;Charlie;Penelope;SEASHELLS;4972.0;12
-2;1624.0;Caesar;Paris;SEASHELLS;4975.0;2
-2;1625.0;Pablo;Paris;SEASHELLS;4976.0;1
-2;1628.0;Charlie;Paris;SEASHELLS;4973.0;1
-2;1629.0;Charlie;Paris;SEASHELLS;4973.0;2
-2;1632.0;Paris;Camilla;SEASHELLS;4978.0;1
-2;1634.0;Paris;Charlie;SEASHELLS;4979.0;1
-2;1639.0;Gary;Caesar;SEASHELLS;4977.0;1
-2;1640.0;Pablo;Charlie;SEASHELLS;4978.0;5
-2;1648.0;Caesar;Penelope;SEASHELLS;4973.0;2
-2;1648.0;Charlie;Penelope;SEASHELLS;4973.0;7
-2;1658.0;Paris;Gina;SEASHELLS;4978.0;1
-2;1660.0;Charlie;Pablo;SEASHELLS;4974.0;5
-2;1664.0;Charlie;Gina;SEASHELLS;4973.0;13
-2;1668.0;Gina;Paris;SEASHELLS;4973.0;1
-2;1668.0;Gina;Paris;SEASHELLS;4978.0;1
-2;1672.0;Camilla;Paris;SEASHELLS;4972.0;1
-2;1672.0;Gary;Charlie;SEASHELLS;4978.0;13
-2;1674.0;Paris;Charlie;SEASHELLS;4979.0;2
-2;1683.0;Charlie;Paris;SEASHELLS;4973.0;1
-2;1688.0;Charlie;Gary;SEASHELLS;4975.0;11
-2;1688.0;Camilla;Gary;SEASHELLS;4975.0;9
-2;1693.0;Caesar;Paris;SEASHELLS;4974.0;1
-2;1697.0;Paris;Charlie;SEASHELLS;4979.0;1
-2;1701.0;Paris;Camilla;SEASHELLS;4977.0;2
-2;1701.0;Charlie;Paris;SEASHELLS;4972.0;1
-2;1703.0;Paris;Caesar;SEASHELLS;4977.0;1
-2;1707.0;Caesar;Gina;SEASHELLS;4972.0;1
-2;1709.0;Camilla;Pablo;SEASHELLS;4973.0;3
-2;1712.0;Charlie;Gary;SEASHELLS;4973.0;18
-2;1714.0;Paris;Camilla;SEASHELLS;4977.0;1
-2;1718.0;Paris;Charlie;SEASHELLS;4978.0;1
-2;1729.0;Charlie;Pablo;SEASHELLS;4974.0;3
-2;1737.0;Paris;Camilla;SEASHELLS;4978.0;1
-2;1742.0;Paris;Camilla;SEASHELLS;4978.0;1
-2;1750.0;Paris;Camilla;SEASHELLS;4977.0;1
-2;1753.0;Paris;Paris;SEASHELLS;4977.0;1
-2;1756.0;Paris;Charlie;SEASHELLS;4978.0;1
-2;1757.0;Paris;Charlie;SEASHELLS;4977.0;1
-2;1761.0;Caesar;Paris;SEASHELLS;4972.0;1
-2;1762.0;Paris;Camilla;SEASHELLS;4976.0;1
-2;1766.0;Paris;Charlie;SEASHELLS;4979.0;2
-2;1774.0;Charlie;Pablo;SEASHELLS;4973.0;3
-2;1776.0;Charlie;Pablo;SEASHELLS;4975.0;4
-2;1777.0;Penelope;Charlie;SEASHELLS;4980.0;12
-2;1780.0;Gary;Charlie;SEASHELLS;4980.0;20
-2;1783.0;Paris;Charlie;SEASHELLS;4980.0;1
-2;1801.0;Caesar;Paris;SEASHELLS;4976.0;1
-2;1804.0;Paris;Camilla;SEASHELLS;4981.0;1
-2;1806.0;Charlie;Paris;SEASHELLS;4976.0;1
-2;1815.0;Charlie;Paris;SEASHELLS;4977.0;1
-2;1819.0;Paris;Charlie;SEASHELLS;4984.0;2
-2;1828.0;Penelope;Charlie;SEASHELLS;4985.0;9
-2;1829.0;Charlie;Penelope;SEASHELLS;4978.0;4
-2;1832.0;Charlie;Paris;SEASHELLS;4980.0;1
-2;1835.0;Caesar;Paris;SEASHELLS;4979.0;1
-2;1836.0;Pablo;Charlie;SEASHELLS;4983.0;4
-2;1843.0;Charlie;Paris;SEASHELLS;4979.0;1
-2;1851.0;Charlie;Paris;SEASHELLS;4977.0;1
-2;1861.0;Charlie;Paris;SEASHELLS;4978.0;1
-2;1862.0;Charlie;Penelope;SEASHELLS;4978.0;4
-2;1866.0;Caesar;Paris;SEASHELLS;4980.0;1
-2;1869.0;Charlie;Paris;SEASHELLS;4979.0;1
-2;1870.0;Gary;Charlie;SEASHELLS;4986.0;18
-2;1870.0;Gina;Charlie;SEASHELLS;4984.0;8
-2;1874.0;Paris;Camilla;SEASHELLS;4984.0;1
-2;1875.0;Camilla;Gary;SEASHELLS;4980.0;7
-2;1875.0;Charlie;Gary;SEASHELLS;4980.0;12
-2;1877.0;Penelope;Charlie;SEASHELLS;4985.0;3
-2;1878.0;Paris;Charlie;SEASHELLS;4983.0;1
-2;1885.0;Camilla;Paris;SEASHELLS;4981.0;1
-2;1886.0;Penelope;Charlie;SEASHELLS;4987.0;9
-2;1888.0;Paris;Charlie;SEASHELLS;4986.0;1
-2;1890.0;Paris;Charlie;SEASHELLS;4986.0;1
-2;1894.0;Gina;Paris;SEASHELLS;4980.0;1
-2;1895.0;Paris;Caesar;SEASHELLS;4985.0;1
-2;1897.0;Gary;Charlie;SEASHELLS;4986.0;14
-2;1898.0;Paris;Charlie;SEASHELLS;4987.0;1
-2;1916.0;Caesar;Paris;SEASHELLS;4983.0;2
-2;1917.0;Caesar;Paris;SEASHELLS;4981.0;1
-2;1932.0;Camilla;Paris;SEASHELLS;4981.0;1
-2;1937.0;Charlie;Paris;SEASHELLS;4980.0;2
-2;1940.0;Gary;Camilla;SEASHELLS;4986.0;6
-2;1947.0;Paris;Camilla;SEASHELLS;4985.0;2
-2;1949.0;Paris;Camilla;SEASHELLS;4987.0;1
-2;1961.0;Paris;Camilla;SEASHELLS;4988.0;1
-2;1962.0;Charlie;Paris;SEASHELLS;4983.0;1
-2;1965.0;Charlie;Paris;SEASHELLS;4984.0;1
-2;1967.0;Paris;Charlie;SEASHELLS;4989.0;1
-2;1968.0;Camilla;Paris;SEASHELLS;4984.0;2
-2;1972.0;Penelope;Charlie;SEASHELLS;4990.0;7
-2;1974.0;Paris;Charlie;SEASHELLS;4990.0;2
-2;1981.0;Paris;Charlie;SEASHELLS;4991.0;1
-2;1982.0;Paris;Charlie;SEASHELLS;4990.0;1
-2;1985.0;Charlie;Paris;SEASHELLS;4984.0;1
-2;1990.0;Pablo;Charlie;SEASHELLS;4988.0;1
-2;1990.0;Paris;Charlie;SEASHELLS;4989.0;1
-2;1991.0;Charlie;Paris;SEASHELLS;4984.0;1
-2;1995.0;Paris;Camilla;SEASHELLS;4989.0;2
-2;2003.0;Pablo;Charlie;SEASHELLS;4989.0;5
-2;2004.0;Charlie;Paris;SEASHELLS;4984.0;2
-2;2006.0;Paris;Charlie;SEASHELLS;4991.0;2
-2;2007.0;Charlie;Paris;SEASHELLS;4985.0;2
-2;2011.0;Charlie;Penelope;SEASHELLS;4984.0;2
-2;2018.0;Charlie;Gina;SEASHELLS;4986.0;9
-2;2022.0;Charlie;Gary;SEASHELLS;4986.0;20
-2;2022.0;Paris;Caesar;SEASHELLS;4992.0;1
-2;2025.0;Camilla;Paris;SEASHELLS;4987.0;1
-2;2030.0;Charlie;Paris;SEASHELLS;4987.0;2
-2;2034.0;Penelope;Charlie;SEASHELLS;4994.0;2
-2;2036.0;Penelope;Charlie;SEASHELLS;4994.0;11
-2;2040.0;Paris;Camilla;SEASHELLS;4992.0;2
-2;2048.0;Penelope;Charlie;SEASHELLS;4993.0;4
-2;2050.0;Paris;Camilla;SEASHELLS;4992.0;1
-2;2053.0;Caesar;Paris;SEASHELLS;4989.0;2
-2;2054.0;Paris;Caesar;SEASHELLS;4995.0;1
-2;2063.0;Charlie;Pablo;SEASHELLS;4989.0;2
-2;2065.0;Charlie;Paris;SEASHELLS;4988.0;1
-2;2072.0;Paris;Charlie;SEASHELLS;4994.0;2
-2;2073.0;Charlie;Paris;SEASHELLS;4987.0;1
-2;2074.0;Camilla;Paris;SEASHELLS;4987.0;1
-2;2074.0;Penelope;Charlie;SEASHELLS;4993.0;6
-2;2078.0;Paris;Charlie;SEASHELLS;4992.0;1
-2;2081.0;Camilla;Paris;SEASHELLS;4987.0;1
-2;2083.0;Paris;Charlie;SEASHELLS;4993.0;1
-2;2085.0;Charlie;Paris;SEASHELLS;4987.0;1
-2;2091.0;Charlie;Pablo;SEASHELLS;4988.0;1
-2;2094.0;Charlie;Paris;SEASHELLS;4987.0;1
-2;2097.0;Charlie;Paris;SEASHELLS;4987.0;1
-2;2100.0;Charlie;Paris;SEASHELLS;4988.0;2
-2;2108.0;Charlie;Penelope;SEASHELLS;4988.0;12
-2;2111.0;Charlie;Pablo;SEASHELLS;4990.0;1
-2;2114.0;Paris;Charlie;SEASHELLS;4995.0;1
-2;2115.0;Camilla;Paris;SEASHELLS;4990.0;1
-2;2120.0;Penelope;Charlie;SEASHELLS;4995.0;5
-2;2126.0;Paris;Camilla;SEASHELLS;4995.0;1
-2;2128.0;Charlie;Paris;SEASHELLS;4989.0;1
-2;2133.0;Camilla;Pablo;SEASHELLS;4989.0;4
-2;2148.0;Charlie;Paris;SEASHELLS;4986.0;1
-2;2149.0;Gina;Charlie;SEASHELLS;4991.0;11
-2;2150.0;Charlie;Paris;SEASHELLS;4986.0;1
-2;2152.0;Paris;Charlie;SEASHELLS;4992.0;2
-2;2153.0;Gary;Pablo;SEASHELLS;4987.0;5
-2;2164.0;Gary;Caesar;SEASHELLS;4993.0;1
-2;2166.0;Caesar;Paris;SEASHELLS;4987.0;1
-2;2168.0;Charlie;Paris;SEASHELLS;4987.0;1
-2;2168.0;Charlie;Gary;SEASHELLS;4987.0;12
-2;2172.0;Paris;Charlie;SEASHELLS;4992.0;1
-2;2178.0;Charlie;Pablo;SEASHELLS;4987.0;5
-2;2180.0;Charlie;Paris;SEASHELLS;4986.0;1
-2;2184.0;Charlie;Gary;SEASHELLS;4986.0;19
-2;2185.0;Paris;Caesar;SEASHELLS;4991.0;1
-2;2185.0;Paris;Caesar;SEASHELLS;4988.0;1
-2;2197.0;Paris;Camilla;SEASHELLS;4990.0;1
-2;2200.0;Paris;Camilla;SEASHELLS;4991.0;1
-2;2202.0;Paris;Paris;SEASHELLS;4991.0;1
-2;2204.0;Charlie;Paris;SEASHELLS;4986.0;2
-2;2209.0;Camilla;Paris;SEASHELLS;4986.0;1
-2;2210.0;Pablo;Camilla;SEASHELLS;4989.0;2
-2;2216.0;Paris;Charlie;SEASHELLS;4988.0;1
-2;2218.0;Charlie;Paris;SEASHELLS;4983.0;1
-2;2226.0;Paris;Charlie;SEASHELLS;4991.0;2
-2;2233.0;Pablo;Paris;SEASHELLS;4989.0;1
-2;2235.0;Paris;Charlie;SEASHELLS;4989.0;1
-2;2244.0;Paris;Caesar;SEASHELLS;4990.0;2
-2;2246.0;Paris;Charlie;SEASHELLS;4990.0;1
-2;2247.0;Charlie;Paris;SEASHELLS;4984.0;1
-2;2250.0;Charlie;Paris;SEASHELLS;4984.0;1
-2;2259.0;Charlie;Paris;SEASHELLS;4983.0;1
-2;2260.0;Gary;Charlie;SEASHELLS;4990.0;14
-2;2261.0;Charlie;Paris;SEASHELLS;4983.0;2
-2;2262.0;Paris;Charlie;SEASHELLS;4990.0;1
-2;2264.0;Charlie;Pablo;SEASHELLS;4984.0;3
-2;2268.0;Charlie;Paris;SEASHELLS;4983.0;1
-2;2269.0;Paris;Charlie;SEASHELLS;4989.0;1
-2;2277.0;Paris;Charlie;SEASHELLS;4989.0;1
-2;2278.0;Paris;Caesar;SEASHELLS;4989.0;1
-2;2279.0;Charlie;Paris;SEASHELLS;4983.0;1
-2;2280.0;Pablo;Charlie;SEASHELLS;4988.0;5
-2;2280.0;Paris;Charlie;SEASHELLS;4989.0;1
-2;2281.0;Pablo;Charlie;SEASHELLS;4987.0;3
-2;2289.0;Paris;Pablo;SEASHELLS;4986.0;1
-2;2299.0;Pablo;Penelope;SEASHELLS;4992.0;2
-2;2305.0;Charlie;Paris;SEASHELLS;4987.0;1
-2;2307.0;Charlie;Paris;SEASHELLS;4986.0;2
-2;2307.0;Charlie;Pablo;SEASHELLS;4988.0;1
-2;2307.0;Paris;Pablo;SEASHELLS;4988.0;1
-2;2308.0;Paris;Camilla;SEASHELLS;4992.0;1
-2;2308.0;Charlie;Gary;SEASHELLS;4986.0;19
-2;2312.0;Paris;Charlie;SEASHELLS;4992.0;1
-2;2319.0;Charlie;Pablo;SEASHELLS;4987.0;5
-2;2322.0;Charlie;Pablo;SEASHELLS;4987.0;4
-2;2323.0;Pablo;Charlie;SEASHELLS;4991.0;2
-2;2326.0;Charlie;Paris;SEASHELLS;4987.0;1
-2;2328.0;Charlie;Paris;SEASHELLS;4987.0;1
-2;2332.0;Paris;Camilla;SEASHELLS;4992.0;1
-2;2336.0;Paris;Camilla;SEASHELLS;4993.0;1
-2;2338.0;Gary;Caesar;SEASHELLS;4994.0;2
-2;2346.0;Camilla;Paris;SEASHELLS;4987.0;1
-2;2355.0;Paris;Charlie;SEASHELLS;4991.0;1
-2;2365.0;Charlie;Paris;SEASHELLS;4984.0;2
-2;2366.0;Charlie;Paris;SEASHELLS;4984.0;1
-2;2368.0;Charlie;Paris;SEASHELLS;4985.0;1
-2;2371.0;Paris;Charlie;SEASHELLS;4992.0;1
-2;2374.0;Charlie;Pablo;SEASHELLS;4986.0;2
-2;2376.0;Penelope;Charlie;SEASHELLS;4992.0;10
-2;2378.0;Camilla;Paris;SEASHELLS;4985.0;1
-2;2380.0;Paris;Charlie;SEASHELLS;4991.0;1
-2;2381.0;Paris;Charlie;SEASHELLS;4991.0;1
-2;2381.0;Penelope;Caesar;SEASHELLS;4990.0;2
-2;2388.0;Charlie;Paris;SEASHELLS;4983.0;2
-2;2390.0;Gary;Charlie;SEASHELLS;4990.0;20
-2;2392.0;Charlie;Paris;SEASHELLS;4984.0;1
-2;2393.0;Paris;Charlie;SEASHELLS;4990.0;1
-2;2411.0;Charlie;Paris;SEASHELLS;4983.0;1
-2;2413.0;Charlie;Paris;SEASHELLS;4982.0;1
-2;2416.0;Charlie;Paris;SEASHELLS;4981.0;1
-2;2418.0;Penelope;Camilla;SEASHELLS;4986.0;6
-2;2418.0;Paris;Camilla;SEASHELLS;4986.0;2
-2;2423.0;Gary;Charlie;SEASHELLS;4988.0;20
-2;2426.0;Charlie;Penelope;SEASHELLS;4981.0;6
-2;2427.0;Paris;Charlie;SEASHELLS;4986.0;1
-2;2430.0;Paris;Charlie;SEASHELLS;4985.0;1
-2;2432.0;Charlie;Paris;SEASHELLS;4980.0;1
-2;2435.0;Paris;Paris;SEASHELLS;4987.0;1
-2;2437.0;Charlie;Paris;SEASHELLS;4982.0;1
-2;2438.0;Charlie;Paris;SEASHELLS;4981.0;2
-2;2448.0;Paris;Charlie;SEASHELLS;4986.0;1
-2;2451.0;Penelope;Camilla;SEASHELLS;4986.0;8
-2;2452.0;Caesar;Penelope;SEASHELLS;4981.0;1
-2;2453.0;Charlie;Paris;SEASHELLS;4981.0;1
-2;2466.0;Camilla;Pablo;SEASHELLS;4980.0;3
-2;2474.0;Caesar;Paris;SEASHELLS;4979.0;1
-2;2477.0;Penelope;Charlie;SEASHELLS;4987.0;4
-2;2477.0;Camilla;Paris;SEASHELLS;4980.0;1
-2;2478.0;Camilla;Paris;SEASHELLS;4981.0;2
-2;2482.0;Gary;Camilla;SEASHELLS;4985.0;1
-2;2484.0;Pablo;Charlie;SEASHELLS;4984.0;3
-2;2485.0;Charlie;Gary;SEASHELLS;4980.0;16
-2;2485.0;Charlie;Paris;SEASHELLS;4980.0;1
-2;2493.0;Gary;Camilla;SEASHELLS;4984.0;9
-2;2495.0;Camilla;Paris;SEASHELLS;4980.0;1
-2;2500.0;Paris;Charlie;SEASHELLS;4985.0;1
-2;2504.0;Pablo;Caesar;SEASHELLS;4985.0;2
-2;2506.0;Paris;Charlie;SEASHELLS;4988.0;2
-2;2507.0;Paris;Charlie;SEASHELLS;4987.0;1
-2;2514.0;Charlie;Paris;SEASHELLS;4982.0;1
-2;2516.0;Penelope;Charlie;SEASHELLS;4989.0;4
-2;2529.0;Charlie;Paris;SEASHELLS;4984.0;2
-2;2535.0;Charlie;Penelope;SEASHELLS;4985.0;10
-2;2536.0;Charlie;Paris;SEASHELLS;4985.0;1
-2;2538.0;Charlie;Paris;SEASHELLS;4986.0;1
-2;2541.0;Paris;Gina;SEASHELLS;4988.0;2
-2;2541.0;Charlie;Gina;SEASHELLS;4988.0;10
-2;2548.0;Paris;Charlie;SEASHELLS;4994.0;1
-2;2551.0;Charlie;Paris;SEASHELLS;4987.0;1
-2;2552.0;Charlie;Paris;SEASHELLS;4988.0;2
-2;2555.0;Charlie;Paris;SEASHELLS;4988.0;1
-2;2558.0;Pablo;Charlie;SEASHELLS;4992.0;1
-2;2561.0;Penelope;Charlie;SEASHELLS;4994.0;6
-2;2561.0;Paris;Charlie;SEASHELLS;4993.0;1
-2;2561.0;Penelope;Caesar;SEASHELLS;4994.0;1
-2;2563.0;Charlie;Gary;SEASHELLS;4989.0;15
-2;2572.0;Charlie;Pablo;SEASHELLS;4991.0;1
-2;2572.0;Paris;Pablo;SEASHELLS;4991.0;1
-2;2574.0;Pablo;Charlie;SEASHELLS;4995.0;5
-2;2577.0;Caesar;Paris;SEASHELLS;4991.0;1
-2;2583.0;Charlie;Paris;SEASHELLS;4990.0;2
-2;2594.0;Camilla;Paris;SEASHELLS;4991.0;1
-2;2596.0;Paris;Camilla;SEASHELLS;4995.0;1
-2;2603.0;Charlie;Paris;SEASHELLS;4989.0;1
-2;2604.0;Caesar;Paris;SEASHELLS;4990.0;1
-2;2607.0;Caesar;Paris;SEASHELLS;4990.0;1
-2;2611.0;Paris;Pablo;SEASHELLS;4990.0;1
-2;2616.0;Camilla;Paris;SEASHELLS;4989.0;1
-2;2619.0;Paris;Camilla;SEASHELLS;4994.0;1
-2;2620.0;Charlie;Paris;SEASHELLS;4989.0;1
-2;2623.0;Paris;Charlie;SEASHELLS;4996.0;2
-2;2629.0;Charlie;Paris;SEASHELLS;4990.0;1
-2;2630.0;Paris;Charlie;SEASHELLS;4996.0;1
-2;2638.0;Caesar;Paris;SEASHELLS;4991.0;1
-2;2646.0;Camilla;Pablo;SEASHELLS;4991.0;5
-2;2658.0;Penelope;Caesar;SEASHELLS;4995.0;2
-2;2658.0;Paris;Charlie;SEASHELLS;4996.0;2
-2;2660.0;Caesar;Paris;SEASHELLS;4992.0;1
-2;2660.0;Paris;Camilla;SEASHELLS;4994.0;1
-2;2661.0;Camilla;Paris;SEASHELLS;4990.0;1
-2;2664.0;Charlie;Paris;SEASHELLS;4989.0;1
-2;2666.0;Paris;Charlie;SEASHELLS;4995.0;1
-2;2669.0;Paris;Charlie;SEASHELLS;4997.0;1
-2;2671.0;Charlie;Paris;SEASHELLS;4991.0;1
-2;2680.0;Pablo;Charlie;SEASHELLS;4994.0;1
-2;2691.0;Charlie;Paris;SEASHELLS;4990.0;1
-2;2691.0;Caesar;Paris;SEASHELLS;4990.0;1
-2;2693.0;Paris;Camilla;SEASHELLS;4994.0;1
-2;2699.0;Paris;Paris;SEASHELLS;4994.0;1
-2;2700.0;Paris;Charlie;SEASHELLS;4994.0;1
-2;2701.0;Charlie;Penelope;SEASHELLS;4988.0;4
-2;2702.0;Camilla;Paris;SEASHELLS;4989.0;1
-2;2704.0;Camilla;Paris;SEASHELLS;4989.0;1
-2;2707.0;Paris;Charlie;SEASHELLS;4994.0;1
-2;2708.0;Charlie;Paris;SEASHELLS;4989.0;1
-2;2710.0;Paris;Charlie;SEASHELLS;4996.0;2
-2;2713.0;Penelope;Camilla;SEASHELLS;4994.0;7
-2;2718.0;Charlie;Paris;SEASHELLS;4989.0;1
-2;2720.0;Gary;Charlie;SEASHELLS;4995.0;14
-2;2722.0;Paris;Charlie;SEASHELLS;4994.0;1
-2;2723.0;Charlie;Paris;SEASHELLS;4989.0;1
-2;2729.0;Paris;Charlie;SEASHELLS;4995.0;2
-2;2743.0;Paris;Charlie;SEASHELLS;4994.0;1
-2;2747.0;Charlie;Pablo;SEASHELLS;4989.0;1
-2;2751.0;Paris;Charlie;SEASHELLS;4993.0;1
-2;2757.0;Pablo;Charlie;SEASHELLS;4993.0;3
-2;2771.0;Caesar;Paris;SEASHELLS;4988.0;1
-2;2771.0;Charlie;Paris;SEASHELLS;4988.0;1
-2;2782.0;Pablo;Paris;SEASHELLS;4991.0;1
-2;2783.0;Charlie;Paris;SEASHELLS;4988.0;1
-2;2788.0;Penelope;Camilla;SEASHELLS;4991.0;3
-2;2788.0;Penelope;Charlie;SEASHELLS;4991.0;8
-2;2793.0;Camilla;Penelope;SEASHELLS;4987.0;4
-2;2794.0;Charlie;Paris;SEASHELLS;4986.0;1
-2;2795.0;Charlie;Paris;SEASHELLS;4985.0;2
-2;2800.0;Charlie;Paris;SEASHELLS;4985.0;2
-2;2803.0;Gary;Charlie;SEASHELLS;4992.0;13
-2;2805.0;Paris;Charlie;SEASHELLS;4992.0;2
-2;2823.0;Camilla;Paris;SEASHELLS;4984.0;1
-2;2834.0;Paris;Charlie;SEASHELLS;4992.0;2
-2;2843.0;Penelope;Charlie;SEASHELLS;4992.0;10
-2;2846.0;Charlie;Paris;SEASHELLS;4985.0;2
-2;2852.0;Charlie;Paris;SEASHELLS;4986.0;1
-2;2854.0;Charlie;Paris;SEASHELLS;4986.0;1
-2;2861.0;Paris;Charlie;SEASHELLS;4991.0;2
-2;2882.0;Charlie;Paris;SEASHELLS;4984.0;1
-2;2887.0;Charlie;Paris;SEASHELLS;4984.0;1
-2;2890.0;Paris;Charlie;SEASHELLS;4988.0;1
-2;2890.0;Paris;Charlie;SEASHELLS;4989.0;1
-2;2895.0;Paris;Camilla;SEASHELLS;4989.0;1
-2;2895.0;Charlie;Penelope;SEASHELLS;4984.0;7
-2;2898.0;Charlie;Penelope;SEASHELLS;4984.0;5
-2;2903.0;Pablo;Paris;SEASHELLS;4988.0;1
-2;2904.0;Paris;Charlie;SEASHELLS;4990.0;1
-2;2915.0;Charlie;Paris;SEASHELLS;4986.0;1
-2;2918.0;Caesar;Paris;SEASHELLS;4987.0;1
-2;2924.0;Charlie;Paris;SEASHELLS;4988.0;2
-2;2927.0;Penelope;Charlie;SEASHELLS;4995.0;6
-2;2927.0;Penelope;Caesar;SEASHELLS;4995.0;1
-2;2929.0;Caesar;Paris;SEASHELLS;4989.0;1
-2;2931.0;Gary;Charlie;SEASHELLS;4995.0;16
-2;2931.0;Charlie;Paris;SEASHELLS;4988.0;1
-2;2932.0;Camilla;Paris;SEASHELLS;4989.0;1
-2;2935.0;Charlie;Paris;SEASHELLS;4988.0;1
-2;2935.0;Charlie;Pablo;SEASHELLS;4989.0;5
-2;2937.0;Caesar;Gina;SEASHELLS;4988.0;1
-2;2941.0;Charlie;Penelope;SEASHELLS;4988.0;9
-2;2943.0;Caesar;Penelope;SEASHELLS;4988.0;1
-2;2943.0;Charlie;Penelope;SEASHELLS;4988.0;4
-2;2944.0;Gina;Charlie;SEASHELLS;4993.0;11
-2;2950.0;Charlie;Paris;SEASHELLS;4988.0;1
-2;2954.0;Camilla;Paris;SEASHELLS;4989.0;1
-2;2958.0;Paris;Charlie;SEASHELLS;4995.0;2
-2;2959.0;Charlie;Paris;SEASHELLS;4988.0;1
-2;2962.0;Penelope;Pablo;SEASHELLS;4990.0;1
-2;2964.0;Paris;Charlie;SEASHELLS;4993.0;1
-2;2968.0;Gina;Charlie;SEASHELLS;4992.0;8
-2;2971.0;Charlie;Pablo;SEASHELLS;4988.0;2
-2;2972.0;Paris;Charlie;SEASHELLS;4992.0;1
-2;2975.0;Paris;Charlie;SEASHELLS;4994.0;2
-2;2975.0;Charlie;Paris;SEASHELLS;4987.0;1
-2;2975.0;Gary;Caesar;SEASHELLS;4993.0;1
-2;2982.0;Camilla;Paris;SEASHELLS;4990.0;2
-2;2987.0;Charlie;Paris;SEASHELLS;4990.0;1
-2;2989.0;Paris;Camilla;SEASHELLS;4996.0;1
-2;2990.0;Paris;Camilla;SEASHELLS;4996.0;1
-2;2997.0;Paris;Camilla;SEASHELLS;4996.0;1
-2;2998.0;Paris;Charlie;SEASHELLS;4996.0;1
-2;3008.0;Charlie;Penelope;SEASHELLS;4992.0;6
-2;3009.0;Paris;Charlie;SEASHELLS;4999.0;1
-2;3012.0;Charlie;Pablo;SEASHELLS;4993.0;1
-2;3015.0;Paris;Charlie;SEASHELLS;4998.0;2
-2;3020.0;Gina;Camilla;SEASHELLS;4996.0;8
-2;3020.0;Gary;Charlie;SEASHELLS;4998.0;20
-2;3022.0;Paris;Charlie;SEASHELLS;4996.0;1
-2;3022.0;Paris;Charlie;SEASHELLS;4997.0;1
-2;3030.0;Caesar;Paris;SEASHELLS;4990.0;1
-2;3032.0;Charlie;Paris;SEASHELLS;4990.0;1
-2;3032.0;Paris;Charlie;SEASHELLS;4997.0;2
-2;3035.0;Charlie;Pablo;SEASHELLS;4991.0;5
-2;3037.0;Camilla;Paris;SEASHELLS;4991.0;1
-2;3040.0;Charlie;Gary;SEASHELLS;4991.0;17
-2;3042.0;Charlie;Pablo;SEASHELLS;4992.0;5
-2;3057.0;Penelope;Charlie;SEASHELLS;4996.0;12
-2;3061.0;Camilla;Paris;SEASHELLS;4989.0;1
-2;3076.0;Charlie;Paris;SEASHELLS;4989.0;1
-2;3080.0;Paris;Charlie;SEASHELLS;4997.0;1
-2;3083.0;Charlie;Paris;SEASHELLS;4990.0;1
-2;3084.0;Charlie;Paris;SEASHELLS;4990.0;1
-2;3086.0;Charlie;Paris;SEASHELLS;4991.0;1
-2;3087.0;Charlie;Pablo;SEASHELLS;4992.0;5
-2;3087.0;Charlie;Paris;SEASHELLS;4991.0;1
-2;3093.0;Caesar;Pablo;SEASHELLS;4991.0;1
-2;3097.0;Camilla;Paris;SEASHELLS;4991.0;2
-2;3109.0;Paris;Charlie;SEASHELLS;4994.0;1
-2;3112.0;Charlie;Paris;SEASHELLS;4988.0;1
-2;3118.0;Charlie;Paris;SEASHELLS;4988.0;2
-2;3124.0;Caesar;Paris;SEASHELLS;4990.0;2
-2;3126.0;Paris;Camilla;SEASHELLS;4995.0;1
-2;3132.0;Charlie;Paris;SEASHELLS;4990.0;1
-2;3133.0;Caesar;Paris;SEASHELLS;4990.0;1
-2;3143.0;Charlie;Caesar;SEASHELLS;4994.0;1
-2;3148.0;Charlie;Paris;SEASHELLS;4992.0;2
-2;3159.0;Paris;Camilla;SEASHELLS;4998.0;1
-2;3159.0;Paris;Charlie;SEASHELLS;4999.0;1
-2;3161.0;Camilla;Pablo;SEASHELLS;4993.0;2
-2;3163.0;Paris;Charlie;SEASHELLS;4999.0;2
-2;3167.0;Paris;Charlie;SEASHELLS;5000.0;1
-2;3169.0;Camilla;Paris;SEASHELLS;4994.0;1
-2;3170.0;Paris;Charlie;SEASHELLS;4999.0;1
-2;3175.0;Caesar;Paris;SEASHELLS;4993.0;1
-2;3177.0;Charlie;Caesar;SEASHELLS;4994.0;5
-2;3185.0;Gary;Charlie;SEASHELLS;4997.0;15
-2;3188.0;Paris;Camilla;SEASHELLS;4996.0;1
-2;3191.0;Penelope;Charlie;SEASHELLS;4998.0;4
-2;3196.0;Charlie;Paris;SEASHELLS;4992.0;1
-2;3203.0;Charlie;Penelope;SEASHELLS;4991.0;6
-2;3204.0;Paris;Caesar;SEASHELLS;4997.0;1
-2;3206.0;Caesar;Paris;SEASHELLS;4991.0;1
-2;3212.0;Charlie;Penelope;SEASHELLS;4992.0;9
-2;3212.0;Caesar;Penelope;SEASHELLS;4992.0;1
-2;3214.0;Paris;Caesar;SEASHELLS;4998.0;2
-2;3217.0;Charlie;Paris;SEASHELLS;4993.0;1
-2;3219.0;Caesar;Paris;SEASHELLS;4993.0;1
-2;3220.0;Caesar;Paris;SEASHELLS;4993.0;1
-2;3221.0;Caesar;Paris;SEASHELLS;4994.0;1
-2;3222.0;Charlie;Paris;SEASHELLS;4994.0;1
-2;3226.0;Caesar;Paris;SEASHELLS;4994.0;1
-2;3230.0;Charlie;Paris;SEASHELLS;4993.0;1
-2;3242.0;Caesar;Paris;SEASHELLS;4995.0;2
-2;3244.0;Paris;Charlie;SEASHELLS;4997.0;1
-2;3246.0;Charlie;Pablo;SEASHELLS;4993.0;2
-2;3252.0;Caesar;Paris;SEASHELLS;4992.0;1
-2;3256.0;Paris;Pablo;SEASHELLS;4993.0;1
-2;3256.0;Charlie;Pablo;SEASHELLS;4993.0;4
-2;3260.0;Penelope;Caesar;SEASHELLS;4998.0;2
-2;3263.0;Charlie;Paris;SEASHELLS;4991.0;1
-2;3264.0;Charlie;Paris;SEASHELLS;4991.0;1
-2;3265.0;Paris;Charlie;SEASHELLS;4996.0;1
-2;3267.0;Charlie;Pablo;SEASHELLS;4992.0;3
-2;3267.0;Paris;Pablo;SEASHELLS;4992.0;1
-2;3270.0;Charlie;Paris;SEASHELLS;4992.0;1
-2;3275.0;Gina;Charlie;SEASHELLS;4995.0;8
-2;3276.0;Gary;Camilla;SEASHELLS;4995.0;8
-2;3276.0;Gary;Charlie;SEASHELLS;4995.0;9
-2;3278.0;Camilla;Paris;SEASHELLS;4991.0;1
-2;3279.0;Caesar;Paris;SEASHELLS;4993.0;1
-2;3285.0;Charlie;Paris;SEASHELLS;4991.0;1
-2;3287.0;Paris;Charlie;SEASHELLS;4997.0;1
-2;3291.0;Paris;Charlie;SEASHELLS;4997.0;1
-2;3305.0;Charlie;Paris;SEASHELLS;4993.0;1
-2;3311.0;Charlie;Pablo;SEASHELLS;4994.0;1
-2;3314.0;Charlie;Paris;SEASHELLS;4992.0;1
-2;3319.0;Charlie;Paris;SEASHELLS;4992.0;1
-2;3321.0;Caesar;Penelope;SEASHELLS;4995.0;3
-2;3324.0;Gary;Charlie;SEASHELLS;5000.0;20
-2;3329.0;Penelope;Charlie;SEASHELLS;5000.0;11
-2;3332.0;Paris;Charlie;SEASHELLS;4999.0;2
-2;3334.0;Caesar;Paris;SEASHELLS;4993.0;1
-2;3340.0;Pablo;Charlie;SEASHELLS;4997.0;3
-2;3342.0;Charlie;Paris;SEASHELLS;4993.0;1
-2;3344.0;Charlie;Paris;SEASHELLS;4994.0;1
-2;3346.0;Charlie;Paris;SEASHELLS;4993.0;1
-2;3349.0;Charlie;Caesar;SEASHELLS;4996.0;2
-2;3351.0;Paris;Camilla;SEASHELLS;4999.0;1
-2;3353.0;Charlie;Pablo;SEASHELLS;4996.0;1
-2;3355.0;Gina;Camilla;SEASHELLS;4999.0;9
-2;3363.0;Paris;Camilla;SEASHELLS;5003.0;1
-2;3365.0;Paris;Charlie;SEASHELLS;5006.0;1
-2;3367.0;Charlie;Olivia;SEASHELLS;5000.0;17
-2;3367.0;Caesar;Paris;SEASHELLS;5001.0;2
-2;3368.0;Charlie;Paris;SEASHELLS;5000.0;1
-2;3373.0;Camilla;Paris;SEASHELLS;5001.0;2
-2;3375.0;Charlie;Caesar;SEASHELLS;5002.0;2
-2;3377.0;Caesar;Paris;SEASHELLS;5001.0;1
-2;3380.0;Charlie;Paris;SEASHELLS;5000.0;1
-2;3384.0;Paris;Caesar;SEASHELLS;5005.0;1
-2;3384.0;Charlie;Paris;SEASHELLS;4999.0;1
-2;3387.0;Paris;Charlie;SEASHELLS;5003.0;1
-2;3397.0;Paris;Charlie;SEASHELLS;5002.0;1
-2;3402.0;Paris;Charlie;SEASHELLS;5002.0;1
-2;3406.0;Paris;Charlie;SEASHELLS;5002.0;1
-2;3414.0;Paris;Charlie;SEASHELLS;5001.0;1
-2;3415.0;Camilla;Paris;SEASHELLS;4996.0;1
-2;3422.0;Charlie;Paris;SEASHELLS;4996.0;1
-2;3424.0;Charlie;Paris;SEASHELLS;4995.0;1
-2;3430.0;Paris;Pablo;SEASHELLS;4998.0;2
-2;3430.0;Charlie;Pablo;SEASHELLS;4998.0;2
-2;3436.0;Paris;Pablo;SEASHELLS;4997.0;1
-2;3438.0;Charlie;Paris;SEASHELLS;4997.0;1
-2;3442.0;Pablo;Paris;SEASHELLS;5000.0;1
-2;3447.0;Penelope;Pablo;SEASHELLS;4996.0;2
-2;3449.0;Paris;Charlie;SEASHELLS;5001.0;1
-2;3451.0;Charlie;Penelope;SEASHELLS;4995.0;8
-2;3452.0;Camilla;Paris;SEASHELLS;4995.0;1
-2;3460.0;Charlie;Paris;SEASHELLS;4996.0;1
-2;3474.0;Caesar;Pablo;SEASHELLS;4996.0;1
-2;3476.0;Paris;Camilla;SEASHELLS;4999.0;2
-2;3479.0;Charlie;Paris;SEASHELLS;4993.0;1
-2;3484.0;Caesar;Penelope;SEASHELLS;4994.0;2
-2;3487.0;Penelope;Charlie;SEASHELLS;5000.0;11
-2;3489.0;Caesar;Paris;SEASHELLS;4994.0;1
-2;3491.0;Charlie;Paris;SEASHELLS;4993.0;1
-2;3492.0;Pablo;Paris;SEASHELLS;4997.0;1
-2;3493.0;Charlie;Paris;SEASHELLS;4993.0;1
-2;3495.0;Paris;Charlie;SEASHELLS;4999.0;1
-2;3496.0;Paris;Charlie;SEASHELLS;4999.0;1
-2;3497.0;Charlie;Paris;SEASHELLS;4993.0;1
-2;3500.0;Paris;Camilla;SEASHELLS;5000.0;1
-2;3502.0;Gina;Charlie;SEASHELLS;4999.0;12
-2;3505.0;Charlie;Paris;SEASHELLS;4995.0;1
-2;3509.0;Charlie;Paris;SEASHELLS;4994.0;2
-2;3509.0;Charlie;Paris;SEASHELLS;4995.0;1
-2;3511.0;Paris;Charlie;SEASHELLS;4999.0;1
-2;3515.0;Paris;Charlie;SEASHELLS;5001.0;2
-2;3516.0;Caesar;Paris;SEASHELLS;4994.0;1
-2;3519.0;Penelope;Caesar;SEASHELLS;4999.0;2
-2;3519.0;Penelope;Charlie;SEASHELLS;4999.0;7
-2;3529.0;Caesar;Paris;SEASHELLS;4992.0;1
-2;3530.0;Paris;Charlie;SEASHELLS;4997.0;1
-2;3532.0;Charlie;Paris;SEASHELLS;4992.0;1
-2;3533.0;Charlie;Gary;SEASHELLS;4992.0;20
-2;3537.0;Charlie;Paris;SEASHELLS;4993.0;2
-2;3542.0;Gina;Charlie;SEASHELLS;4998.0;12
-2;3543.0;Paris;Camilla;SEASHELLS;4997.0;1
-2;3544.0;Paris;Camilla;SEASHELLS;4998.0;1
-2;3548.0;Paris;Charlie;SEASHELLS;4998.0;1
-2;3549.0;Charlie;Caesar;SEASHELLS;4994.0;3
-2;3552.0;Charlie;Paris;SEASHELLS;4992.0;2
-2;3554.0;Paris;Charlie;SEASHELLS;4997.0;1
-2;3562.0;Camilla;Paris;SEASHELLS;4993.0;1
-2;3573.0;Charlie;Paris;SEASHELLS;4990.0;1
-2;3584.0;Caesar;Gary;SEASHELLS;4988.0;1
-2;3586.0;Charlie;Paris;SEASHELLS;4987.0;1
-2;3587.0;Charlie;Paris;SEASHELLS;4986.0;1
-2;3593.0;Pablo;Caesar;SEASHELLS;4991.0;1
-2;3593.0;Gina;Caesar;SEASHELLS;4991.0;2
-2;3593.0;Pablo;Camilla;SEASHELLS;4991.0;0
-2;3593.0;Gina;Camilla;SEASHELLS;4991.0;6
-2;3595.0;Penelope;Charlie;SEASHELLS;4993.0;8
-2;3599.0;Caesar;Paris;SEASHELLS;4987.0;1
-2;3600.0;Charlie;Paris;SEASHELLS;4986.0;1
-2;3607.0;Paris;Camilla;SEASHELLS;4990.0;1
-2;3608.0;Pablo;Charlie;SEASHELLS;4990.0;4
-2;3609.0;Gina;Charlie;SEASHELLS;4991.0;8
-2;3614.0;Charlie;Paris;SEASHELLS;4985.0;2
-2;3618.0;Paris;Charlie;SEASHELLS;4990.0;1
-2;3623.0;Charlie;Penelope;SEASHELLS;4985.0;2
-2;3630.0;Paris;Caesar;SEASHELLS;4991.0;1
-2;3634.0;Paris;Camilla;SEASHELLS;4990.0;1
-2;3642.0;Paris;Charlie;SEASHELLS;4990.0;1
-2;3647.0;Paris;Charlie;SEASHELLS;4990.0;1
-2;3651.0;Caesar;Paris;SEASHELLS;4986.0;1
-2;3654.0;Penelope;Charlie;SEASHELLS;4992.0;12
-2;3654.0;Paris;Paris;SEASHELLS;4991.0;1
-2;3656.0;Gary;Charlie;SEASHELLS;4992.0;13
-2;3660.0;Paris;Charlie;SEASHELLS;4992.0;1
-2;3668.0;Charlie;Paris;SEASHELLS;4986.0;1
-2;3671.0;Camilla;Paris;SEASHELLS;4987.0;1
-2;3672.0;Caesar;Paris;SEASHELLS;4987.0;1
-2;3672.0;Gary;Charlie;SEASHELLS;4993.0;16
-2;3674.0;Charlie;Paris;SEASHELLS;4986.0;1
-2;3680.0;Charlie;Caesar;SEASHELLS;4988.0;1
-2;3681.0;Paris;Charlie;SEASHELLS;4993.0;2
-2;3682.0;Paris;Camilla;SEASHELLS;4991.0;1
-2;3684.0;Penelope;Caesar;SEASHELLS;4988.0;3
-2;3688.0;Charlie;Paris;SEASHELLS;4986.0;1
-2;3689.0;Paris;Charlie;SEASHELLS;4993.0;1
-2;3692.0;Paris;Charlie;SEASHELLS;4992.0;1
-2;3694.0;Caesar;Paris;SEASHELLS;4986.0;1
-2;3695.0;Charlie;Gina;SEASHELLS;4986.0;6
-2;3695.0;Caesar;Gina;SEASHELLS;4986.0;2
-2;3700.0;Paris;Charlie;SEASHELLS;4991.0;1
-2;3704.0;Charlie;Gary;SEASHELLS;4985.0;13
-2;3707.0;Pablo;Charlie;SEASHELLS;4990.0;1
-2;3710.0;Charlie;Paris;SEASHELLS;4986.0;1
-2;3710.0;Charlie;Paris;SEASHELLS;4986.0;2
-2;3714.0;Paris;Charlie;SEASHELLS;4991.0;1
-2;3727.0;Caesar;Paris;SEASHELLS;4985.0;1
-2;3728.0;Paris;Charlie;SEASHELLS;4992.0;2
-2;3730.0;Caesar;Paris;SEASHELLS;4985.0;1
-2;3736.0;Charlie;Paris;SEASHELLS;4984.0;1
-2;3739.0;Paris;Charlie;SEASHELLS;4990.0;1
-2;3744.0;Camilla;Paris;SEASHELLS;4985.0;1
-2;3746.0;Charlie;Gary;SEASHELLS;4984.0;20
-2;3748.0;Camilla;Gary;SEASHELLS;4985.0;5
-2;3753.0;Caesar;Paris;SEASHELLS;4984.0;1
-2;3755.0;Charlie;Gary;SEASHELLS;4984.0;16
-2;3756.0;Camilla;Paris;SEASHELLS;4984.0;1
-2;3760.0;Paris;Camilla;SEASHELLS;4989.0;1
-2;3761.0;Paris;Caesar;SEASHELLS;4990.0;1
-2;3762.0;Paris;Charlie;SEASHELLS;4990.0;1
-2;3764.0;Paris;Caesar;SEASHELLS;4990.0;2
-2;3770.0;Paris;Caesar;SEASHELLS;4988.0;1
-2;3770.0;Gina;Gary;SEASHELLS;4988.0;11
-2;3781.0;Charlie;Paris;SEASHELLS;4984.0;1
-2;3793.0;Camilla;Paris;SEASHELLS;4982.0;1
-2;3794.0;Charlie;Paris;SEASHELLS;4982.0;1
-2;3795.0;Caesar;Paris;SEASHELLS;4982.0;1
-2;3797.0;Paris;Charlie;SEASHELLS;4987.0;1
-2;3798.0;Charlie;Paris;SEASHELLS;4981.0;2
-2;3799.0;Paris;Camilla;SEASHELLS;4985.0;1
-2;3805.0;Charlie;Paris;SEASHELLS;4980.0;1
-2;3808.0;Paris;Charlie;SEASHELLS;4985.0;1
-2;3811.0;Caesar;Penelope;SEASHELLS;4980.0;2
-2;3813.0;Paris;Charlie;SEASHELLS;4985.0;1
-2;3813.0;Paris;Caesar;SEASHELLS;4985.0;1
-2;3816.0;Paris;Charlie;SEASHELLS;4984.0;1
-2;3822.0;Penelope;Charlie;SEASHELLS;4986.0;10
-2;3823.0;Paris;Charlie;SEASHELLS;4983.0;1
-2;3826.0;Charlie;Paris;SEASHELLS;4977.0;1
-2;3827.0;Caesar;Paris;SEASHELLS;4978.0;1
-2;3833.0;Pablo;Charlie;SEASHELLS;4983.0;3
-2;3833.0;Pablo;Paris;SEASHELLS;4983.0;1
-2;3834.0;Paris;Charlie;SEASHELLS;4984.0;1
-2;3837.0;Charlie;Paris;SEASHELLS;4980.0;1
-2;3839.0;Caesar;Paris;SEASHELLS;4981.0;1
-2;3843.0;Charlie;Paris;SEASHELLS;4982.0;2
-2;3845.0;Charlie;Pablo;SEASHELLS;4984.0;2
-2;3846.0;Paris;Charlie;SEASHELLS;4987.0;1
-2;3855.0;Charlie;Paris;SEASHELLS;4983.0;1
-2;3861.0;Paris;Camilla;SEASHELLS;4988.0;1
-2;3866.0;Paris;Charlie;SEASHELLS;4987.0;1
-2;3867.0;Caesar;Paris;SEASHELLS;4982.0;1
-2;3871.0;Pablo;Charlie;SEASHELLS;4985.0;3
-2;3874.0;Charlie;Gina;SEASHELLS;4980.0;10
-2;3877.0;Charlie;Paris;SEASHELLS;4981.0;1
-2;3878.0;Charlie;Paris;SEASHELLS;4981.0;2
-2;3878.0;Paris;Camilla;SEASHELLS;4986.0;1
-2;3880.0;Paris;Charlie;SEASHELLS;4987.0;1
-2;3891.0;Charlie;Paris;SEASHELLS;4982.0;2
-2;3896.0;Camilla;Paris;SEASHELLS;4981.0;1
-2;3902.0;Paris;Camilla;SEASHELLS;4987.0;1
-2;3903.0;Camilla;Paris;SEASHELLS;4983.0;1
-2;3905.0;Charlie;Paris;SEASHELLS;4982.0;1
-2;3905.0;Charlie;Gary;SEASHELLS;4982.0;20
-2;3906.0;Paris;Charlie;SEASHELLS;4988.0;1
-2;3911.0;Paris;Charlie;SEASHELLS;4988.0;1
-2;3912.0;Charlie;Gary;SEASHELLS;4983.0;15
-2;3921.0;Charlie;Caesar;SEASHELLS;4984.0;2
-2;3921.0;Paris;Caesar;SEASHELLS;4987.0;1
-2;3922.0;Charlie;Paris;SEASHELLS;4982.0;1
-2;3926.0;Penelope;Charlie;SEASHELLS;4989.0;8
-2;3934.0;Caesar;Paris;SEASHELLS;4980.0;1
-2;3939.0;Paris;Camilla;SEASHELLS;4985.0;1
-2;3942.0;Penelope;Caesar;SEASHELLS;4986.0;2
-2;3943.0;Charlie;Gary;SEASHELLS;4980.0;18
-2;3946.0;Charlie;Paris;SEASHELLS;4979.0;1
-2;3948.0;Paris;Charlie;SEASHELLS;4986.0;1
-2;3964.0;Penelope;Charlie;SEASHELLS;4986.0;7
-2;3967.0;Paris;Charlie;SEASHELLS;4985.0;1
-2;3968.0;Caesar;Paris;SEASHELLS;4980.0;2
-2;3970.0;Pablo;Charlie;SEASHELLS;4984.0;4
-2;3971.0;Paris;Charlie;SEASHELLS;4985.0;1
-2;3972.0;Caesar;Gina;SEASHELLS;4979.0;1
-2;3972.0;Charlie;Gina;SEASHELLS;4979.0;6
-2;3973.0;Charlie;Paris;SEASHELLS;4978.0;1
-2;3973.0;Charlie;Penelope;SEASHELLS;4978.0;10
-2;3977.0;Charlie;Pablo;SEASHELLS;4978.0;5
-2;3981.0;Paris;Charlie;SEASHELLS;4982.0;1
-2;3983.0;Penelope;Charlie;SEASHELLS;4984.0;12
-2;3984.0;Caesar;Paris;SEASHELLS;4978.0;1
-2;3986.0;Paris;Charlie;SEASHELLS;4983.0;1
-2;3989.0;Camilla;Paris;SEASHELLS;4978.0;1
-2;4001.0;Gary;Charlie;SEASHELLS;4984.0;12
-2;4003.0;Charlie;Paris;SEASHELLS;4978.0;1
-2;4005.0;Caesar;Paris;SEASHELLS;4980.0;1
-2;4007.0;Paris;Charlie;SEASHELLS;4986.0;2
-2;4009.0;Charlie;Paris;SEASHELLS;4979.0;1
-2;4017.0;Penelope;Charlie;SEASHELLS;4987.0;9
-2;4026.0;Paris;Camilla;SEASHELLS;4987.0;1
-2;4027.0;Charlie;Paris;SEASHELLS;4982.0;1
-2;4030.0;Penelope;Caesar;SEASHELLS;4989.0;2
-2;4030.0;Gary;Charlie;SEASHELLS;4989.0;19
-2;4030.0;Penelope;Charlie;SEASHELLS;4989.0;6
-2;4039.0;Charlie;Paris;SEASHELLS;4982.0;1
-2;4040.0;Paris;Charlie;SEASHELLS;4986.0;1
-2;4050.0;Camilla;Paris;SEASHELLS;4981.0;2
-2;4052.0;Charlie;Paris;SEASHELLS;4980.0;1
-2;4067.0;Pablo;Camilla;SEASHELLS;4985.0;2
-2;4076.0;Paris;Paris;SEASHELLS;4987.0;1
-2;4076.0;Pablo;Charlie;SEASHELLS;4986.0;1
-2;4080.0;Paris;Penelope;SEASHELLS;4987.0;1
-2;4093.0;Charlie;Paris;SEASHELLS;4983.0;1
-2;4109.0;Charlie;Paris;SEASHELLS;4983.0;1
-2;4111.0;Caesar;Paris;SEASHELLS;4984.0;1
-2;4132.0;Charlie;Paris;SEASHELLS;4982.0;2
-2;4137.0;Camilla;Paris;SEASHELLS;4982.0;1
-2;4141.0;Paris;Charlie;SEASHELLS;4987.0;1
-2;4145.0;Charlie;Paris;SEASHELLS;4980.0;1
-2;4150.0;Penelope;Charlie;SEASHELLS;4987.0;8
-2;4152.0;Paris;Camilla;SEASHELLS;4986.0;1
-2;4169.0;Paris;Charlie;SEASHELLS;4989.0;1
-2;4173.0;Charlie;Penelope;SEASHELLS;4982.0;10
-2;4179.0;Charlie;Paris;SEASHELLS;4981.0;1
-2;4182.0;Gina;Paris;SEASHELLS;4981.0;1
-2;4183.0;Charlie;Paris;SEASHELLS;4981.0;1
-2;4183.0;Penelope;Camilla;SEASHELLS;4985.0;2
-2;4184.0;Charlie;Paris;SEASHELLS;4981.0;1
-2;4188.0;Pablo;Gina;SEASHELLS;4987.0;2
-2;4188.0;Charlie;Gina;SEASHELLS;4984.0;6
-2;4189.0;Paris;Charlie;SEASHELLS;4988.0;1
-2;4191.0;Paris;Charlie;SEASHELLS;4987.0;1
-2;4195.0;Charlie;Caesar;SEASHELLS;4985.0;3
-2;4202.0;Paris;Camilla;SEASHELLS;4989.0;1
-2;4206.0;Paris;Camilla;SEASHELLS;4989.0;1
-2;4207.0;Charlie;Paris;SEASHELLS;4984.0;1
-2;4217.0;Paris;Charlie;SEASHELLS;4990.0;1
-2;4218.0;Pablo;Charlie;SEASHELLS;4988.0;3
-2;4219.0;Caesar;Penelope;SEASHELLS;4984.0;1
-2;4221.0;Penelope;Pablo;SEASHELLS;4985.0;1
-2;4222.0;Penelope;Charlie;SEASHELLS;4991.0;3
-2;4223.0;Charlie;Paris;SEASHELLS;4985.0;1
-2;4226.0;Camilla;Pablo;SEASHELLS;4986.0;2
-2;4233.0;Paris;Charlie;SEASHELLS;4992.0;1
-2;4240.0;Penelope;Charlie;SEASHELLS;4994.0;9
-2;4244.0;Camilla;Paris;SEASHELLS;4987.0;1
-2;4247.0;Paris;Caesar;SEASHELLS;4992.0;1
-2;4251.0;Pablo;Charlie;SEASHELLS;4991.0;1
-2;4251.0;Pablo;Paris;SEASHELLS;4991.0;1
-2;4252.0;Paris;Camilla;SEASHELLS;4991.0;1
-2;4257.0;Charlie;Paris;SEASHELLS;4986.0;2
-2;4260.0;Camilla;Paris;SEASHELLS;4986.0;1
-2;4269.0;Charlie;Pablo;SEASHELLS;4987.0;1
-2;4278.0;Penelope;Charlie;SEASHELLS;4992.0;9
-2;4279.0;Charlie;Paris;SEASHELLS;4986.0;2
-2;4282.0;Paris;Charlie;SEASHELLS;4992.0;2
-2;4283.0;Charlie;Paris;SEASHELLS;4985.0;1
-2;4284.0;Charlie;Paris;SEASHELLS;4985.0;1
-2;4285.0;Charlie;Paris;SEASHELLS;4985.0;1
-2;4290.0;Paris;Charlie;SEASHELLS;4989.0;1
-2;4294.0;Paris;Caesar;SEASHELLS;4989.0;1
-2;4300.0;Pablo;Charlie;SEASHELLS;4987.0;3
-2;4304.0;Camilla;Pablo;SEASHELLS;4984.0;4
-2;4311.0;Charlie;Paris;SEASHELLS;4982.0;1
-2;4316.0;Caesar;Paris;SEASHELLS;4982.0;1
-2;4320.0;Charlie;Paris;SEASHELLS;4981.0;1
-2;4323.0;Caesar;Gary;SEASHELLS;4982.0;1
-2;4323.0;Charlie;Gary;SEASHELLS;4982.0;12
-2;4325.0;Charlie;Pablo;SEASHELLS;4983.0;1
-2;4327.0;Charlie;Gary;SEASHELLS;4981.0;14
-2;4333.0;Paris;Charlie;SEASHELLS;4987.0;1
-2;4335.0;Paris;Camilla;SEASHELLS;4988.0;1
-2;4340.0;Charlie;Penelope;SEASHELLS;4983.0;5
-2;4343.0;Gina;Paris;SEASHELLS;4983.0;1
-2;4343.0;Gina;Charlie;SEASHELLS;4988.0;11
-2;4346.0;Paris;Camilla;SEASHELLS;4988.0;1
-2;4349.0;Charlie;Pablo;SEASHELLS;4985.0;5
-2;4353.0;Paris;Charlie;SEASHELLS;4988.0;1
-2;4358.0;Charlie;Pablo;SEASHELLS;4983.0;3
-2;4364.0;Paris;Charlie;SEASHELLS;4986.0;1
-2;4365.0;Paris;Camilla;SEASHELLS;4986.0;1
-2;4367.0;Caesar;Paris;SEASHELLS;4981.0;1
-2;4373.0;Paris;Caesar;SEASHELLS;4985.0;1
-2;4380.0;Caesar;Paris;SEASHELLS;4980.0;1
-2;4385.0;Paris;Caesar;SEASHELLS;4987.0;1
-2;4393.0;Penelope;Charlie;SEASHELLS;4988.0;11
-2;4393.0;Penelope;Caesar;SEASHELLS;4988.0;1
-2;4394.0;Charlie;Paris;SEASHELLS;4982.0;1
-2;4395.0;Caesar;Paris;SEASHELLS;4982.0;1
-2;4396.0;Charlie;Pablo;SEASHELLS;4983.0;2
-2;4402.0;Paris;Charlie;SEASHELLS;4988.0;1
-2;4404.0;Paris;Charlie;SEASHELLS;4987.0;1
-2;4407.0;Charlie;Paris;SEASHELLS;4982.0;1
-2;4408.0;Paris;Penelope;SEASHELLS;4987.0;1
-2;4410.0;Charlie;Paris;SEASHELLS;4982.0;1
-2;4413.0;Caesar;Paris;SEASHELLS;4983.0;2
-2;4414.0;Penelope;Charlie;SEASHELLS;4990.0;2
-2;4418.0;Charlie;Gina;SEASHELLS;4983.0;4
-2;4418.0;Camilla;Gina;SEASHELLS;4983.0;6
-2;4418.0;Caesar;Gina;SEASHELLS;4983.0;2
-2;4420.0;Pablo;Charlie;SEASHELLS;4987.0;3
-2;4422.0;Caesar;Paris;SEASHELLS;4983.0;1
-2;4424.0;Paris;Charlie;SEASHELLS;4987.0;1
-2;4425.0;Charlie;Paris;SEASHELLS;4982.0;1
-2;4436.0;Caesar;Paris;SEASHELLS;4983.0;1
-2;4441.0;Paris;Camilla;SEASHELLS;4986.0;1
-2;4442.0;Charlie;Paris;SEASHELLS;4981.0;2
-2;4444.0;Penelope;Charlie;SEASHELLS;4987.0;2
-2;4445.0;Caesar;Paris;SEASHELLS;4981.0;1
-2;4446.0;Camilla;Paris;SEASHELLS;4981.0;1
-2;4449.0;Camilla;Penelope;SEASHELLS;4981.0;7
-2;4450.0;Camilla;Paris;SEASHELLS;4981.0;1
-2;4452.0;Charlie;Pablo;SEASHELLS;4982.0;2
-2;4455.0;Charlie;Gina;SEASHELLS;4981.0;12
-2;4455.0;Paris;Gina;SEASHELLS;4986.0;1
-2;4475.0;Penelope;Charlie;SEASHELLS;4988.0;5
-2;4475.0;Charlie;Paris;SEASHELLS;4981.0;1
-2;4478.0;Paris;Camilla;SEASHELLS;4987.0;1
-2;4484.0;Paris;Charlie;SEASHELLS;4986.0;1
-2;4486.0;Paris;Charlie;SEASHELLS;4987.0;2
-2;4490.0;Charlie;Paris;SEASHELLS;4981.0;1
-2;4501.0;Charlie;Pablo;SEASHELLS;4984.0;2
-2;4501.0;Paris;Pablo;SEASHELLS;4984.0;1
-2;4502.0;Charlie;Paris;SEASHELLS;4983.0;2
-2;4505.0;Paris;Camilla;SEASHELLS;4987.0;1
-2;4506.0;Charlie;Paris;SEASHELLS;4983.0;1
-2;4511.0;Charlie;Paris;SEASHELLS;4983.0;1
-2;4514.0;Paris;Camilla;SEASHELLS;4988.0;1
-2;4516.0;Penelope;Charlie;SEASHELLS;4989.0;12
-2;4524.0;Charlie;Paris;SEASHELLS;4983.0;1
-2;4527.0;Charlie;Paris;SEASHELLS;4984.0;1
-2;4532.0;Charlie;Caesar;SEASHELLS;4985.0;2
-2;4546.0;Charlie;Paris;SEASHELLS;4983.0;1
-2;4549.0;Paris;Charlie;SEASHELLS;4990.0;2
-2;4552.0;Charlie;Paris;SEASHELLS;4985.0;1
-2;4556.0;Caesar;Paris;SEASHELLS;4985.0;1
-2;4557.0;Charlie;Paris;SEASHELLS;4984.0;1
-2;4559.0;Penelope;Charlie;SEASHELLS;4990.0;2
-2;4562.0;Charlie;Paris;SEASHELLS;4983.0;1
-2;4569.0;Pablo;Charlie;SEASHELLS;4987.0;3
-2;4573.0;Charlie;Gina;SEASHELLS;4985.0;8
-2;4587.0;Charlie;Paris;SEASHELLS;4985.0;1
-2;4593.0;Paris;Penelope;SEASHELLS;4990.0;1
-2;4594.0;Caesar;Paris;SEASHELLS;4986.0;1
-2;4606.0;Caesar;Penelope;SEASHELLS;4984.0;2
-2;4607.0;Charlie;Pablo;SEASHELLS;4985.0;2
-2;4612.0;Caesar;Paris;SEASHELLS;4984.0;1
-2;4614.0;Gary;Camilla;SEASHELLS;4988.0;1
-2;4627.0;Charlie;Paris;SEASHELLS;4984.0;1
-2;4638.0;Paris;Charlie;SEASHELLS;4991.0;1
-2;4639.0;Paris;Charlie;SEASHELLS;4992.0;1
-2;4640.0;Charlie;Pablo;SEASHELLS;4988.0;2
-2;4642.0;Charlie;Paris;SEASHELLS;4987.0;1
-2;4646.0;Camilla;Paris;SEASHELLS;4987.0;1
-2;4651.0;Charlie;Paris;SEASHELLS;4985.0;1
-2;4653.0;Paris;Charlie;SEASHELLS;4991.0;2
-2;4656.0;Paris;Charlie;SEASHELLS;4989.0;1
-2;4663.0;Charlie;Paris;SEASHELLS;4983.0;2
-2;4664.0;Charlie;Gina;SEASHELLS;4984.0;7
-2;4669.0;Charlie;Paris;SEASHELLS;4983.0;1
-2;4672.0;Charlie;Caesar;SEASHELLS;4985.0;4
-2;4672.0;Paris;Caesar;SEASHELLS;4988.0;1
-2;4681.0;Camilla;Paris;SEASHELLS;4981.0;1
-2;4686.0;Paris;Charlie;SEASHELLS;4985.0;1
-2;4692.0;Paris;Charlie;SEASHELLS;4986.0;2
-2;4694.0;Camilla;Pablo;SEASHELLS;4980.0;5
-2;4696.0;Penelope;Caesar;SEASHELLS;4986.0;2
-2;4696.0;Penelope;Charlie;SEASHELLS;4986.0;2
-2;4697.0;Paris;Charlie;SEASHELLS;4986.0;2
-2;4697.0;Paris;Charlie;SEASHELLS;4985.0;1
-2;4702.0;Charlie;Paris;SEASHELLS;4982.0;1
-2;4706.0;Paris;Gina;SEASHELLS;4987.0;1
-2;4709.0;Paris;Charlie;SEASHELLS;4988.0;2
-2;4717.0;Charlie;Paris;SEASHELLS;4980.0;1
-2;4717.0;Paris;Charlie;SEASHELLS;4987.0;1
-2;4721.0;Camilla;Paris;SEASHELLS;4980.0;1
-2;4722.0;Paris;Charlie;SEASHELLS;4987.0;2
-2;4723.0;Charlie;Pablo;SEASHELLS;4981.0;4
-2;4725.0;Paris;Caesar;SEASHELLS;4985.0;1
-2;4730.0;Pablo;Paris;SEASHELLS;4985.0;1
-2;4730.0;Pablo;Charlie;SEASHELLS;4985.0;2
-2;4735.0;Pablo;Camilla;SEASHELLS;4985.0;4
-2;4736.0;Paris;Caesar;SEASHELLS;4986.0;1
-2;4737.0;Charlie;Pablo;SEASHELLS;4982.0;3
-2;4738.0;Charlie;Paris;SEASHELLS;4981.0;1
-2;4741.0;Paris;Charlie;SEASHELLS;4986.0;1
-2;4744.0;Charlie;Penelope;SEASHELLS;4981.0;6
-2;4744.0;Caesar;Penelope;SEASHELLS;4981.0;1
-2;4746.0;Paris;Charlie;SEASHELLS;4986.0;1
-2;4749.0;Charlie;Pablo;SEASHELLS;4982.0;2
-2;4750.0;Caesar;Paris;SEASHELLS;4981.0;1
-2;4752.0;Charlie;Caesar;SEASHELLS;4982.0;4
-2;4752.0;Paris;Caesar;SEASHELLS;4985.0;1
-2;4754.0;Charlie;Pablo;SEASHELLS;4982.0;5
-2;4756.0;Pablo;Charlie;SEASHELLS;4985.0;1
-2;4762.0;Caesar;Paris;SEASHELLS;4981.0;1
-2;4763.0;Camilla;Penelope;SEASHELLS;4982.0;2
-2;4764.0;Charlie;Paris;SEASHELLS;4981.0;1
-2;4769.0;Caesar;Gina;SEASHELLS;4982.0;2
-2;4769.0;Charlie;Gina;SEASHELLS;4982.0;11
-2;4771.0;Paris;Charlie;SEASHELLS;4986.0;1
-2;4772.0;Charlie;Penelope;SEASHELLS;4981.0;4
-2;4772.0;Caesar;Penelope;SEASHELLS;4981.0;1
-2;4776.0;Charlie;Paris;SEASHELLS;4981.0;2
-2;4780.0;Charlie;Paris;SEASHELLS;4980.0;2
-2;4783.0;Paris;Charlie;SEASHELLS;4985.0;1
-2;4785.0;Camilla;Paris;SEASHELLS;4981.0;1
-2;4790.0;Caesar;Paris;SEASHELLS;4980.0;1
-2;4799.0;Paris;Charlie;SEASHELLS;4985.0;1
-2;4804.0;Charlie;Gina;SEASHELLS;4979.0;10
-2;4804.0;Paris;Gina;SEASHELLS;4984.0;1
-2;4808.0;Camilla;Paris;SEASHELLS;4979.0;1
-2;4809.0;Penelope;Charlie;SEASHELLS;4986.0;2
-2;4814.0;Charlie;Paris;SEASHELLS;4980.0;1
-2;4824.0;Caesar;Paris;SEASHELLS;4980.0;1
-2;4826.0;Charlie;Caesar;SEASHELLS;4982.0;2
-2;4829.0;Pablo;Charlie;SEASHELLS;4984.0;1
-2;4829.0;Paris;Charlie;SEASHELLS;4985.0;1
-2;4831.0;Paris;Camilla;SEASHELLS;4984.0;1
-2;4834.0;Paris;Caesar;SEASHELLS;4985.0;1
-2;4836.0;Paris;Charlie;SEASHELLS;4983.0;1
-2;4841.0;Paris;Camilla;SEASHELLS;4983.0;1
-2;4842.0;Charlie;Paris;SEASHELLS;4978.0;1
-2;4845.0;Paris;Charlie;SEASHELLS;4982.0;1
-2;4849.0;Charlie;Paris;SEASHELLS;4977.0;2
-2;4850.0;Charlie;Paris;SEASHELLS;4977.0;2
-2;4856.0;Charlie;Paris;SEASHELLS;4976.0;2
-2;4856.0;Charlie;Pablo;SEASHELLS;4977.0;5
-2;4860.0;Charlie;Paris;SEASHELLS;4975.0;1
-2;4861.0;Penelope;Charlie;SEASHELLS;4982.0;12
-2;4863.0;Gina;Camilla;SEASHELLS;4980.0;5
-2;4863.0;Gina;Charlie;SEASHELLS;4980.0;7
-2;4864.0;Camilla;Gina;SEASHELLS;4976.0;8
-2;4868.0;Pablo;Caesar;SEASHELLS;4978.0;4
-2;4868.0;Charlie;Penelope;SEASHELLS;4974.0;9
-2;4869.0;Paris;Charlie;SEASHELLS;4980.0;1
-2;4871.0;Charlie;Paris;SEASHELLS;4974.0;1
-2;4874.0;Caesar;Paris;SEASHELLS;4975.0;1
-2;4877.0;Caesar;Pablo;SEASHELLS;4976.0;1
-2;4878.0;Paris;Camilla;SEASHELLS;4980.0;1
-2;4883.0;Gary;Charlie;SEASHELLS;4982.0;20
-2;4883.0;Paris;Charlie;SEASHELLS;4982.0;2
-2;4886.0;Pablo;Charlie;SEASHELLS;4978.0;2
-2;4886.0;Pablo;Camilla;SEASHELLS;4978.0;1
-2;4886.0;Paris;Camilla;SEASHELLS;4979.0;1
-2;4891.0;Camilla;Penelope;SEASHELLS;4975.0;5
-2;4892.0;Charlie;Penelope;SEASHELLS;4975.0;9
-2;4899.0;Charlie;Paris;SEASHELLS;4976.0;1
-2;4903.0;Charlie;Pablo;SEASHELLS;4976.0;2
-2;4905.0;Charlie;Paris;SEASHELLS;4974.0;1
-2;4907.0;Penelope;Charlie;SEASHELLS;4981.0;7
-2;4911.0;Paris;Camilla;SEASHELLS;4979.0;1
-2;4924.0;Paris;Charlie;SEASHELLS;4980.0;1
-2;4925.0;Charlie;Paris;SEASHELLS;4975.0;1
-2;4928.0;Gary;Caesar;SEASHELLS;4979.0;2
-2;4929.0;Paris;Charlie;SEASHELLS;4978.0;1
-2;4929.0;Gina;Charlie;SEASHELLS;4978.0;11
-2;4930.0;Charlie;Pablo;SEASHELLS;4974.0;1
-2;4930.0;Paris;Pablo;SEASHELLS;4974.0;1
-2;4932.0;Camilla;Paris;SEASHELLS;4974.0;1
-2;4933.0;Charlie;Paris;SEASHELLS;4973.0;1
-2;4937.0;Charlie;Pablo;SEASHELLS;4974.0;4
-2;4938.0;Charlie;Gary;SEASHELLS;4973.0;18
-2;4940.0;Paris;Caesar;SEASHELLS;4977.0;1
-2;4947.0;Charlie;Gina;SEASHELLS;4973.0;12
-2;4952.0;Pablo;Charlie;SEASHELLS;4976.0;1
-2;4954.0;Camilla;Paris;SEASHELLS;4971.0;1
-2;4955.0;Caesar;Paris;SEASHELLS;4971.0;1
-2;4961.0;Charlie;Paris;SEASHELLS;4970.0;1
-2;4980.0;Pablo;Charlie;SEASHELLS;4971.0;2
-2;4982.0;Paris;Camilla;SEASHELLS;4972.0;1
-2;4987.0;Camilla;Paris;SEASHELLS;4966.0;1
-2;4987.0;Paris;Caesar;SEASHELLS;4972.0;2
-2;4997.0;Paris;Camilla;SEASHELLS;4969.0;1
-2;4997.0;Charlie;Paris;SEASHELLS;4964.0;2
-2;4998.0;Paris;Charlie;SEASHELLS;4969.0;1
-2;4999.0;Paris;Caesar;SEASHELLS;4970.0;1
-2;5003.0;Caesar;Paris;SEASHELLS;4965.0;1
-2;5004.0;Paris;Charlie;SEASHELLS;4971.0;1
-2;5008.0;Caesar;Paris;SEASHELLS;4964.0;1
-2;5010.0;Pablo;Charlie;SEASHELLS;4968.0;2
-2;5010.0;Pablo;Paris;SEASHELLS;4968.0;2
-2;5015.0;Charlie;Pablo;SEASHELLS;4965.0;4
-2;5017.0;Paris;Charlie;SEASHELLS;4971.0;1
-2;5020.0;Paris;Camilla;SEASHELLS;4969.0;2
-2;5024.0;Charlie;Paris;SEASHELLS;4963.0;1
-2;5027.0;Paris;Camilla;SEASHELLS;4967.0;1
-2;5031.0;Charlie;Paris;SEASHELLS;4964.0;1
-2;5033.0;Gina;Charlie;SEASHELLS;4969.0;10
-2;5034.0;Charlie;Paris;SEASHELLS;4964.0;1
-2;5040.0;Caesar;Paris;SEASHELLS;4964.0;1
-2;5042.0;Charlie;Paris;SEASHELLS;4963.0;1
-2;5045.0;Charlie;Paris;SEASHELLS;4963.0;1
-2;5048.0;Paris;Camilla;SEASHELLS;4967.0;1
-2;5050.0;Charlie;Paris;SEASHELLS;4963.0;1
-2;5052.0;Charlie;Paris;SEASHELLS;4963.0;1
-2;5058.0;Gina;Charlie;SEASHELLS;4967.0;7
-2;5059.0;Charlie;Paris;SEASHELLS;4962.0;2
-2;5061.0;Paris;Charlie;SEASHELLS;4968.0;1
-2;5063.0;Paris;Camilla;SEASHELLS;4966.0;1
-2;5063.0;Paris;Charlie;SEASHELLS;4966.0;1
-2;5064.0;Paris;Charlie;SEASHELLS;4969.0;1
-2;5064.0;Charlie;Paris;SEASHELLS;4962.0;1
-2;5066.0;Charlie;Penelope;SEASHELLS;4962.0;2
-2;5077.0;Paris;Charlie;SEASHELLS;4967.0;1
-2;5082.0;Paris;Charlie;SEASHELLS;4968.0;1
-2;5084.0;Paris;Camilla;SEASHELLS;4967.0;1
-2;5086.0;Paris;Pablo;SEASHELLS;4962.0;1
-2;5087.0;Charlie;Penelope;SEASHELLS;4961.0;2
-2;5089.0;Charlie;Gina;SEASHELLS;4963.0;4
-2;5089.0;Paris;Gina;SEASHELLS;4963.0;2
-2;5089.0;Paris;Gina;SEASHELLS;4967.0;1
-2;5092.0;Paris;Charlie;SEASHELLS;4967.0;1
-2;5096.0;Paris;Camilla;SEASHELLS;4966.0;1
-2;5117.0;Camilla;Paris;SEASHELLS;4963.0;1
-2;5123.0;Charlie;Paris;SEASHELLS;4962.0;1
-2;5126.0;Paris;Charlie;SEASHELLS;4967.0;1
-2;5128.0;Camilla;Paris;SEASHELLS;4962.0;1
-2;5130.0;Charlie;Paris;SEASHELLS;4963.0;1
-2;5131.0;Paris;Camilla;SEASHELLS;4969.0;1
-2;5132.0;Charlie;Pablo;SEASHELLS;4964.0;4
-2;5135.0;Gary;Charlie;SEASHELLS;4970.0;15
-2;5136.0;Paris;Charlie;SEASHELLS;4970.0;1
-2;5146.0;Charlie;Gary;SEASHELLS;4963.0;13
-2;5146.0;Paris;Camilla;SEASHELLS;4968.0;1
-2;5165.0;Paris;Charlie;SEASHELLS;4967.0;1
-2;5167.0;Paris;Camilla;SEASHELLS;4964.0;2
-2;5170.0;Gary;Charlie;SEASHELLS;4965.0;18
-2;5172.0;Caesar;Paris;SEASHELLS;4958.0;1
-2;5173.0;Caesar;Paris;SEASHELLS;4961.0;1
-2;5175.0;Charlie;Paris;SEASHELLS;4959.0;1
-2;5177.0;Charlie;Paris;SEASHELLS;4958.0;2
-2;5183.0;Charlie;Gary;SEASHELLS;4958.0;20
-2;5185.0;Camilla;Penelope;SEASHELLS;4958.0;4
-2;5186.0;Charlie;Paris;SEASHELLS;4957.0;1
-2;5187.0;Caesar;Paris;SEASHELLS;4958.0;1
-2;5188.0;Charlie;Paris;SEASHELLS;4957.0;1
-2;5194.0;Paris;Camilla;SEASHELLS;4964.0;1
-2;5202.0;Paris;Charlie;SEASHELLS;4966.0;1
-2;5205.0;Charlie;Pablo;SEASHELLS;4962.0;1
-2;5206.0;Caesar;Paris;SEASHELLS;4961.0;1
-2;5207.0;Paris;Camilla;SEASHELLS;4966.0;1
-2;5210.0;Gina;Charlie;SEASHELLS;4965.0;12
-2;5213.0;Camilla;Paris;SEASHELLS;4962.0;2
-2;5215.0;Caesar;Gary;SEASHELLS;4962.0;2
-2;5215.0;Charlie;Gary;SEASHELLS;4962.0;12
-2;5216.0;Paris;Caesar;SEASHELLS;4967.0;1
-2;5223.0;Charlie;Pablo;SEASHELLS;4962.0;3
-2;5224.0;Pablo;Camilla;SEASHELLS;4965.0;4
-2;5238.0;Caesar;Paris;SEASHELLS;4960.0;1
-2;5239.0;Charlie;Paris;SEASHELLS;4960.0;1
-2;5246.0;Paris;Charlie;SEASHELLS;4965.0;2
-2;5250.0;Charlie;Paris;SEASHELLS;4957.0;2
-2;5254.0;Charlie;Gary;SEASHELLS;4959.0;18
-2;5263.0;Paris;Charlie;SEASHELLS;4965.0;1
-2;5265.0;Paris;Paris;SEASHELLS;4966.0;1
-2;5266.0;Paris;Camilla;SEASHELLS;4966.0;1
-2;5267.0;Paris;Camilla;SEASHELLS;4966.0;1
-2;5272.0;Penelope;Camilla;SEASHELLS;4965.0;6
-2;5297.0;Charlie;Paris;SEASHELLS;4964.0;1
-2;5303.0;Charlie;Paris;SEASHELLS;4965.0;1
-2;5304.0;Paris;Pablo;SEASHELLS;4966.0;1
-2;5304.0;Charlie;Pablo;SEASHELLS;4966.0;3
-2;5308.0;Paris;Charlie;SEASHELLS;4971.0;2
-2;5312.0;Penelope;Caesar;SEASHELLS;4967.0;1
-2;5312.0;Camilla;Paris;SEASHELLS;4965.0;1
-2;5316.0;Charlie;Paris;SEASHELLS;4966.0;1
-2;5319.0;Paris;Charlie;SEASHELLS;4970.0;1
-2;5326.0;Caesar;Paris;SEASHELLS;4968.0;2
-2;5329.0;Paris;Charlie;SEASHELLS;4970.0;1
-2;5330.0;Camilla;Pablo;SEASHELLS;4965.0;5
-2;5331.0;Charlie;Paris;SEASHELLS;4965.0;1
-2;5342.0;Charlie;Paris;SEASHELLS;4965.0;1
-2;5345.0;Paris;Charlie;SEASHELLS;4970.0;1
-2;5348.0;Gina;Caesar;SEASHELLS;4968.0;4
-2;5355.0;Camilla;Paris;SEASHELLS;4965.0;1
-2;5356.0;Gina;Camilla;SEASHELLS;4968.0;1
-2;5359.0;Charlie;Gina;SEASHELLS;4964.0;7
-2;5362.0;Paris;Charlie;SEASHELLS;4969.0;1
-2;5363.0;Charlie;Paris;SEASHELLS;4962.0;1
-2;5364.0;Charlie;Paris;SEASHELLS;4962.0;1
-2;5365.0;Charlie;Penelope;SEASHELLS;4962.0;7
-2;5370.0;Camilla;Paris;SEASHELLS;4965.0;1
-2;5384.0;Charlie;Paris;SEASHELLS;4966.0;1
-2;5389.0;Paris;Charlie;SEASHELLS;4971.0;1
-2;5391.0;Penelope;Caesar;SEASHELLS;4972.0;1
-2;5395.0;Charlie;Paris;SEASHELLS;4966.0;1
-2;5396.0;Paris;Camilla;SEASHELLS;4971.0;1
-2;5401.0;Penelope;Caesar;SEASHELLS;4971.0;1
-2;5402.0;Pablo;Gina;SEASHELLS;4969.0;5
-2;5402.0;Caesar;Gina;SEASHELLS;4965.0;1
-2;5404.0;Charlie;Paris;SEASHELLS;4965.0;1
-2;5407.0;Caesar;Gina;SEASHELLS;4966.0;3
-2;5408.0;Paris;Charlie;SEASHELLS;4972.0;2
-2;5409.0;Pablo;Camilla;SEASHELLS;4970.0;5
-2;5413.0;Paris;Charlie;SEASHELLS;4972.0;1
-2;5421.0;Caesar;Paris;SEASHELLS;4965.0;1
-2;5422.0;Paris;Camilla;SEASHELLS;4970.0;1
-2;5423.0;Pablo;Camilla;SEASHELLS;4969.0;1
-2;5423.0;Gina;Camilla;SEASHELLS;4969.0;3
-2;5425.0;Gary;Camilla;SEASHELLS;4969.0;3
-2;5425.0;Caesar;Paris;SEASHELLS;4965.0;1
-2;5427.0;Charlie;Gina;SEASHELLS;4965.0;8
-2;5436.0;Charlie;Paris;SEASHELLS;4962.0;1
-2;5436.0;Gary;Charlie;SEASHELLS;4969.0;18
-2;5441.0;Charlie;Penelope;SEASHELLS;4962.0;11
-2;5445.0;Charlie;Paris;SEASHELLS;4961.0;1
-2;5446.0;Charlie;Paris;SEASHELLS;4961.0;1
-2;5453.0;Charlie;Paris;SEASHELLS;4962.0;2
-2;5465.0;Charlie;Gina;SEASHELLS;4964.0;8
-2;5465.0;Charlie;Paris;SEASHELLS;4964.0;1
-2;5466.0;Paris;Charlie;SEASHELLS;4968.0;1
-2;5472.0;Charlie;Paris;SEASHELLS;4962.0;1
-2;5474.0;Charlie;Pablo;SEASHELLS;4963.0;2
-2;5477.0;Paris;Charlie;SEASHELLS;4968.0;1
-2;5485.0;Charlie;Paris;SEASHELLS;4961.0;2
-2;5486.0;Charlie;Paris;SEASHELLS;4962.0;1
-2;5493.0;Caesar;Paris;SEASHELLS;4961.0;1
-2;5494.0;Paris;Charlie;SEASHELLS;4965.0;1
-2;5504.0;Gary;Charlie;SEASHELLS;4967.0;19
-2;5506.0;Paris;Charlie;SEASHELLS;4966.0;1
-2;5509.0;Paris;Charlie;SEASHELLS;4966.0;1
-2;5510.0;Caesar;Paris;SEASHELLS;4960.0;1
-2;5511.0;Paris;Charlie;SEASHELLS;4965.0;1
-2;5514.0;Paris;Paris;SEASHELLS;4960.0;1
-2;5515.0;Paris;Charlie;SEASHELLS;4965.0;1
-2;5517.0;Charlie;Paris;SEASHELLS;4960.0;1
-2;5518.0;Paris;Charlie;SEASHELLS;4966.0;1
-2;5520.0;Paris;Charlie;SEASHELLS;4965.0;1
-2;5520.0;Paris;Caesar;SEASHELLS;4965.0;1
-2;5522.0;Charlie;Paris;SEASHELLS;4960.0;1
-2;5524.0;Camilla;Paris;SEASHELLS;4960.0;1
-2;5527.0;Paris;Charlie;SEASHELLS;4965.0;1
-2;5531.0;Camilla;Paris;SEASHELLS;4961.0;1
-2;5535.0;Charlie;Gary;SEASHELLS;4962.0;18
-2;5537.0;Charlie;Paris;SEASHELLS;4963.0;1
-2;5538.0;Charlie;Paris;SEASHELLS;4963.0;1
-2;5540.0;Charlie;Paris;SEASHELLS;4962.0;1
-2;5547.0;Charlie;Gina;SEASHELLS;4964.0;7
-2;5552.0;Pablo;Charlie;SEASHELLS;4966.0;4
-2;5552.0;Pablo;Paris;SEASHELLS;4966.0;1
-2;5553.0;Charlie;Pablo;SEASHELLS;4963.0;1
-2;5554.0;Charlie;Paris;SEASHELLS;4962.0;1
-2;5557.0;Charlie;Paris;SEASHELLS;4961.0;1
-2;5558.0;Camilla;Paris;SEASHELLS;4961.0;1
-2;5560.0;Charlie;Paris;SEASHELLS;4961.0;1
-2;5561.0;Charlie;Paris;SEASHELLS;4961.0;1
-2;5562.0;Camilla;Pablo;SEASHELLS;4963.0;2
-2;5568.0;Charlie;Paris;SEASHELLS;4962.0;1
-2;5584.0;Pablo;Paris;SEASHELLS;4967.0;1
-2;5585.0;Charlie;Pablo;SEASHELLS;4963.0;2
-2;5588.0;Charlie;Caesar;SEASHELLS;4964.0;6
-2;5589.0;Charlie;Paris;SEASHELLS;4962.0;1
-2;5594.0;Paris;Paris;SEASHELLS;4967.0;1
-2;5607.0;Charlie;Paris;SEASHELLS;4961.0;1
-2;5611.0;Charlie;Paris;SEASHELLS;4962.0;1
-2;5612.0;Paris;Camilla;SEASHELLS;4967.0;1
-2;5616.0;Paris;Gary;SEASHELLS;4968.0;1
-2;5622.0;Paris;Charlie;SEASHELLS;4967.0;1
-2;5625.0;Pablo;Camilla;SEASHELLS;4966.0;4
-2;5630.0;Camilla;Paris;SEASHELLS;4961.0;1
-2;5635.0;Paris;Charlie;SEASHELLS;4967.0;1
-2;5638.0;Charlie;Caesar;SEASHELLS;4965.0;2
-2;5642.0;Pablo;Charlie;SEASHELLS;4968.0;4
-2;5647.0;Penelope;Charlie;SEASHELLS;4970.0;7
-2;5649.0;Charlie;Caesar;SEASHELLS;4967.0;1
-2;5657.0;Charlie;Paris;SEASHELLS;4966.0;1
-2;5658.0;Paris;Charlie;SEASHELLS;4971.0;1
-2;5660.0;Paris;Charlie;SEASHELLS;4971.0;1
-2;5661.0;Caesar;Paris;SEASHELLS;4966.0;1
-2;5663.0;Charlie;Paris;SEASHELLS;4966.0;1
-2;5664.0;Pablo;Charlie;SEASHELLS;4970.0;5
-2;5669.0;Paris;Caesar;SEASHELLS;4973.0;2
-2;5671.0;Paris;Charlie;SEASHELLS;4974.0;1
-2;5674.0;Paris;Camilla;SEASHELLS;4973.0;2
-2;5675.0;Camilla;Paris;SEASHELLS;4968.0;1
-2;5678.0;Charlie;Paris;SEASHELLS;4969.0;2
-2;5684.0;Charlie;Paris;SEASHELLS;4968.0;1
-2;5685.0;Charlie;Paris;SEASHELLS;4968.0;1
-2;5686.0;Charlie;Paris;SEASHELLS;4968.0;1
-2;5688.0;Caesar;Paris;SEASHELLS;4969.0;1
-2;5689.0;Camilla;Gary;SEASHELLS;4969.0;10
-2;5689.0;Caesar;Gary;SEASHELLS;4969.0;1
-2;5699.0;Charlie;Pablo;SEASHELLS;4970.0;5
-2;5703.0;Pablo;Charlie;SEASHELLS;4972.0;2
-2;5708.0;Paris;Paris;SEASHELLS;4972.0;1
-2;5709.0;Camilla;Paris;SEASHELLS;4968.0;1
-2;5720.0;Paris;Camilla;SEASHELLS;4973.0;2
-2;5727.0;Charlie;Paris;SEASHELLS;4968.0;1
-2;5730.0;Charlie;Paris;SEASHELLS;4968.0;1
-2;5731.0;Charlie;Paris;SEASHELLS;4967.0;1
-2;5736.0;Gina;Charlie;SEASHELLS;4972.0;10
-2;5740.0;Charlie;Pablo;SEASHELLS;4969.0;4
-2;5741.0;Charlie;Paris;SEASHELLS;4967.0;1
-2;5746.0;Paris;Paris;SEASHELLS;4970.0;1
-2;5754.0;Charlie;Penelope;SEASHELLS;4966.0;2
-2;5756.0;Charlie;Penelope;SEASHELLS;4967.0;5
-2;5758.0;Charlie;Paris;SEASHELLS;4966.0;1
-2;5759.0;Charlie;Paris;SEASHELLS;4966.0;1
-2;5762.0;Caesar;Paris;SEASHELLS;4966.0;1
-2;5763.0;Charlie;Penelope;SEASHELLS;4966.0;4
-2;5764.0;Paris;Charlie;SEASHELLS;4973.0;2
-2;5771.0;Charlie;Paris;SEASHELLS;4967.0;1
-2;5775.0;Gina;Camilla;SEASHELLS;4972.0;7
-2;5783.0;Camilla;Paris;SEASHELLS;4969.0;1
-2;5784.0;Paris;Charlie;SEASHELLS;4974.0;1
-2;5785.0;Charlie;Paris;SEASHELLS;4970.0;1
-2;5794.0;Caesar;Paris;SEASHELLS;4971.0;1
-2;5799.0;Paris;Charlie;SEASHELLS;4977.0;1
-2;5799.0;Paris;Camilla;SEASHELLS;4975.0;1
-2;5803.0;Charlie;Paris;SEASHELLS;4969.0;1
-2;5813.0;Paris;Charlie;SEASHELLS;4976.0;1
-2;5818.0;Camilla;Paris;SEASHELLS;4970.0;1
-2;5823.0;Paris;Charlie;SEASHELLS;4977.0;1
-2;5827.0;Penelope;Charlie;SEASHELLS;4979.0;9
-2;5837.0;Paris;Camilla;SEASHELLS;4978.0;1
-2;5838.0;Charlie;Paris;SEASHELLS;4972.0;2
-2;5840.0;Charlie;Penelope;SEASHELLS;4973.0;4
-2;5841.0;Paris;Charlie;SEASHELLS;4979.0;1
-2;5843.0;Paris;Charlie;SEASHELLS;4979.0;1
-2;5845.0;Paris;Charlie;SEASHELLS;4978.0;1
-2;5848.0;Caesar;Paris;SEASHELLS;4974.0;1
-2;5849.0;Paris;Charlie;SEASHELLS;4979.0;1
-2;5850.0;Camilla;Paris;SEASHELLS;4974.0;1
-2;5850.0;Camilla;Pablo;SEASHELLS;4975.0;2
-2;5856.0;Paris;Charlie;SEASHELLS;4980.0;2
-2;5859.0;Charlie;Caesar;SEASHELLS;4974.0;4
-2;5859.0;Charlie;Paris;SEASHELLS;4972.0;1
-2;5860.0;Gary;Charlie;SEASHELLS;4978.0;14
-2;5863.0;Paris;Charlie;SEASHELLS;4979.0;1
-2;5865.0;Gina;Charlie;SEASHELLS;4977.0;8
-2;5866.0;Paris;Charlie;SEASHELLS;4979.0;1
-2;5872.0;Charlie;Gina;SEASHELLS;4973.0;7
-2;5872.0;Paris;Gina;SEASHELLS;4977.0;1
-2;5873.0;Paris;Charlie;SEASHELLS;4979.0;1
-2;5878.0;Charlie;Penelope;SEASHELLS;4972.0;10
-2;5887.0;Charlie;Paris;SEASHELLS;4972.0;1
-2;5889.0;Paris;Caesar;SEASHELLS;4978.0;1
-2;5890.0;Charlie;Paris;SEASHELLS;4972.0;1
-2;5891.0;Paris;Charlie;SEASHELLS;4977.0;1
-2;5892.0;Paris;Camilla;SEASHELLS;4977.0;1
-2;5898.0;Charlie;Paris;SEASHELLS;4971.0;1
-2;5907.0;Paris;Charlie;SEASHELLS;4975.0;1
-2;5914.0;Charlie;Paris;SEASHELLS;4970.0;1
-2;5916.0;Charlie;Paris;SEASHELLS;4971.0;1
-2;5920.0;Charlie;Paris;SEASHELLS;4972.0;1
-2;5920.0;Paris;Camilla;SEASHELLS;4977.0;1
-2;5923.0;Charlie;Paris;SEASHELLS;4972.0;1
-2;5925.0;Charlie;Paris;SEASHELLS;4972.0;1
-2;5926.0;Paris;Charlie;SEASHELLS;4978.0;2
-2;5930.0;Paris;Charlie;SEASHELLS;4979.0;1
-2;5934.0;Charlie;Paris;SEASHELLS;4971.0;1
-2;5934.0;Gary;Caesar;SEASHELLS;4977.0;2
-2;5936.0;Gary;Gina;SEASHELLS;4971.0;11
-2;5938.0;Camilla;Pablo;SEASHELLS;4971.0;4
-2;5949.0;Paris;Charlie;SEASHELLS;4978.0;2
-2;5951.0;Paris;Charlie;SEASHELLS;4977.0;1
-2;5954.0;Charlie;Paris;SEASHELLS;4973.0;1
-2;5955.0;Paris;Charlie;SEASHELLS;4978.0;1
-2;5956.0;Paris;Charlie;SEASHELLS;4980.0;1
-2;5962.0;Camilla;Paris;SEASHELLS;4973.0;1
-2;5967.0;Paris;Charlie;SEASHELLS;4979.0;1
-2;5969.0;Penelope;Caesar;SEASHELLS;4979.0;2
-2;5969.0;Penelope;Charlie;SEASHELLS;4979.0;3
-2;5974.0;Gina;Charlie;SEASHELLS;4976.0;3
-2;5974.0;Pablo;Camilla;SEASHELLS;4976.0;3
-2;5974.0;Pablo;Charlie;SEASHELLS;4976.0;0
-2;5974.0;Gina;Camilla;SEASHELLS;4976.0;7
-2;5976.0;Camilla;Paris;SEASHELLS;4972.0;1
-2;5981.0;Caesar;Paris;SEASHELLS;4972.0;1
-2;5983.0;Charlie;Paris;SEASHELLS;4971.0;1
-2;5989.0;Charlie;Pablo;SEASHELLS;4974.0;4
-2;5991.0;Charlie;Paris;SEASHELLS;4972.0;2
-2;5991.0;Charlie;Paris;SEASHELLS;4973.0;1
-2;5992.0;Paris;Charlie;SEASHELLS;4978.0;2
-2;5994.0;Camilla;Paris;SEASHELLS;4972.0;2
-2;5997.0;Charlie;Paris;SEASHELLS;4972.0;1
-2;5998.0;Paris;Charlie;SEASHELLS;4979.0;2
-2;6001.0;Paris;Charlie;SEASHELLS;4979.0;1
-2;6003.0;Paris;Camilla;SEASHELLS;4978.0;1
-2;6005.0;Paris;Charlie;SEASHELLS;4978.0;1
-2;6007.0;Camilla;Penelope;SEASHELLS;4974.0;7
-2;6016.0;Pablo;Paris;SEASHELLS;4979.0;1
-2;6017.0;Paris;Charlie;SEASHELLS;4981.0;2
-2;6018.0;Caesar;Paris;SEASHELLS;4975.0;1
-2;6028.0;Paris;Charlie;SEASHELLS;4982.0;2
-2;6028.0;Charlie;Paris;SEASHELLS;4975.0;1
-2;6037.0;Paris;Charlie;SEASHELLS;4979.0;1
-2;6040.0;Caesar;Paris;SEASHELLS;4974.0;1
-2;6045.0;Penelope;Charlie;SEASHELLS;4978.0;4
-2;6045.0;Penelope;Camilla;SEASHELLS;4978.0;1
-2;6049.0;Charlie;Paris;SEASHELLS;4974.0;1
-2;6053.0;Charlie;Paris;SEASHELLS;4974.0;2
-2;6058.0;Paris;Caesar;SEASHELLS;4981.0;1
-2;6062.0;Charlie;Paris;SEASHELLS;4976.0;1
-2;6063.0;Paris;Charlie;SEASHELLS;4981.0;1
-2;6067.0;Pablo;Charlie;SEASHELLS;4980.0;3
-2;6069.0;Charlie;Gary;SEASHELLS;4975.0;16
-2;6075.0;Charlie;Penelope;SEASHELLS;4975.0;6
-2;6085.0;Charlie;Paris;SEASHELLS;4974.0;2
-2;6086.0;Camilla;Penelope;SEASHELLS;4974.0;6
-2;6089.0;Camilla;Paris;SEASHELLS;4974.0;1
-2;6098.0;Charlie;Gina;SEASHELLS;4972.0;8
-2;6098.0;Paris;Gina;SEASHELLS;4977.0;1
-2;6099.0;Paris;Camilla;SEASHELLS;4977.0;1
-2;6100.0;Charlie;Paris;SEASHELLS;4972.0;1
-2;6102.0;Charlie;Paris;SEASHELLS;4973.0;1
-2;6103.0;Paris;Paris;SEASHELLS;4978.0;1
-2;6105.0;Paris;Charlie;SEASHELLS;4979.0;2
-2;6109.0;Charlie;Paris;SEASHELLS;4973.0;1
-2;6109.0;Paris;Camilla;SEASHELLS;4978.0;1
-2;6110.0;Charlie;Penelope;SEASHELLS;4973.0;8
-2;6111.0;Charlie;Penelope;SEASHELLS;4973.0;7
-2;6116.0;Camilla;Paris;SEASHELLS;4975.0;1
-2;6124.0;Paris;Charlie;SEASHELLS;4982.0;1
-2;6126.0;Paris;Camilla;SEASHELLS;4982.0;1
-2;6126.0;Charlie;Paris;SEASHELLS;4977.0;1
-2;6130.0;Charlie;Paris;SEASHELLS;4976.0;1
-2;6132.0;Camilla;Paris;SEASHELLS;4976.0;1
-2;6138.0;Penelope;Charlie;SEASHELLS;4984.0;4
-2;6138.0;Paris;Charlie;SEASHELLS;4983.0;1
-2;6140.0;Charlie;Paris;SEASHELLS;4978.0;1
-2;6141.0;Paris;Charlie;SEASHELLS;4984.0;1
-2;6141.0;Charlie;Paris;SEASHELLS;4977.0;1
-2;6145.0;Paris;Charlie;SEASHELLS;4982.0;1
-2;6149.0;Charlie;Paris;SEASHELLS;4976.0;2
-2;6150.0;Charlie;Gary;SEASHELLS;4976.0;15
-2;6152.0;Paris;Charlie;SEASHELLS;4983.0;2
-2;6154.0;Paris;Caesar;SEASHELLS;4982.0;2
-2;6158.0;Caesar;Paris;SEASHELLS;4976.0;1
-2;6163.0;Charlie;Pablo;SEASHELLS;4976.0;3
-2;6171.0;Camilla;Gina;SEASHELLS;4977.0;5
-2;6171.0;Charlie;Gina;SEASHELLS;4977.0;7
-2;6174.0;Caesar;Paris;SEASHELLS;4977.0;1
-2;6177.0;Charlie;Paris;SEASHELLS;4977.0;1
-2;6178.0;Charlie;Paris;SEASHELLS;4976.0;2
-2;6180.0;Charlie;Pablo;SEASHELLS;4978.0;3
-2;6185.0;Charlie;Paris;SEASHELLS;4978.0;1
-2;6191.0;Camilla;Paris;SEASHELLS;4978.0;1
-2;6193.0;Paris;Charlie;SEASHELLS;4984.0;1
-2;6193.0;Pablo;Charlie;SEASHELLS;4983.0;3
-2;6195.0;Penelope;Charlie;SEASHELLS;4986.0;11
-2;6195.0;Camilla;Paris;SEASHELLS;4980.0;1
-2;6199.0;Charlie;Penelope;SEASHELLS;4980.0;6
-2;6202.0;Charlie;Pablo;SEASHELLS;4982.0;3
-2;6218.0;Charlie;Gina;SEASHELLS;4981.0;11
-2;6220.0;Paris;Charlie;SEASHELLS;4985.0;1
-2;6221.0;Charlie;Pablo;SEASHELLS;4982.0;1
-2;6223.0;Paris;Camilla;SEASHELLS;4987.0;1
-2;6224.0;Charlie;Paris;SEASHELLS;4981.0;2
-2;6225.0;Charlie;Gina;SEASHELLS;4981.0;8
-2;6226.0;Paris;Charlie;SEASHELLS;4986.0;1
-2;6226.0;Pablo;Charlie;SEASHELLS;4985.0;5
-2;6236.0;Charlie;Paris;SEASHELLS;4983.0;1
-2;6237.0;Charlie;Paris;SEASHELLS;4982.0;1
-2;6240.0;Charlie;Penelope;SEASHELLS;4983.0;8
-2;6240.0;Camilla;Penelope;SEASHELLS;4983.0;1
-2;6245.0;Pablo;Penelope;SEASHELLS;4987.0;4
-2;6248.0;Charlie;Paris;SEASHELLS;4981.0;1
-2;6258.0;Paris;Camilla;SEASHELLS;4984.0;2
-2;6259.0;Paris;Charlie;SEASHELLS;4986.0;1
-2;6264.0;Paris;Charlie;SEASHELLS;4984.0;1
-2;6269.0;Paris;Charlie;SEASHELLS;4985.0;1
-2;6270.0;Caesar;Paris;SEASHELLS;4979.0;1
-2;6274.0;Charlie;Paris;SEASHELLS;4978.0;1
-2;6278.0;Paris;Charlie;SEASHELLS;4982.0;1
-2;6279.0;Paris;Paris;SEASHELLS;4982.0;1
-2;6284.0;Charlie;Paris;SEASHELLS;4977.0;1
-2;6285.0;Paris;Caesar;SEASHELLS;4983.0;1
-2;6285.0;Charlie;Caesar;SEASHELLS;4980.0;1
-2;6288.0;Charlie;Paris;SEASHELLS;4978.0;2
-2;6289.0;Paris;Charlie;SEASHELLS;4983.0;1
-2;6289.0;Pablo;Charlie;SEASHELLS;4982.0;2
-2;6291.0;Pablo;Camilla;SEASHELLS;4983.0;2
-2;6293.0;Charlie;Paris;SEASHELLS;4978.0;1
-2;6300.0;Camilla;Paris;SEASHELLS;4980.0;2
-2;6302.0;Charlie;Paris;SEASHELLS;4979.0;1
-2;6303.0;Paris;Camilla;SEASHELLS;4984.0;1
-2;6304.0;Paris;Charlie;SEASHELLS;4986.0;2
-2;6306.0;Charlie;Paris;SEASHELLS;4980.0;1
-2;6311.0;Charlie;Pablo;SEASHELLS;4981.0;5
-2;6316.0;Penelope;Charlie;SEASHELLS;4986.0;7
-2;6325.0;Camilla;Gary;SEASHELLS;4982.0;1
-2;6326.0;Charlie;Penelope;SEASHELLS;4981.0;11
-2;6332.0;Charlie;Paris;SEASHELLS;4980.0;1
-2;6335.0;Penelope;Gary;SEASHELLS;4980.0;8
-2;6335.0;Charlie;Gary;SEASHELLS;4980.0;10
-2;6335.0;Camilla;Gary;SEASHELLS;4980.0;2
-2;6336.0;Caesar;Gina;SEASHELLS;4979.0;1
-2;6337.0;Pablo;Charlie;SEASHELLS;4983.0;2
-2;6338.0;Paris;Charlie;SEASHELLS;4985.0;1
-2;6341.0;Paris;Charlie;SEASHELLS;4983.0;1
-2;6342.0;Charlie;Paris;SEASHELLS;4977.0;1
-2;6345.0;Paris;Caesar;SEASHELLS;4983.0;1
-2;6346.0;Caesar;Paris;SEASHELLS;4977.0;1
-2;6351.0;Camilla;Paris;SEASHELLS;4976.0;1
-2;6361.0;Paris;Camilla;SEASHELLS;4982.0;1
-2;6365.0;Caesar;Paris;SEASHELLS;4977.0;1
-2;6376.0;Charlie;Paris;SEASHELLS;4978.0;1
-2;6380.0;Paris;Charlie;SEASHELLS;4986.0;2
-2;6384.0;Paris;Charlie;SEASHELLS;4985.0;1
-2;6386.0;Charlie;Paris;SEASHELLS;4979.0;1
-2;6391.0;Paris;Charlie;SEASHELLS;4985.0;1
-2;6394.0;Caesar;Paris;SEASHELLS;4982.0;1
-2;6395.0;Charlie;Caesar;SEASHELLS;4984.0;6
-2;6397.0;Gina;Charlie;SEASHELLS;4987.0;7
-2;6400.0;Camilla;Paris;SEASHELLS;4981.0;1
-2;6401.0;Caesar;Paris;SEASHELLS;4981.0;1
-2;6401.0;Charlie;Penelope;SEASHELLS;4980.0;5
-2;6415.0;Paris;Caesar;SEASHELLS;4984.0;1
-2;6421.0;Paris;Charlie;SEASHELLS;4983.0;1
-2;6422.0;Charlie;Paris;SEASHELLS;4978.0;1
-2;6424.0;Caesar;Paris;SEASHELLS;4978.0;1
-2;6428.0;Paris;Charlie;SEASHELLS;4984.0;2
-2;6431.0;Paris;Charlie;SEASHELLS;4983.0;1
-2;6435.0;Charlie;Paris;SEASHELLS;4979.0;1
-2;6435.0;Charlie;Paris;SEASHELLS;4978.0;1
-2;6437.0;Caesar;Paris;SEASHELLS;4981.0;1
-2;6439.0;Gary;Caesar;SEASHELLS;4984.0;1
-2;6442.0;Charlie;Paris;SEASHELLS;4978.0;1
-2;6445.0;Caesar;Paris;SEASHELLS;4978.0;1
-2;6445.0;Caesar;Gary;SEASHELLS;4978.0;1
-2;6446.0;Camilla;Paris;SEASHELLS;4978.0;1
-2;6447.0;Caesar;Paris;SEASHELLS;4978.0;1
-2;6451.0;Charlie;Penelope;SEASHELLS;4976.0;7
-2;6456.0;Paris;Camilla;SEASHELLS;4982.0;1
-2;6457.0;Camilla;Gary;SEASHELLS;4978.0;10
-2;6457.0;Charlie;Gary;SEASHELLS;4978.0;2
-2;6464.0;Caesar;Penelope;SEASHELLS;4980.0;1
-2;6468.0;Charlie;Gina;SEASHELLS;4980.0;7
-2;6472.0;Charlie;Pablo;SEASHELLS;4982.0;5
-2;6475.0;Charlie;Paris;SEASHELLS;4980.0;1
-2;6476.0;Caesar;Paris;SEASHELLS;4981.0;1
-2;6481.0;Charlie;Paris;SEASHELLS;4980.0;1
-2;6483.0;Charlie;Paris;SEASHELLS;4980.0;1
-2;6488.0;Charlie;Paris;SEASHELLS;4980.0;1
-2;6489.0;Charlie;Pablo;SEASHELLS;4981.0;2
-2;6490.0;Camilla;Paris;SEASHELLS;4979.0;1
-2;6499.0;Charlie;Pablo;SEASHELLS;4981.0;1
-2;6501.0;Charlie;Gary;SEASHELLS;4979.0;15
-2;6504.0;Paris;Charlie;SEASHELLS;4986.0;1
-2;6506.0;Caesar;Gina;SEASHELLS;4980.0;1
-2;6506.0;Charlie;Gina;SEASHELLS;4980.0;10
-2;6511.0;Gary;Charlie;SEASHELLS;4986.0;17
-2;6511.0;Paris;Charlie;SEASHELLS;4986.0;2
-2;6516.0;Charlie;Paris;SEASHELLS;4979.0;1
-2;6517.0;Paris;Charlie;SEASHELLS;4985.0;1
-2;6520.0;Pablo;Paris;SEASHELLS;4983.0;1
-2;6520.0;Pablo;Charlie;SEASHELLS;4983.0;1
-2;6522.0;Charlie;Paris;SEASHELLS;4979.0;1
-2;6526.0;Paris;Charlie;SEASHELLS;4985.0;1
-2;6529.0;Charlie;Gina;SEASHELLS;4979.0;12
-2;6547.0;Charlie;Paris;SEASHELLS;4980.0;1
-2;6557.0;Penelope;Charlie;SEASHELLS;4989.0;3
-2;6561.0;Charlie;Paris;SEASHELLS;4982.0;1
-2;6571.0;Pablo;Charlie;SEASHELLS;4985.0;3
-2;6576.0;Camilla;Paris;SEASHELLS;4981.0;1
-2;6587.0;Gina;Charlie;SEASHELLS;4984.0;8
-2;6589.0;Charlie;Paris;SEASHELLS;4979.0;1
-2;6589.0;Gary;Charlie;SEASHELLS;4986.0;15
-2;6590.0;Paris;Camilla;SEASHELLS;4985.0;1
-2;6593.0;Camilla;Paris;SEASHELLS;4980.0;1
-2;6596.0;Paris;Charlie;SEASHELLS;4987.0;1
-2;6597.0;Charlie;Gary;SEASHELLS;4980.0;13
-2;6603.0;Charlie;Paris;SEASHELLS;4981.0;1
-2;6612.0;Charlie;Paris;SEASHELLS;4983.0;2
-2;6612.0;Charlie;Paris;SEASHELLS;4983.0;1
-2;6619.0;Gina;Charlie;SEASHELLS;4987.0;9
-2;6623.0;Charlie;Paris;SEASHELLS;4982.0;1
-2;6624.0;Camilla;Paris;SEASHELLS;4983.0;1
-2;6626.0;Camilla;Paris;SEASHELLS;4983.0;1
-2;6627.0;Paris;Charlie;SEASHELLS;4990.0;2
-2;6630.0;Charlie;Paris;SEASHELLS;4982.0;1
-2;6631.0;Paris;Charlie;SEASHELLS;4989.0;2
-2;6648.0;Paris;Charlie;SEASHELLS;4988.0;2
-2;6648.0;Charlie;Penelope;SEASHELLS;4981.0;6
-2;6649.0;Paris;Camilla;SEASHELLS;4986.0;1
-2;6650.0;Gina;Paris;SEASHELLS;4986.0;2
-2;6651.0;Paris;Camilla;SEASHELLS;4986.0;2
-2;6651.0;Charlie;Paris;SEASHELLS;4981.0;1
-2;6655.0;Charlie;Paris;SEASHELLS;4981.0;2
-2;6656.0;Gina;Paris;SEASHELLS;4982.0;1
-2;6656.0;Gina;Charlie;SEASHELLS;4987.0;2
-2;6656.0;Gina;Camilla;SEASHELLS;4987.0;9
-2;6658.0;Paris;Caesar;SEASHELLS;4988.0;1
-2;6658.0;Paris;Charlie;SEASHELLS;4990.0;2
-2;6663.0;Charlie;Paris;SEASHELLS;4984.0;1
-2;6664.0;Camilla;Pablo;SEASHELLS;4985.0;5
-2;6667.0;Paris;Charlie;SEASHELLS;4990.0;1
-2;6667.0;Gina;Charlie;SEASHELLS;4989.0;10
-2;6669.0;Paris;Charlie;SEASHELLS;4990.0;1
-2;6684.0;Paris;Caesar;SEASHELLS;4990.0;2
-2;6685.0;Charlie;Paris;SEASHELLS;4984.0;1
-2;6689.0;Charlie;Paris;SEASHELLS;4985.0;1
-2;6696.0;Penelope;Caesar;SEASHELLS;4991.0;1
-2;6697.0;Camilla;Paris;SEASHELLS;4986.0;1
-2;6697.0;Paris;Charlie;SEASHELLS;4992.0;1
-2;6698.0;Pablo;Paris;SEASHELLS;4990.0;1
-2;6698.0;Pablo;Charlie;SEASHELLS;4990.0;2
-2;6699.0;Pablo;Charlie;SEASHELLS;4990.0;2
-2;6700.0;Paris;Charlie;SEASHELLS;4992.0;1
-2;6705.0;Paris;Pablo;SEASHELLS;4988.0;1
-2;6709.0;Paris;Paris;SEASHELLS;4986.0;1
-2;6712.0;Gina;Charlie;SEASHELLS;4991.0;1
-2;6712.0;Gina;Camilla;SEASHELLS;4991.0;10
-2;6714.0;Penelope;Pablo;SEASHELLS;4988.0;4
-2;6717.0;Caesar;Paris;SEASHELLS;4987.0;1
-2;6726.0;Penelope;Pablo;SEASHELLS;4989.0;4
-2;6727.0;Paris;Charlie;SEASHELLS;4993.0;1
-2;6738.0;Charlie;Paris;SEASHELLS;4988.0;2
-2;6740.0;Pablo;Charlie;SEASHELLS;4993.0;1
-2;6740.0;Pablo;Paris;SEASHELLS;4993.0;1
-2;6747.0;Paris;Caesar;SEASHELLS;4994.0;2
-2;6748.0;Camilla;Paris;SEASHELLS;4988.0;1
-2;6757.0;Charlie;Penelope;SEASHELLS;4986.0;10
-2;6757.0;Charlie;Paris;SEASHELLS;4986.0;1
-2;6759.0;Charlie;Caesar;SEASHELLS;4989.0;2
-2;6760.0;Paris;Charlie;SEASHELLS;4993.0;2
-2;6776.0;Charlie;Paris;SEASHELLS;4987.0;1
-2;6780.0;Charlie;Gina;SEASHELLS;4987.0;9
-2;6781.0;Paris;Charlie;SEASHELLS;4993.0;2
-2;6787.0;Charlie;Paris;SEASHELLS;4986.0;1
-2;6788.0;Penelope;Charlie;SEASHELLS;4992.0;2
-2;6789.0;Charlie;Paris;SEASHELLS;4986.0;1
-2;6791.0;Paris;Charlie;SEASHELLS;4991.0;1
-2;6792.0;Paris;Camilla;SEASHELLS;4989.0;1
-2;6794.0;Charlie;Paris;SEASHELLS;4984.0;2
-2;6800.0;Penelope;Charlie;SEASHELLS;4990.0;12
-2;6806.0;Paris;Charlie;SEASHELLS;4990.0;1
-2;6807.0;Penelope;Charlie;SEASHELLS;4990.0;3
-2;6810.0;Paris;Camilla;SEASHELLS;4989.0;1
-2;6817.0;Charlie;Paris;SEASHELLS;4983.0;1
-2;6817.0;Caesar;Paris;SEASHELLS;4983.0;1
-2;6819.0;Penelope;Charlie;SEASHELLS;4989.0;5
-2;6821.0;Paris;Charlie;SEASHELLS;4987.0;1
-2;6828.0;Charlie;Paris;SEASHELLS;4982.0;1
-2;6833.0;Paris;Charlie;SEASHELLS;4987.0;1
-2;6840.0;Gary;Charlie;SEASHELLS;4989.0;13
-2;6842.0;Paris;Charlie;SEASHELLS;4988.0;1
-2;6847.0;Pablo;Camilla;SEASHELLS;4986.0;5
-2;6852.0;Paris;Caesar;SEASHELLS;4986.0;1
-2;6858.0;Caesar;Paris;SEASHELLS;4982.0;1
-2;6860.0;Charlie;Paris;SEASHELLS;4982.0;1
-2;6872.0;Paris;Camilla;SEASHELLS;4987.0;1
-2;6873.0;Charlie;Paris;SEASHELLS;4982.0;1
-2;6875.0;Charlie;Paris;SEASHELLS;4981.0;2
-2;6876.0;Paris;Charlie;SEASHELLS;4986.0;1
-2;6880.0;Charlie;Paris;SEASHELLS;4980.0;1
-2;6881.0;Charlie;Paris;SEASHELLS;4980.0;1
-2;6884.0;Charlie;Paris;SEASHELLS;4980.0;2
-2;6884.0;Charlie;Paris;SEASHELLS;4980.0;1
-2;6890.0;Charlie;Paris;SEASHELLS;4981.0;1
-2;6893.0;Charlie;Paris;SEASHELLS;4982.0;1
-2;6903.0;Charlie;Paris;SEASHELLS;4982.0;0
-2;6903.0;Camilla;Paris;SEASHELLS;4982.0;1
-2;6903.0;Camilla;Gina;SEASHELLS;4982.0;6
-2;6903.0;Charlie;Gina;SEASHELLS;4982.0;7
-2;6908.0;Charlie;Paris;SEASHELLS;4981.0;1
-2;6918.0;Penelope;Charlie;SEASHELLS;4988.0;7
-2;6919.0;Charlie;Gary;SEASHELLS;4981.0;17
-2;6920.0;Paris;Charlie;SEASHELLS;4988.0;2
-2;6928.0;Gina;Charlie;SEASHELLS;4987.0;10
-2;6930.0;Charlie;Penelope;SEASHELLS;4982.0;7
-2;6933.0;Camilla;Paris;SEASHELLS;4982.0;1
-2;6934.0;Paris;Charlie;SEASHELLS;4986.0;1
-2;6935.0;Paris;Camilla;SEASHELLS;4986.0;1
-2;6936.0;Paris;Camilla;SEASHELLS;4987.0;1
-2;6940.0;Caesar;Paris;SEASHELLS;4982.0;1
-2;6943.0;Charlie;Paris;SEASHELLS;4982.0;1
-2;6944.0;Paris;Charlie;SEASHELLS;4987.0;1
-2;6946.0;Camilla;Paris;SEASHELLS;4982.0;1
-2;6946.0;Camilla;Pablo;SEASHELLS;4982.0;1
-2;6946.0;Paris;Pablo;SEASHELLS;4982.0;1
-2;6949.0;Paris;Charlie;SEASHELLS;4987.0;1
-2;6959.0;Caesar;Paris;SEASHELLS;4981.0;1
-2;6961.0;Charlie;Paris;SEASHELLS;4982.0;2
-2;6962.0;Camilla;Pablo;SEASHELLS;4983.0;1
-2;6969.0;Paris;Charlie;SEASHELLS;4988.0;2
-2;6977.0;Paris;Paris;SEASHELLS;4986.0;1
-2;6984.0;Penelope;Charlie;SEASHELLS;4988.0;2
-2;6992.0;Charlie;Paris;SEASHELLS;4981.0;1
-2;6994.0;Paris;Charlie;SEASHELLS;4986.0;1
-2;7000.0;Charlie;Paris;SEASHELLS;4980.0;1
-2;7007.0;Charlie;Paris;SEASHELLS;4979.0;1
-2;7008.0;Paris;Charlie;SEASHELLS;4985.0;1
-2;7010.0;Paris;Charlie;SEASHELLS;4987.0;2
-2;7011.0;Penelope;Charlie;SEASHELLS;4987.0;6
-2;7013.0;Pablo;Charlie;SEASHELLS;4984.0;1
-2;7014.0;Paris;Charlie;SEASHELLS;4987.0;1
-2;7014.0;Paris;Charlie;SEASHELLS;4985.0;1
-2;7015.0;Paris;Charlie;SEASHELLS;4987.0;1
-2;7016.0;Camilla;Gary;SEASHELLS;4981.0;9
-2;7018.0;Charlie;Paris;SEASHELLS;4981.0;1
-2;7022.0;Charlie;Caesar;SEASHELLS;4983.0;3
-2;7025.0;Paris;Camilla;SEASHELLS;4985.0;1
-2;7030.0;Caesar;Paris;SEASHELLS;4980.0;1
-2;7037.0;Charlie;Paris;SEASHELLS;4981.0;2
-2;7038.0;Paris;Charlie;SEASHELLS;4987.0;2
-2;7038.0;Caesar;Paris;SEASHELLS;4981.0;1
-2;7052.0;Paris;Charlie;SEASHELLS;4985.0;2
-2;7056.0;Penelope;Charlie;SEASHELLS;4986.0;4
-2;7056.0;Charlie;Paris;SEASHELLS;4979.0;1
-2;7059.0;Paris;Charlie;SEASHELLS;4986.0;1
-2;7066.0;Paris;Caesar;SEASHELLS;4984.0;1
-2;7069.0;Caesar;Paris;SEASHELLS;4979.0;1
-2;7069.0;Caesar;Penelope;SEASHELLS;4982.0;3
-2;7070.0;Gina;Paris;SEASHELLS;4980.0;1
-2;7070.0;Penelope;Charlie;SEASHELLS;4986.0;4
-2;7071.0;Paris;Charlie;SEASHELLS;4986.0;1
-2;7077.0;Caesar;Paris;SEASHELLS;4980.0;1
-2;7078.0;Camilla;Penelope;SEASHELLS;4980.0;1
-2;7080.0;Paris;Charlie;SEASHELLS;4986.0;1
-2;7083.0;Caesar;Paris;SEASHELLS;4979.0;1
-2;7086.0;Charlie;Paris;SEASHELLS;4978.0;1
-2;7090.0;Charlie;Paris;SEASHELLS;4977.0;1
-2;7091.0;Charlie;Paris;SEASHELLS;4977.0;1
-2;7095.0;Paris;Charlie;SEASHELLS;4983.0;1
-2;7096.0;Paris;Charlie;SEASHELLS;4983.0;1
-2;7105.0;Pablo;Charlie;SEASHELLS;4982.0;5
-2;7106.0;Charlie;Paris;SEASHELLS;4978.0;2
-2;7110.0;Caesar;Pablo;SEASHELLS;4979.0;1
-2;7111.0;Charlie;Paris;SEASHELLS;4978.0;1
-2;7112.0;Charlie;Paris;SEASHELLS;4977.0;2
-2;7112.0;Charlie;Paris;SEASHELLS;4977.0;1
-2;7113.0;Paris;Camilla;SEASHELLS;4982.0;1
-2;7114.0;Charlie;Paris;SEASHELLS;4977.0;2
-2;7115.0;Caesar;Paris;SEASHELLS;4977.0;1
-2;7116.0;Paris;Charlie;SEASHELLS;4983.0;1
-2;7117.0;Charlie;Paris;SEASHELLS;4976.0;2
-2;7120.0;Pablo;Charlie;SEASHELLS;4981.0;3
-2;7125.0;Caesar;Paris;SEASHELLS;4978.0;1
-2;7126.0;Charlie;Paris;SEASHELLS;4978.0;1
-2;7133.0;Charlie;Paris;SEASHELLS;4978.0;2
-2;7136.0;Paris;Camilla;SEASHELLS;4983.0;1
-2;7147.0;Charlie;Pablo;SEASHELLS;4977.0;4
-2;7149.0;Charlie;Paris;SEASHELLS;4977.0;1
-2;7151.0;Pablo;Camilla;SEASHELLS;4980.0;2
-2;7156.0;Pablo;Paris;SEASHELLS;4981.0;2
-2;7156.0;Pablo;Charlie;SEASHELLS;4981.0;3
-2;7157.0;Paris;Charlie;SEASHELLS;4982.0;1
-2;7166.0;Charlie;Caesar;SEASHELLS;4980.0;4
-2;7170.0;Charlie;Penelope;SEASHELLS;4977.0;2
-2;7171.0;Charlie;Paris;SEASHELLS;4976.0;1
-2;7171.0;Caesar;Gary;SEASHELLS;4977.0;2
-2;7174.0;Camilla;Paris;SEASHELLS;4978.0;2
-2;7183.0;Pablo;Charlie;SEASHELLS;4980.0;4
-2;7187.0;Charlie;Paris;SEASHELLS;4976.0;1
-2;7188.0;Paris;Charlie;SEASHELLS;4982.0;2
-2;7189.0;Charlie;Paris;SEASHELLS;4975.0;1
-2;7193.0;Paris;Charlie;SEASHELLS;4980.0;1
-2;7194.0;Paris;Charlie;SEASHELLS;4981.0;1
-2;7195.0;Pablo;Camilla;SEASHELLS;4979.0;1
-2;7198.0;Charlie;Penelope;SEASHELLS;4974.0;12
-2;7201.0;Pablo;Charlie;SEASHELLS;4980.0;1
-2;7203.0;Gary;Charlie;SEASHELLS;4981.0;19
-2;7212.0;Charlie;Gina;SEASHELLS;4978.0;13
-2;7217.0;Paris;Caesar;SEASHELLS;4983.0;1
-2;7220.0;Caesar;Paris;SEASHELLS;4977.0;1
-2;7230.0;Charlie;Paris;SEASHELLS;4977.0;1
-2;7230.0;Charlie;Paris;SEASHELLS;4977.0;2
-2;7231.0;Charlie;Paris;SEASHELLS;4977.0;2
-2;7234.0;Charlie;Paris;SEASHELLS;4976.0;2
-2;7235.0;Paris;Charlie;SEASHELLS;4984.0;1
-2;7236.0;Charlie;Paris;SEASHELLS;4977.0;1
-2;7237.0;Charlie;Paris;SEASHELLS;4978.0;1
-2;7238.0;Charlie;Paris;SEASHELLS;4977.0;1
-2;7239.0;Charlie;Paris;SEASHELLS;4978.0;1
-2;7241.0;Caesar;Paris;SEASHELLS;4979.0;1
-2;7242.0;Paris;Charlie;SEASHELLS;4985.0;2
-2;7242.0;Camilla;Paris;SEASHELLS;4979.0;1
-2;7246.0;Gina;Charlie;SEASHELLS;4984.0;9
-2;7247.0;Caesar;Paris;SEASHELLS;4980.0;1
-2;7250.0;Charlie;Paris;SEASHELLS;4979.0;1
-2;7260.0;Charlie;Paris;SEASHELLS;4981.0;1
-2;7263.0;Charlie;Pablo;SEASHELLS;4981.0;1
-2;7266.0;Paris;Caesar;SEASHELLS;4985.0;1
-2;7272.0;Charlie;Caesar;SEASHELLS;4982.0;4
-2;7273.0;Gary;Charlie;SEASHELLS;4986.0;13
-2;7285.0;Charlie;Paris;SEASHELLS;4981.0;1
-2;7287.0;Charlie;Paris;SEASHELLS;4981.0;1
-2;7296.0;Caesar;Paris;SEASHELLS;4980.0;1
-2;7297.0;Paris;Camilla;SEASHELLS;4985.0;1
-2;7298.0;Charlie;Paris;SEASHELLS;4980.0;1
-2;7299.0;Charlie;Paris;SEASHELLS;4980.0;1
-2;7301.0;Paris;Charlie;SEASHELLS;4985.0;1
-2;7308.0;Paris;Charlie;SEASHELLS;4985.0;2
-2;7309.0;Charlie;Paris;SEASHELLS;4979.0;1
-2;7313.0;Paris;Camilla;SEASHELLS;4983.0;2
-2;7315.0;Charlie;Paris;SEASHELLS;4978.0;1
-2;7327.0;Charlie;Paris;SEASHELLS;4979.0;2
-2;7328.0;Charlie;Paris;SEASHELLS;4980.0;1
-2;7329.0;Charlie;Paris;SEASHELLS;4980.0;1
-2;7330.0;Paris;Camilla;SEASHELLS;4985.0;1
-2;7331.0;Charlie;Penelope;SEASHELLS;4980.0;5
-2;7331.0;Caesar;Penelope;SEASHELLS;4980.0;1
-2;7333.0;Paris;Caesar;SEASHELLS;4986.0;1
-2;7334.0;Caesar;Paris;SEASHELLS;4980.0;1
-2;7335.0;Camilla;Gina;SEASHELLS;4980.0;7
-2;7336.0;Paris;Charlie;SEASHELLS;4984.0;1
-2;7345.0;Penelope;Charlie;SEASHELLS;4986.0;2
-2;7348.0;Charlie;Penelope;SEASHELLS;4979.0;7
-2;7348.0;Caesar;Penelope;SEASHELLS;4979.0;2
-2;7349.0;Charlie;Paris;SEASHELLS;4978.0;2
-2;7360.0;Charlie;Penelope;SEASHELLS;4977.0;7
-2;7366.0;Paris;Charlie;SEASHELLS;4984.0;1
-2;7366.0;Paris;Caesar;SEASHELLS;4984.0;1
-2;7370.0;Charlie;Gary;SEASHELLS;4978.0;17
-2;7377.0;Charlie;Penelope;SEASHELLS;4979.0;2
-2;7380.0;Paris;Charlie;SEASHELLS;4984.0;1
-2;7381.0;Charlie;Paris;SEASHELLS;4979.0;1
-2;7382.0;Caesar;Paris;SEASHELLS;4979.0;1
-2;7384.0;Charlie;Paris;SEASHELLS;4979.0;1
-2;7386.0;Gary;Charlie;SEASHELLS;4985.0;12
-2;7386.0;Pablo;Charlie;SEASHELLS;4983.0;3
-2;7388.0;Paris;Charlie;SEASHELLS;4984.0;2
-2;7389.0;Charlie;Paris;SEASHELLS;4977.0;2
-2;7390.0;Caesar;Paris;SEASHELLS;4978.0;1
-2;7398.0;Gina;Charlie;SEASHELLS;4980.0;11
-2;7400.0;Caesar;Paris;SEASHELLS;4976.0;1
-2;7404.0;Charlie;Caesar;SEASHELLS;4978.0;1
-2;7414.0;Paris;Camilla;SEASHELLS;4980.0;1
-2;7416.0;Paris;Camilla;SEASHELLS;4981.0;1
-2;7417.0;Gina;Charlie;SEASHELLS;4981.0;9
-2;7422.0;Charlie;Paris;SEASHELLS;4978.0;1
-2;7425.0;Paris;Charlie;SEASHELLS;4985.0;2
-2;7432.0;Paris;Charlie;SEASHELLS;4984.0;1
-2;7432.0;Paris;Charlie;SEASHELLS;4985.0;2
-2;7437.0;Camilla;Paris;SEASHELLS;4978.0;1
-2;7440.0;Charlie;Paris;SEASHELLS;4977.0;1
-2;7442.0;Charlie;Paris;SEASHELLS;4977.0;1
-2;7445.0;Camilla;Pablo;SEASHELLS;4977.0;1
-2;7446.0;Paris;Charlie;SEASHELLS;4982.0;1
-2;7448.0;Paris;Charlie;SEASHELLS;4981.0;1
-2;7458.0;Paris;Charlie;SEASHELLS;4981.0;1
-2;7470.0;Charlie;Paris;SEASHELLS;4976.0;1
-2;7474.0;Gina;Charlie;SEASHELLS;4980.0;11
-2;7474.0;Gina;Paris;SEASHELLS;4975.0;1
-2;7476.0;Caesar;Gary;SEASHELLS;4979.0;6
-2;7477.0;Charlie;Paris;SEASHELLS;4976.0;1
-2;7481.0;Charlie;Paris;SEASHELLS;4977.0;1
-2;7482.0;Paris;Charlie;SEASHELLS;4983.0;2
-2;7482.0;Paris;Charlie;SEASHELLS;4982.0;1
-2;7486.0;Camilla;Paris;SEASHELLS;4978.0;2
-2;7487.0;Paris;Charlie;SEASHELLS;4982.0;1
-2;7488.0;Charlie;Penelope;SEASHELLS;4977.0;7
-2;7489.0;Charlie;Paris;SEASHELLS;4977.0;1
-2;7491.0;Penelope;Charlie;SEASHELLS;4982.0;3
-2;7506.0;Charlie;Paris;SEASHELLS;4975.0;1
-2;7514.0;Caesar;Paris;SEASHELLS;4975.0;1
-2;7519.0;Paris;Charlie;SEASHELLS;4979.0;1
-2;7521.0;Charlie;Gary;SEASHELLS;4973.0;19
-2;7522.0;Caesar;Paris;SEASHELLS;4974.0;1
-2;7523.0;Paris;Charlie;SEASHELLS;4980.0;1
-2;7525.0;Charlie;Pablo;SEASHELLS;4973.0;4
-2;7527.0;Paris;Charlie;SEASHELLS;4977.0;1
-2;7528.0;Paris;Caesar;SEASHELLS;4977.0;1
-2;7530.0;Pablo;Camilla;SEASHELLS;4975.0;3
-2;7533.0;Caesar;Paris;SEASHELLS;4972.0;1
-2;7538.0;Charlie;Paris;SEASHELLS;4971.0;1
-2;7550.0;Charlie;Caesar;SEASHELLS;4974.0;1
-2;7557.0;Camilla;Paris;SEASHELLS;4971.0;1
-2;7559.0;Charlie;Paris;SEASHELLS;4970.0;1
-2;7561.0;Charlie;Paris;SEASHELLS;4969.0;1
-2;7563.0;Camilla;Paris;SEASHELLS;4969.0;1
-2;7566.0;Gina;Charlie;SEASHELLS;4973.0;8
-2;7571.0;Charlie;Paris;SEASHELLS;4969.0;2
-2;7576.0;Charlie;Paris;SEASHELLS;4970.0;1
-2;7578.0;Charlie;Paris;SEASHELLS;4971.0;1
-2;7581.0;Gary;Caesar;SEASHELLS;4976.0;2
-2;7581.0;Gary;Charlie;SEASHELLS;4976.0;12
-2;7584.0;Charlie;Caesar;SEASHELLS;4973.0;2
-2;7591.0;Pablo;Camilla;SEASHELLS;4976.0;3
-2;7592.0;Paris;Gina;SEASHELLS;4976.0;1
-2;7592.0;Charlie;Gina;SEASHELLS;4972.0;7
-2;7593.0;Paris;Charlie;SEASHELLS;4978.0;1
-2;7594.0;Caesar;Paris;SEASHELLS;4971.0;1
-2;7602.0;Gina;Charlie;SEASHELLS;4974.0;9
-2;7608.0;Charlie;Paris;SEASHELLS;4969.0;1
-2;7611.0;Paris;Charlie;SEASHELLS;4974.0;1
-2;7612.0;Pablo;Paris;SEASHELLS;4973.0;1
-2;7615.0;Charlie;Paris;SEASHELLS;4969.0;1
-2;7615.0;Charlie;Penelope;SEASHELLS;4969.0;5
-2;7623.0;Charlie;Paris;SEASHELLS;4968.0;1
-2;7627.0;Paris;Charlie;SEASHELLS;4975.0;2
-2;7633.0;Penelope;Camilla;SEASHELLS;4972.0;5
-2;7634.0;Caesar;Gary;SEASHELLS;4968.0;2
-2;7634.0;Paris;Camilla;SEASHELLS;4973.0;1
-2;7635.0;Paris;Charlie;SEASHELLS;4974.0;2
-2;7635.0;Charlie;Penelope;SEASHELLS;4967.0;12
-2;7638.0;Charlie;Paris;SEASHELLS;4968.0;1
-2;7644.0;Charlie;Paris;SEASHELLS;4968.0;1
-2;7647.0;Charlie;Paris;SEASHELLS;4968.0;1
-2;7649.0;Camilla;Gina;SEASHELLS;4969.0;2
-2;7649.0;Charlie;Gina;SEASHELLS;4969.0;8
-2;7657.0;Charlie;Paris;SEASHELLS;4969.0;1
-2;7658.0;Penelope;Charlie;SEASHELLS;4976.0;2
-2;7661.0;Paris;Camilla;SEASHELLS;4973.0;1
-2;7675.0;Charlie;Caesar;SEASHELLS;4970.0;4
-2;7680.0;Charlie;Paris;SEASHELLS;4967.0;1
-2;7689.0;Caesar;Paris;SEASHELLS;4966.0;1
-2;7694.0;Paris;Charlie;SEASHELLS;4972.0;1
-2;7697.0;Pablo;Charlie;SEASHELLS;4970.0;1
-2;7698.0;Paris;Caesar;SEASHELLS;4971.0;1
-2;7706.0;Camilla;Paris;SEASHELLS;4965.0;1
-2;7741.0;Paris;Charlie;SEASHELLS;4968.0;1
-2;7745.0;Paris;Charlie;SEASHELLS;4969.0;1
-2;7756.0;Paris;Pablo;SEASHELLS;4965.0;1
-2;7757.0;Paris;Charlie;SEASHELLS;4969.0;1
-2;7759.0;Paris;Charlie;SEASHELLS;4970.0;1
-2;7760.0;Caesar;Paris;SEASHELLS;4964.0;1
-2;7760.0;Charlie;Paris;SEASHELLS;4963.0;1
-2;7762.0;Paris;Caesar;SEASHELLS;4968.0;1
-2;7764.0;Paris;Charlie;SEASHELLS;4968.0;1
-2;7764.0;Charlie;Paris;SEASHELLS;4961.0;1
-2;7765.0;Camilla;Paris;SEASHELLS;4961.0;1
-2;7770.0;Penelope;Charlie;SEASHELLS;4968.0;3
-2;7771.0;Paris;Pablo;SEASHELLS;4962.0;1
-2;7773.0;Camilla;Paris;SEASHELLS;4961.0;1
-2;7775.0;Charlie;Paris;SEASHELLS;4961.0;1
-2;7779.0;Paris;Charlie;SEASHELLS;4965.0;1
-2;7783.0;Paris;Charlie;SEASHELLS;4965.0;2
-2;7790.0;Gina;Charlie;SEASHELLS;4963.0;11
-2;7792.0;Pablo;Charlie;SEASHELLS;4963.0;3
-2;7799.0;Paris;Charlie;SEASHELLS;4963.0;1
-2;7800.0;Paris;Charlie;SEASHELLS;4964.0;1
-2;7802.0;Charlie;Paris;SEASHELLS;4957.0;1
-2;7805.0;Penelope;Charlie;SEASHELLS;4963.0;5
-2;7806.0;Paris;Charlie;SEASHELLS;4962.0;1
-2;7808.0;Pablo;Charlie;SEASHELLS;4962.0;3
-2;7811.0;Pablo;Paris;SEASHELLS;4961.0;2
-2;7812.0;Paris;Charlie;SEASHELLS;4964.0;2
-2;7814.0;Charlie;Gina;SEASHELLS;4958.0;7
-2;7814.0;Charlie;Paris;SEASHELLS;4957.0;1
-2;7816.0;Charlie;Paris;SEASHELLS;4958.0;1
-2;7817.0;Charlie;Paris;SEASHELLS;4958.0;1
-2;7823.0;Charlie;Paris;SEASHELLS;4957.0;1
-2;7824.0;Charlie;Paris;SEASHELLS;4957.0;1
-2;7828.0;Paris;Charlie;SEASHELLS;4962.0;1
-2;7834.0;Paris;Camilla;SEASHELLS;4962.0;1
-2;7837.0;Camilla;Paris;SEASHELLS;4957.0;1
-2;7842.0;Charlie;Paris;SEASHELLS;4956.0;1
-2;7845.0;Gary;Charlie;SEASHELLS;4964.0;19
-2;7848.0;Paris;Charlie;SEASHELLS;4962.0;1
-2;7851.0;Gary;Camilla;SEASHELLS;4962.0;5
-2;7858.0;Penelope;Charlie;SEASHELLS;4966.0;12
-2;7858.0;Paris;Charlie;SEASHELLS;4966.0;1
-2;7870.0;Paris;Charlie;SEASHELLS;4965.0;1
-2;7882.0;Charlie;Penelope;SEASHELLS;4958.0;9
-2;7884.0;Paris;Charlie;SEASHELLS;4965.0;1
-2;7888.0;Paris;Camilla;SEASHELLS;4963.0;1
-2;7888.0;Charlie;Gary;SEASHELLS;4958.0;19
-2;7890.0;Paris;Charlie;SEASHELLS;4964.0;2
-2;7892.0;Paris;Camilla;SEASHELLS;4963.0;1
-2;7901.0;Caesar;Paris;SEASHELLS;4958.0;1
-2;7905.0;Penelope;Charlie;SEASHELLS;4965.0;4
-2;7907.0;Paris;Camilla;SEASHELLS;4963.0;1
-2;7908.0;Camilla;Paris;SEASHELLS;4958.0;1
-2;7917.0;Pablo;Charlie;SEASHELLS;4962.0;1
-2;7922.0;Paris;Camilla;SEASHELLS;4964.0;1
-2;7923.0;Paris;Charlie;SEASHELLS;4964.0;1
-2;7924.0;Paris;Charlie;SEASHELLS;4964.0;1
-2;7926.0;Penelope;Camilla;SEASHELLS;4963.0;1
-2;7929.0;Charlie;Paris;SEASHELLS;4959.0;1
-2;7930.0;Caesar;Paris;SEASHELLS;4959.0;1
-2;7934.0;Charlie;Penelope;SEASHELLS;4957.0;12
-2;7935.0;Paris;Charlie;SEASHELLS;4963.0;1
-2;7936.0;Charlie;Paris;SEASHELLS;4958.0;1
-2;7938.0;Camilla;Paris;SEASHELLS;4958.0;1
-2;7951.0;Paris;Camilla;SEASHELLS;4962.0;1
-2;7960.0;Penelope;Charlie;SEASHELLS;4963.0;4
