day;timestamp;buyer;seller;currency;price;quantity
1;30024.0;Camilla;Pablo;SEASHELLS;73392.0;1
1;30024.0;Caesar;Pablo;SEASHELLS;73393.0;2
1;30057.0;Caesar;Penelope;SEASHELLS;73468.0;2
1;30172.0;Caesar;Penelope;SEASHELLS;73400.0;1
1;30202.0;Caesar;Penelope;SEASHELLS;73435.0;1
1;30214.0;Camilla;Pablo;SEASHELLS;73464.0;4
1;30225.0;Caesar;Pablo;SEASHELLS;73488.0;5
1;30242.0;Pablo;Caesar;SEASHELLS;73470.0;2
1;30271.0;Caesar;Penelope;SEASHELLS;73535.0;1
1;30301.0;Penelope;Caesar;SEASHELLS;73659.0;2
1;30375.0;Pablo;Camilla;SEASHELLS;73695.0;4
1;30393.0;Camilla;Penelope;SEASHELLS;73728.0;10
1;30413.0;Penelope;Camilla;SEASHELLS;73763.0;10
1;30425.0;Penelope;Caesar;SEASHELLS;73722.0;2
1;30442.0;Penelope;Caesar;SEASHELLS;73712.0;2
1;30447.0;Pablo;Camilla;SEASHELLS;73676.0;4
1;30447.0;Pablo;Caesar;SEASHELLS;73676.0;1
1;30449.0;Camilla;Penelope;SEASHELLS;73675.0;8
1;30454.0;Penelope;Camilla;SEASHELLS;73691.0;5
1;30517.0;Pablo;Caesar;SEASHELLS;73642.0;2
1;30532.0;Pablo;Caesar;SEASHELLS;73689.0;2
1;30532.0;Pablo;Camilla;SEASHELLS;73689.0;4
1;30553.0;Penelope;Caesar;SEASHELLS;73612.0;1
1;30555.0;Penelope;Caesar;SEASHELLS;73601.0;1
1;30556.0;Pablo;Caesar;SEASHELLS;73586.0;2
1;30556.0;Pablo;Caesar;SEASHELLS;73592.0;1
1;30579.0;Caesar;Penelope;SEASHELLS;73599.0;2
1;30585.0;Camilla;Penelope;SEASHELLS;73560.0;8
1;30591.0;Pablo;Caesar;SEASHELLS;73532.0;1
1;30591.0;Pablo;Camilla;SEASHELLS;73532.0;5
1;30603.0;Penelope;Caesar;SEASHELLS;73479.0;1
1;30621.0;Camilla;Pablo;SEASHELLS;73513.0;3
1;30624.0;Camilla;Pablo;SEASHELLS;73456.0;7
1;30687.0;Camilla;Pablo;SEASHELLS;73489.0;5
1;30698.0;Caesar;Penelope;SEASHELLS;73526.0;2
1;30705.0;Penelope;Caesar;SEASHELLS;73612.0;2
1;30711.0;Pablo;Caesar;SEASHELLS;73596.0;2
1;30727.0;Camilla;Pablo;SEASHELLS;73531.0;4
1;30761.0;Pablo;Camilla;SEASHELLS;73538.0;4
1;30761.0;Pablo;Caesar;SEASHELLS;73538.0;1
1;30770.0;Pablo;Camilla;SEASHELLS;73503.0;6
1;30791.0;Penelope;Caesar;SEASHELLS;73529.0;1
1;30795.0;Pablo;Caesar;SEASHELLS;73546.0;6
1;30808.0;Penelope;Caesar;SEASHELLS;73480.0;2
1;30824.0;Caesar;Penelope;SEASHELLS;73454.0;2
1;30894.0;Camilla;Pablo;SEASHELLS;73510.0;8
1;30922.0;Camilla;Pablo;SEASHELLS;73540.0;1
1;30922.0;Caesar;Pablo;SEASHELLS;73541.0;2
1;30926.0;Penelope;Caesar;SEASHELLS;73566.0;2
1;30929.0;Pablo;Camilla;SEASHELLS;73560.0;3
1;30929.0;Pablo;Caesar;SEASHELLS;73560.0;1
1;30979.0;Penelope;Caesar;SEASHELLS;73629.0;2
1;30983.0;Camilla;Penelope;SEASHELLS;73598.0;10
1;31015.0;Penelope;Caesar;SEASHELLS;73650.0;2
1;31016.0;Penelope;Caesar;SEASHELLS;73651.0;1
1;31017.0;Penelope;Camilla;SEASHELLS;73653.0;8
1;31022.0;Camilla;Pablo;SEASHELLS;73618.0;7
1;31041.0;Pablo;Caesar;SEASHELLS;73592.0;2
1;31044.0;Camilla;Pablo;SEASHELLS;73569.0;8
1;31074.0;Caesar;Penelope;SEASHELLS;73622.0;2
1;31101.0;Pablo;Camilla;SEASHELLS;73644.0;6
1;31101.0;Pablo;Caesar;SEASHELLS;73644.0;1
1;31147.0;Penelope;Camilla;SEASHELLS;73681.0;9
1;31150.0;Caesar;Penelope;SEASHELLS;73671.0;1
1;31152.0;Camilla;Pablo;SEASHELLS;73669.0;3
1;31152.0;Caesar;Pablo;SEASHELLS;73675.0;3
1;31155.0;Penelope;Caesar;SEASHELLS;73657.0;1
1;31206.0;Penelope;Caesar;SEASHELLS;73717.0;1
1;31211.0;Camilla;Penelope;SEASHELLS;73713.0;6
1;31214.0;Camilla;Pablo;SEASHELLS;73709.0;3
1;31214.0;Caesar;Pablo;SEASHELLS;73710.0;2
1;31220.0;Caesar;Penelope;SEASHELLS;73732.0;2
1;31245.0;Camilla;Pablo;SEASHELLS;73748.0;7
1;31245.0;Caesar;Pablo;SEASHELLS;73748.0;1
1;31400.0;Penelope;Caesar;SEASHELLS;73623.0;2
1;31455.0;Caesar;Penelope;SEASHELLS;73657.0;2
1;31471.0;Caesar;Penelope;SEASHELLS;73627.0;2
1;31540.0;Camilla;Pablo;SEASHELLS;73672.0;8
1;31550.0;Penelope;Caesar;SEASHELLS;73665.0;1
1;31582.0;Penelope;Caesar;SEASHELLS;73596.0;2
1;31637.0;Caesar;Pablo;SEASHELLS;73622.0;2
1;31637.0;Camilla;Pablo;SEASHELLS;73621.0;6
1;31653.0;Caesar;Pablo;SEASHELLS;73670.0;2
1;31653.0;Camilla;Pablo;SEASHELLS;73670.0;3
1;31658.0;Camilla;Pablo;SEASHELLS;73685.0;6
1;31658.0;Caesar;Pablo;SEASHELLS;73685.0;1
1;31665.0;Pablo;Caesar;SEASHELLS;73695.0;2
1;31669.0;Camilla;Pablo;SEASHELLS;73699.0;4
1;31669.0;Caesar;Pablo;SEASHELLS;73705.0;2
1;31673.0;Pablo;Caesar;SEASHELLS;73703.0;1
1;31706.0;Pablo;Caesar;SEASHELLS;73685.0;2
1;31710.0;Camilla;Pablo;SEASHELLS;73652.0;4
1;31710.0;Caesar;Pablo;SEASHELLS;73653.0;1
1;31744.0;Camilla;Pablo;SEASHELLS;73716.0;8
1;31757.0;Camilla;Pablo;SEASHELLS;73751.0;7
1;31781.0;Penelope;Caesar;SEASHELLS;73840.0;1
1;31804.0;Camilla;Penelope;SEASHELLS;73748.0;7
1;31812.0;Penelope;Caesar;SEASHELLS;73804.0;1
1;31837.0;Pablo;Camilla;SEASHELLS;73865.0;5
1;31837.0;Pablo;Caesar;SEASHELLS;73865.0;1
1;31858.0;Pablo;Caesar;SEASHELLS;73888.0;1
1;31900.0;Camilla;Penelope;SEASHELLS;73860.0;7
1;31903.0;Penelope;Camilla;SEASHELLS;73861.0;9
1;31907.0;Camilla;Caesar;SEASHELLS;73845.0;1
1;31924.0;Pablo;Caesar;SEASHELLS;73794.0;1
1;31924.0;Pablo;Camilla;SEASHELLS;73800.0;5
1;31924.0;Pablo;Caesar;SEASHELLS;73800.0;1
1;31930.0;Camilla;Penelope;SEASHELLS;73756.0;5
1;31937.0;Pablo;Camilla;SEASHELLS;73801.0;3
1;31937.0;Pablo;Caesar;SEASHELLS;73801.0;2
1;31953.0;Penelope;Camilla;SEASHELLS;73784.0;6
1;31986.0;Camilla;Penelope;SEASHELLS;73796.0;6
1;31993.0;Penelope;Caesar;SEASHELLS;73814.0;1
1;32019.0;Penelope;Caesar;SEASHELLS;73819.0;1
1;32067.0;Penelope;Camilla;SEASHELLS;73925.0;10
1;32133.0;Caesar;Penelope;SEASHELLS;73943.0;1
1;32138.0;Caesar;Penelope;SEASHELLS;73945.0;2
1;32147.0;Camilla;Penelope;SEASHELLS;73906.0;9
1;32160.0;Caesar;Pablo;SEASHELLS;73945.0;1
1;32160.0;Camilla;Pablo;SEASHELLS;73944.0;5
1;32170.0;Caesar;Penelope;SEASHELLS;73895.0;2
1;32178.0;Camilla;Pablo;SEASHELLS;73841.0;6
1;32190.0;Penelope;Caesar;SEASHELLS;73850.0;1
1;32223.0;Pablo;Camilla;SEASHELLS;73894.0;3
1;32234.0;Caesar;Pablo;SEASHELLS;73819.0;1
1;32234.0;Camilla;Pablo;SEASHELLS;73819.0;2
1;32237.0;Caesar;Pablo;SEASHELLS;73802.0;2
1;32239.0;Camilla;Pablo;SEASHELLS;73804.0;6
1;32254.0;Camilla;Pablo;SEASHELLS;73868.0;6
1;32254.0;Caesar;Pablo;SEASHELLS;73868.0;2
1;32256.0;Pablo;Caesar;SEASHELLS;73834.0;2
1;32266.0;Caesar;Pablo;SEASHELLS;73803.0;2
1;32266.0;Camilla;Pablo;SEASHELLS;73802.0;1
1;32283.0;Penelope;Caesar;SEASHELLS;73732.0;2
1;32286.0;Penelope;Caesar;SEASHELLS;73738.0;1
1;32321.0;Caesar;Penelope;SEASHELLS;73614.0;2
1;32334.0;Penelope;Caesar;SEASHELLS;73674.0;1
1;32339.0;Pablo;Caesar;SEASHELLS;73697.0;1
1;32344.0;Camilla;Caesar;SEASHELLS;73684.0;1
1;32367.0;Penelope;Caesar;SEASHELLS;73651.0;2
1;32389.0;Camilla;Caesar;SEASHELLS;73783.0;1
1;32402.0;Camilla;Pablo;SEASHELLS;73799.0;1
1;32402.0;Caesar;Pablo;SEASHELLS;73800.0;1
1;32441.0;Penelope;Camilla;SEASHELLS;73841.0;5
1;32460.0;Camilla;Pablo;SEASHELLS;73785.0;5
1;32460.0;Caesar;Pablo;SEASHELLS;73786.0;2
1;32486.0;Camilla;Pablo;SEASHELLS;73794.0;6
1;32486.0;Caesar;Pablo;SEASHELLS;73795.0;2
1;32506.0;Pablo;Caesar;SEASHELLS;73797.0;2
1;32515.0;Caesar;Pablo;SEASHELLS;73807.0;1
1;32515.0;Camilla;Pablo;SEASHELLS;73806.0;2
1;32523.0;Pablo;Caesar;SEASHELLS;73806.0;2
1;32523.0;Pablo;Camilla;SEASHELLS;73806.0;6
1;32555.0;Caesar;Penelope;SEASHELLS;73832.0;2
1;32584.0;Caesar;Pablo;SEASHELLS;73784.0;2
1;32588.0;Camilla;Penelope;SEASHELLS;73772.0;5
1;32630.0;Pablo;Caesar;SEASHELLS;73764.0;1
1;32630.0;Pablo;Camilla;SEASHELLS;73764.0;7
1;32641.0;Pablo;Caesar;SEASHELLS;73755.0;1
1;32650.0;Camilla;Penelope;SEASHELLS;73732.0;5
1;32747.0;Camilla;Penelope;SEASHELLS;73716.0;5
1;32762.0;Camilla;Pablo;SEASHELLS;73746.0;1
1;32762.0;Caesar;Pablo;SEASHELLS;73746.0;2
1;32762.0;Caesar;Pablo;SEASHELLS;73752.0;3
1;32775.0;Penelope;Camilla;SEASHELLS;73767.0;10
1;32781.0;Penelope;Caesar;SEASHELLS;73799.0;1
1;32807.0;Caesar;Penelope;SEASHELLS;73834.0;1
1;32830.0;Caesar;Penelope;SEASHELLS;73761.0;1
1;32850.0;Penelope;Caesar;SEASHELLS;73742.0;2
1;32856.0;Caesar;Pablo;SEASHELLS;73693.0;2
1;32901.0;Caesar;Penelope;SEASHELLS;73613.0;1
1;32910.0;Pablo;Camilla;SEASHELLS;73609.0;4
1;32910.0;Pablo;Caesar;SEASHELLS;73609.0;2
1;32930.0;Penelope;Camilla;SEASHELLS;73646.0;7
1;32944.0;Pablo;Caesar;SEASHELLS;73703.0;1
1;32959.0;Penelope;Caesar;SEASHELLS;73676.0;1
1;32962.0;Camilla;Caesar;SEASHELLS;73676.0;1
1;32970.0;Caesar;Penelope;SEASHELLS;73694.0;2
1;33027.0;Camilla;Pablo;SEASHELLS;73774.0;3
1;33027.0;Caesar;Pablo;SEASHELLS;73774.0;1
1;33046.0;Caesar;Penelope;SEASHELLS;73845.0;1
1;33052.0;Pablo;Camilla;SEASHELLS;73885.0;3
1;33057.0;Camilla;Penelope;SEASHELLS;73886.0;6
1;33061.0;Caesar;Penelope;SEASHELLS;73879.0;1
1;33136.0;Caesar;Pablo;SEASHELLS;73907.0;1
1;33136.0;Camilla;Pablo;SEASHELLS;73906.0;7
1;33155.0;Caesar;Pablo;SEASHELLS;73941.0;2
1;33155.0;Camilla;Pablo;SEASHELLS;73940.0;1
1;33175.0;Pablo;Camilla;SEASHELLS;73904.0;4
1;33175.0;Pablo;Caesar;SEASHELLS;73904.0;1
1;33198.0;Camilla;Pablo;SEASHELLS;73851.0;3
1;33242.0;Pablo;Caesar;SEASHELLS;73828.0;2
1;33242.0;Pablo;Caesar;SEASHELLS;73822.0;6
1;33296.0;Caesar;Pablo;SEASHELLS;73868.0;1
1;33296.0;Camilla;Pablo;SEASHELLS;73862.0;2
1;33365.0;Pablo;Caesar;SEASHELLS;73845.0;2
1;33412.0;Pablo;Caesar;SEASHELLS;73865.0;2
1;33412.0;Pablo;Camilla;SEASHELLS;73865.0;1
1;33419.0;Camilla;Pablo;SEASHELLS;73871.0;1
1;33419.0;Caesar;Pablo;SEASHELLS;73872.0;1
1;33444.0;Penelope;Caesar;SEASHELLS;73864.0;1
1;33448.0;Penelope;Camilla;SEASHELLS;73843.0;10
1;33467.0;Penelope;Camilla;SEASHELLS;73837.0;6
1;33503.0;Caesar;Pablo;SEASHELLS;73907.0;4
1;33542.0;Penelope;Caesar;SEASHELLS;73954.0;1
1;33588.0;Camilla;Pablo;SEASHELLS;73898.0;6
1;33588.0;Caesar;Pablo;SEASHELLS;73904.0;2
1;33591.0;Penelope;Caesar;SEASHELLS;73908.0;1
1;33653.0;Caesar;Pablo;SEASHELLS;74118.0;1
1;33653.0;Camilla;Pablo;SEASHELLS;74117.0;3
1;33661.0;Caesar;Penelope;SEASHELLS;74120.0;4
1;33672.0;Penelope;Camilla;SEASHELLS;74102.0;8
1;33693.0;Penelope;Caesar;SEASHELLS;74130.0;2
1;33700.0;Caesar;Penelope;SEASHELLS;74161.0;1
1;33703.0;Penelope;Caesar;SEASHELLS;74159.0;2
1;33706.0;Pablo;Camilla;SEASHELLS;74162.0;6
1;33709.0;Pablo;Caesar;SEASHELLS;74162.0;2
1;33714.0;Caesar;Pablo;SEASHELLS;74154.0;2
1;33714.0;Camilla;Pablo;SEASHELLS;74153.0;6
1;33763.0;Camilla;Pablo;SEASHELLS;74341.0;2
1;33808.0;Pablo;Camilla;SEASHELLS;74313.0;4
1;33810.0;Penelope;Caesar;SEASHELLS;74305.0;1
1;33824.0;Camilla;Pablo;SEASHELLS;74286.0;5
1;33842.0;Pablo;Caesar;SEASHELLS;74210.0;1
1;33868.0;Camilla;Pablo;SEASHELLS;74295.0;5
1;33868.0;Caesar;Pablo;SEASHELLS;74296.0;2
1;33878.0;Camilla;Pablo;SEASHELLS;74243.0;1
1;33878.0;Caesar;Pablo;SEASHELLS;74244.0;1
1;33884.0;Caesar;Penelope;SEASHELLS;74225.0;1
1;33891.0;Penelope;Caesar;SEASHELLS;74214.0;1
1;33908.0;Caesar;Penelope;SEASHELLS;74290.0;2
1;33927.0;Penelope;Caesar;SEASHELLS;74274.0;1
1;33946.0;Penelope;Caesar;SEASHELLS;74225.0;2
1;33952.0;Caesar;Pablo;SEASHELLS;74197.0;2
1;33953.0;Penelope;Caesar;SEASHELLS;74208.0;2
1;33986.0;Caesar;Penelope;SEASHELLS;74180.0;2
1;34003.0;Caesar;Penelope;SEASHELLS;74191.0;2
1;34049.0;Penelope;Caesar;SEASHELLS;74236.0;8
1;34081.0;Camilla;Pablo;SEASHELLS;74279.0;8
1;34099.0;Caesar;Penelope;SEASHELLS;74243.0;2
1;34102.0;Pablo;Camilla;SEASHELLS;74245.0;3
1;34102.0;Pablo;Caesar;SEASHELLS;74245.0;2
1;34119.0;Camilla;Pablo;SEASHELLS;74228.0;3
1;34119.0;Caesar;Pablo;SEASHELLS;74228.0;2
1;34119.0;Camilla;Penelope;SEASHELLS;74227.0;9
1;34151.0;Pablo;Caesar;SEASHELLS;74137.0;2
1;34151.0;Pablo;Camilla;SEASHELLS;74137.0;2
1;34168.0;Caesar;Pablo;SEASHELLS;74098.0;1
1;34168.0;Camilla;Pablo;SEASHELLS;74097.0;1
1;34169.0;Pablo;Caesar;SEASHELLS;74098.0;2
1;34169.0;Pablo;Camilla;SEASHELLS;74098.0;5
1;34218.0;Caesar;Pablo;SEASHELLS;74173.0;2
1;34219.0;Camilla;Pablo;SEASHELLS;74188.0;8
1;34250.0;Penelope;Camilla;SEASHELLS;74123.0;5
1;34271.0;Camilla;Penelope;SEASHELLS;74183.0;10
1;34305.0;Penelope;Camilla;SEASHELLS;74162.0;6
1;34320.0;Penelope;Caesar;SEASHELLS;74128.0;2
1;34339.0;Camilla;Pablo;SEASHELLS;74171.0;7
1;34343.0;Penelope;Caesar;SEASHELLS;74206.0;1
1;34389.0;Caesar;Pablo;SEASHELLS;74338.0;1
1;34416.0;Penelope;Camilla;SEASHELLS;74357.0;7
1;34429.0;Penelope;Caesar;SEASHELLS;74320.0;1
1;34443.0;Pablo;Camilla;SEASHELLS;74316.0;7
1;34450.0;Camilla;Pablo;SEASHELLS;74283.0;4
1;34469.0;Penelope;Caesar;SEASHELLS;74276.0;2
1;34480.0;Caesar;Penelope;SEASHELLS;74235.0;2
1;34561.0;Camilla;Pablo;SEASHELLS;74305.0;8
1;34603.0;Camilla;Penelope;SEASHELLS;74367.0;6
1;34625.0;Camilla;Pablo;SEASHELLS;74353.0;8
1;34690.0;Penelope;Caesar;SEASHELLS;74283.0;1
1;34693.0;Caesar;Pablo;SEASHELLS;74269.0;2
1;34693.0;Camilla;Pablo;SEASHELLS;74268.0;6
1;34712.0;Pablo;Caesar;SEASHELLS;74245.0;1
1;34763.0;Caesar;Penelope;SEASHELLS;74179.0;1
1;34770.0;Caesar;Penelope;SEASHELLS;74171.0;1
1;34771.0;Caesar;Penelope;SEASHELLS;74175.0;1
1;34779.0;Pablo;Camilla;SEASHELLS;74164.0;4
1;34797.0;Camilla;Pablo;SEASHELLS;74122.0;2
1;34840.0;Penelope;Camilla;SEASHELLS;74108.0;7
1;34907.0;Penelope;Caesar;SEASHELLS;74127.0;1
1;34918.0;Camilla;Penelope;SEASHELLS;74101.0;7
1;34981.0;Penelope;Pablo;SEASHELLS;74031.0;6
1;34981.0;Caesar;Pablo;SEASHELLS;74032.0;1
1;34997.0;Penelope;Caesar;SEASHELLS;74046.0;2
1;34998.0;Caesar;Penelope;SEASHELLS;74041.0;2
1;35014.0;Caesar;Penelope;SEASHELLS;74087.0;2
1;35030.0;Caesar;Pablo;SEASHELLS;74079.0;1
1;35040.0;Caesar;Penelope;SEASHELLS;74074.0;1
1;35088.0;Pablo;Caesar;SEASHELLS;74050.0;2
1;35177.0;Pablo;Camilla;SEASHELLS;74178.0;4
1;35240.0;Caesar;Penelope;SEASHELLS;74075.0;1
1;35248.0;Pablo;Camilla;SEASHELLS;74070.0;2
1;35255.0;Pablo;Caesar;SEASHELLS;74028.0;2
1;35261.0;Caesar;Penelope;SEASHELLS;73996.0;5
1;35278.0;Pablo;Camilla;SEASHELLS;73914.0;5
1;35313.0;Camilla;Pablo;SEASHELLS;73818.0;3
1;35317.0;Caesar;Pablo;SEASHELLS;73820.0;1
1;35339.0;Caesar;Pablo;SEASHELLS;73805.0;1
1;35371.0;Penelope;Caesar;SEASHELLS;73795.0;1
1;35374.0;Caesar;Penelope;SEASHELLS;73818.0;1
1;35385.0;Camilla;Penelope;SEASHELLS;73900.0;6
1;35465.0;Caesar;Penelope;SEASHELLS;73962.0;1
1;35501.0;Caesar;Pablo;SEASHELLS;73947.0;2
1;35524.0;Caesar;Penelope;SEASHELLS;73933.0;1
1;35555.0;Camilla;Pablo;SEASHELLS;73930.0;2
1;35555.0;Caesar;Pablo;SEASHELLS;73931.0;1
1;35566.0;Penelope;Caesar;SEASHELLS;73924.0;1
1;35614.0;Penelope;Camilla;SEASHELLS;73986.0;10
1;35677.0;Penelope;Camilla;SEASHELLS;73939.0;9
1;35695.0;Penelope;Caesar;SEASHELLS;73924.0;2
1;35733.0;Penelope;Caesar;SEASHELLS;73889.0;2
1;35737.0;Pablo;Caesar;SEASHELLS;73879.0;1
1;35737.0;Pablo;Camilla;SEASHELLS;73879.0;2
1;35740.0;Penelope;Camilla;SEASHELLS;73895.0;10
1;35761.0;Penelope;Caesar;SEASHELLS;73876.0;2
1;35774.0;Camilla;Penelope;SEASHELLS;73764.0;8
1;35807.0;Camilla;Penelope;SEASHELLS;73792.0;5
1;35816.0;Penelope;Camilla;SEASHELLS;73826.0;5
1;35824.0;Caesar;Pablo;SEASHELLS;73821.0;2
1;35824.0;Camilla;Pablo;SEASHELLS;73820.0;1
1;35866.0;Caesar;Penelope;SEASHELLS;73797.0;1
1;35874.0;Caesar;Penelope;SEASHELLS;73822.0;1
1;35886.0;Camilla;Pablo;SEASHELLS;73836.0;3
1;35968.0;Penelope;Camilla;SEASHELLS;73931.0;6
1;35999.0;Penelope;Camilla;SEASHELLS;73947.0;9
1;36003.0;Camilla;Pablo;SEASHELLS;73959.0;5
1;36003.0;Caesar;Pablo;SEASHELLS;73960.0;1
1;36008.0;Caesar;Penelope;SEASHELLS;73965.0;2
1;36029.0;Caesar;Penelope;SEASHELLS;73954.0;2
1;36034.0;Camilla;Penelope;SEASHELLS;73937.0;9
1;36039.0;Penelope;Caesar;SEASHELLS;73982.0;2
1;36060.0;Caesar;Pablo;SEASHELLS;73905.0;1
1;36060.0;Caesar;Pablo;SEASHELLS;73900.0;2
1;36061.0;Camilla;Pablo;SEASHELLS;73897.0;2
1;36073.0;Pablo;Camilla;SEASHELLS;73919.0;7
1;36073.0;Pablo;Caesar;SEASHELLS;73919.0;1
1;36075.0;Caesar;Penelope;SEASHELLS;73937.0;2
1;36097.0;Penelope;Caesar;SEASHELLS;73909.0;1
1;36105.0;Caesar;Penelope;SEASHELLS;73908.0;2
1;36141.0;Pablo;Caesar;SEASHELLS;73991.0;2
1;36152.0;Caesar;Penelope;SEASHELLS;73955.0;1
1;36170.0;Caesar;Pablo;SEASHELLS;73907.0;1
1;36170.0;Camilla;Pablo;SEASHELLS;73907.0;5
1;36180.0;Camilla;Penelope;SEASHELLS;73900.0;9
1;36203.0;Camilla;Pablo;SEASHELLS;73859.0;2
1;36209.0;Caesar;Penelope;SEASHELLS;73860.0;2
1;36270.0;Pablo;Caesar;SEASHELLS;73727.0;2
1;36274.0;Penelope;Caesar;SEASHELLS;73709.0;2
1;36358.0;Pablo;Caesar;SEASHELLS;73695.0;2
1;36377.0;Caesar;Pablo;SEASHELLS;73708.0;1
1;36377.0;Camilla;Pablo;SEASHELLS;73707.0;2
1;36390.0;Caesar;Penelope;SEASHELLS;73741.0;2
1;36396.0;Pablo;Camilla;SEASHELLS;73755.0;6
1;36410.0;Camilla;Penelope;SEASHELLS;73733.0;10
1;36444.0;Camilla;Penelope;SEASHELLS;73686.0;6
1;36454.0;Penelope;Camilla;SEASHELLS;73724.0;10
1;36455.0;Pablo;Caesar;SEASHELLS;73717.0;2
1;36460.0;Pablo;Camilla;SEASHELLS;73744.0;4
1;36487.0;Pablo;Camilla;SEASHELLS;73807.0;6
1;36495.0;Pablo;Camilla;SEASHELLS;73795.0;2
1;36495.0;Pablo;Caesar;SEASHELLS;73795.0;2
1;36518.0;Camilla;Penelope;SEASHELLS;73789.0;5
1;36526.0;Caesar;Pablo;SEASHELLS;73780.0;2
1;36559.0;Pablo;Camilla;SEASHELLS;73806.0;3
1;36559.0;Pablo;Caesar;SEASHELLS;73806.0;2
1;36563.0;Camilla;Caesar;SEASHELLS;73825.0;1
1;36572.0;Pablo;Camilla;SEASHELLS;73851.0;1
1;36572.0;Pablo;Caesar;SEASHELLS;73851.0;1
1;36581.0;Penelope;Caesar;SEASHELLS;73893.0;1
1;36588.0;Pablo;Camilla;SEASHELLS;73878.0;5
1;36588.0;Pablo;Caesar;SEASHELLS;73878.0;2
1;36589.0;Caesar;Penelope;SEASHELLS;73861.0;2
1;36610.0;Caesar;Pablo;SEASHELLS;73878.0;2
1;36610.0;Camilla;Pablo;SEASHELLS;73878.0;5
1;36624.0;Pablo;Caesar;SEASHELLS;73859.0;2
1;36639.0;Camilla;Penelope;SEASHELLS;73745.0;6
1;36644.0;Caesar;Penelope;SEASHELLS;73771.0;2
1;36685.0;Caesar;Penelope;SEASHELLS;73791.0;2
1;36720.0;Pablo;Caesar;SEASHELLS;73852.0;3
1;36755.0;Pablo;Camilla;SEASHELLS;73935.0;4
1;36755.0;Pablo;Caesar;SEASHELLS;73935.0;2
1;36807.0;Penelope;Caesar;SEASHELLS;74065.0;2
1;36895.0;Pablo;Camilla;SEASHELLS;74063.0;1
1;36895.0;Pablo;Caesar;SEASHELLS;74063.0;1
1;36900.0;Camilla;Pablo;SEASHELLS;74034.0;3
1;36915.0;Caesar;Pablo;SEASHELLS;74022.0;2
1;36967.0;Camilla;Penelope;SEASHELLS;74046.0;8
1;36981.0;Caesar;Pablo;SEASHELLS;74019.0;2
1;36981.0;Camilla;Pablo;SEASHELLS;74019.0;1
1;36994.0;Penelope;Camilla;SEASHELLS;74053.0;7
1;36995.0;Camilla;Penelope;SEASHELLS;74061.0;7
1;37003.0;Pablo;Camilla;SEASHELLS;74104.0;3
1;37037.0;Caesar;Pablo;SEASHELLS;74120.0;2
1;37037.0;Camilla;Pablo;SEASHELLS;74119.0;1
1;37041.0;Penelope;Caesar;SEASHELLS;74171.0;2
1;37142.0;Caesar;Pablo;SEASHELLS;74240.0;1
1;37142.0;Camilla;Pablo;SEASHELLS;74239.0;5
1;37206.0;Camilla;Penelope;SEASHELLS;74248.0;9
1;37209.0;Camilla;Penelope;SEASHELLS;74272.0;9
1;37214.0;Caesar;Penelope;SEASHELLS;74317.0;1
1;37220.0;Penelope;Caesar;SEASHELLS;74314.0;2
1;37242.0;Camilla;Penelope;SEASHELLS;74273.0;9
1;37247.0;Penelope;Camilla;SEASHELLS;74273.0;7
1;37260.0;Penelope;Caesar;SEASHELLS;74262.0;1
1;37263.0;Caesar;Pablo;SEASHELLS;74272.0;1
1;37263.0;Camilla;Pablo;SEASHELLS;74272.0;4
1;37302.0;Caesar;Penelope;SEASHELLS;74255.0;1
1;37308.0;Penelope;Camilla;SEASHELLS;74260.0;6
1;37342.0;Caesar;Penelope;SEASHELLS;74163.0;2
1;37356.0;Caesar;Pablo;SEASHELLS;74140.0;2
1;37380.0;Pablo;Caesar;SEASHELLS;74029.0;1
1;37380.0;Pablo;Camilla;SEASHELLS;74029.0;1
1;37412.0;Caesar;Penelope;SEASHELLS;73985.0;1
1;37428.0;Caesar;Penelope;SEASHELLS;73988.0;2
1;37432.0;Penelope;Caesar;SEASHELLS;73958.0;3
1;37496.0;Pablo;Caesar;SEASHELLS;73984.0;2
1;37578.0;Pablo;Camilla;SEASHELLS;73936.0;3
1;37578.0;Pablo;Caesar;SEASHELLS;73936.0;1
1;37580.0;Penelope;Camilla;SEASHELLS;73957.0;5
1;37581.0;Penelope;Caesar;SEASHELLS;73978.0;1
1;37582.0;Caesar;Pablo;SEASHELLS;73975.0;1
1;37582.0;Camilla;Pablo;SEASHELLS;73975.0;2
1;37647.0;Caesar;Penelope;SEASHELLS;74044.0;1
1;37651.0;Pablo;Caesar;SEASHELLS;74041.0;1
1;37652.0;Penelope;Camilla;SEASHELLS;74028.0;5
1;37707.0;Camilla;Penelope;SEASHELLS;74031.0;7
1;37719.0;Penelope;Camilla;SEASHELLS;74001.0;8
1;37747.0;Camilla;Pablo;SEASHELLS;73943.0;7
1;37789.0;Caesar;Penelope;SEASHELLS;73966.0;2
1;37795.0;Camilla;Penelope;SEASHELLS;73914.0;9
1;37803.0;Penelope;Caesar;SEASHELLS;73906.0;2
1;37854.0;Camilla;Pablo;SEASHELLS;73779.0;1
1;37854.0;Caesar;Pablo;SEASHELLS;73779.0;2
1;37895.0;Pablo;Camilla;SEASHELLS;73819.0;4
1;37907.0;Penelope;Caesar;SEASHELLS;73867.0;2
1;37966.0;Caesar;Penelope;SEASHELLS;73742.0;1
1;37984.0;Pablo;Caesar;SEASHELLS;73721.0;2
1;38023.0;Caesar;Pablo;SEASHELLS;73754.0;1
1;38045.0;Caesar;Penelope;SEASHELLS;73715.0;1
1;38045.0;Pablo;Caesar;SEASHELLS;73726.0;1
1;38045.0;Pablo;Camilla;SEASHELLS;73726.0;3
1;38104.0;Penelope;Caesar;SEASHELLS;73896.0;1
1;38128.0;Camilla;Pablo;SEASHELLS;73919.0;3
1;38133.0;Penelope;Caesar;SEASHELLS;73878.0;1
1;38187.0;Pablo;Camilla;SEASHELLS;73898.0;5
1;38202.0;Camilla;Pablo;SEASHELLS;73888.0;2
1;38219.0;Penelope;Camilla;SEASHELLS;73944.0;6
1;38222.0;Pablo;Camilla;SEASHELLS;73964.0;6
1;38292.0;Penelope;Caesar;SEASHELLS;73855.0;1
1;38295.0;Pablo;Caesar;SEASHELLS;73827.0;1
1;38306.0;Caesar;Penelope;SEASHELLS;73805.0;2
1;38308.0;Camilla;Penelope;SEASHELLS;73793.0;10
1;38313.0;Caesar;Penelope;SEASHELLS;73789.0;1
1;38325.0;Penelope;Camilla;SEASHELLS;73813.0;8
1;38326.0;Pablo;Camilla;SEASHELLS;73796.0;3
1;38342.0;Caesar;Pablo;SEASHELLS;73796.0;1
1;38342.0;Camilla;Pablo;SEASHELLS;73795.0;7
1;38397.0;Penelope;Camilla;SEASHELLS;73810.0;7
1;38402.0;Caesar;Pablo;SEASHELLS;73793.0;2
1;38411.0;Penelope;Caesar;SEASHELLS;73808.0;2
1;38424.0;Penelope;Caesar;SEASHELLS;73797.0;2
1;38431.0;Caesar;Penelope;SEASHELLS;73748.0;2
1;38445.0;Caesar;Penelope;SEASHELLS;73778.0;1
1;38470.0;Caesar;Penelope;SEASHELLS;73781.0;1
1;38541.0;Caesar;Pablo;SEASHELLS;73722.0;2
1;38541.0;Camilla;Pablo;SEASHELLS;73721.0;2
1;38546.0;Caesar;Penelope;SEASHELLS;73735.0;1
1;38551.0;Caesar;Penelope;SEASHELLS;73689.0;2
1;38582.0;Penelope;Caesar;SEASHELLS;73675.0;1
1;38597.0;Camilla;Penelope;SEASHELLS;73691.0;5
1;38615.0;Camilla;Caesar;SEASHELLS;73739.0;1
1;38636.0;Penelope;Caesar;SEASHELLS;73707.0;1
1;38638.0;Camilla;Pablo;SEASHELLS;73711.0;7
1;38673.0;Caesar;Pablo;SEASHELLS;73765.0;2
1;38673.0;Camilla;Pablo;SEASHELLS;73764.0;5
1;38690.0;Caesar;Penelope;SEASHELLS;73776.0;2
1;38706.0;Camilla;Penelope;SEASHELLS;73758.0;8
1;38718.0;Caesar;Penelope;SEASHELLS;73763.0;2
1;38718.0;Pablo;Caesar;SEASHELLS;73774.0;2
1;38721.0;Camilla;Pablo;SEASHELLS;73757.0;4
1;38725.0;Caesar;Penelope;SEASHELLS;73742.0;1
1;38726.0;Camilla;Penelope;SEASHELLS;73738.0;5
1;38745.0;Camilla;Penelope;SEASHELLS;73765.0;5
1;38754.0;Pablo;Caesar;SEASHELLS;73787.0;6
1;38887.0;Pablo;Camilla;SEASHELLS;73669.0;5
1;38887.0;Pablo;Caesar;SEASHELLS;73669.0;2
1;38902.0;Caesar;Penelope;SEASHELLS;73713.0;2
1;38906.0;Camilla;Caesar;SEASHELLS;73721.0;1
1;38919.0;Penelope;Caesar;SEASHELLS;73751.0;3
1;38928.0;Camilla;Pablo;SEASHELLS;73768.0;7
1;38931.0;Camilla;Pablo;SEASHELLS;73769.0;6
1;38990.0;Pablo;Camilla;SEASHELLS;73815.0;2
1;39062.0;Caesar;Pablo;SEASHELLS;74052.0;1
1;39062.0;Camilla;Pablo;SEASHELLS;74051.0;2
1;39122.0;Camilla;Pablo;SEASHELLS;74103.0;4
1;39160.0;Caesar;Penelope;SEASHELLS;74101.0;2
1;39169.0;Penelope;Camilla;SEASHELLS;74151.0;8
1;39174.0;Penelope;Caesar;SEASHELLS;74135.0;2
1;39193.0;Caesar;Pablo;SEASHELLS;74185.0;2
1;39193.0;Camilla;Pablo;SEASHELLS;74184.0;3
1;39212.0;Penelope;Caesar;SEASHELLS;74213.0;2
1;39218.0;Caesar;Penelope;SEASHELLS;74156.0;1
1;39221.0;Penelope;Caesar;SEASHELLS;74185.0;2
1;39222.0;Penelope;Caesar;SEASHELLS;74176.0;2
1;39235.0;Camilla;Pablo;SEASHELLS;74155.0;8
1;39246.0;Pablo;Caesar;SEASHELLS;74136.0;2
1;39246.0;Pablo;Camilla;SEASHELLS;74136.0;1
1;39264.0;Pablo;Camilla;SEASHELLS;74134.0;1
1;39264.0;Pablo;Caesar;SEASHELLS;74134.0;1
1;39293.0;Caesar;Penelope;SEASHELLS;74059.0;2
1;39315.0;Caesar;Penelope;SEASHELLS;74052.0;1
1;39345.0;Pablo;Caesar;SEASHELLS;74180.0;1
1;39345.0;Pablo;Camilla;SEASHELLS;74180.0;6
1;39352.0;Camilla;Pablo;SEASHELLS;74215.0;4
1;39352.0;Caesar;Pablo;SEASHELLS;74216.0;2
1;39359.0;Penelope;Camilla;SEASHELLS;74306.0;5
1;39386.0;Caesar;Pablo;SEASHELLS;74341.0;2
1;39386.0;Caesar;Pablo;SEASHELLS;74336.0;1
1;39403.0;Caesar;Penelope;SEASHELLS;74277.0;1
1;39408.0;Penelope;Caesar;SEASHELLS;74278.0;2
1;39413.0;Pablo;Caesar;SEASHELLS;74246.0;2
1;39425.0;Pablo;Camilla;SEASHELLS;74241.0;5
1;39432.0;Penelope;Camilla;SEASHELLS;74185.0;10
1;39472.0;Caesar;Penelope;SEASHELLS;74164.0;2
1;39507.0;Pablo;Camilla;SEASHELLS;74224.0;5
1;39508.0;Camilla;Penelope;SEASHELLS;74220.0;6
1;39512.0;Pablo;Caesar;SEASHELLS;74213.0;1
1;39573.0;Penelope;Camilla;SEASHELLS;74182.0;6
1;39616.0;Penelope;Caesar;SEASHELLS;74057.0;2
1;39627.0;Camilla;Pablo;SEASHELLS;74059.0;5
1;39627.0;Caesar;Pablo;SEASHELLS;74060.0;1
1;39648.0;Pablo;Caesar;SEASHELLS;73997.0;4
1;39668.0;Penelope;Camilla;SEASHELLS;74083.0;9
1;39687.0;Penelope;Caesar;SEASHELLS;74159.0;1
1;39708.0;Penelope;Caesar;SEASHELLS;74228.0;1
1;39717.0;Penelope;Caesar;SEASHELLS;74210.0;1
1;39755.0;Camilla;Pablo;SEASHELLS;74253.0;3
1;39780.0;Penelope;Caesar;SEASHELLS;74351.0;1
1;39788.0;Penelope;Caesar;SEASHELLS;74315.0;2
1;39836.0;Caesar;Pablo;SEASHELLS;74263.0;1
1;39836.0;Caesar;Pablo;SEASHELLS;74268.0;1
1;39836.0;Camilla;Pablo;SEASHELLS;74262.0;3
1;39838.0;Camilla;Penelope;SEASHELLS;74282.0;6
1;39849.0;Caesar;Pablo;SEASHELLS;74216.0;2
1;39857.0;Camilla;Pablo;SEASHELLS;74202.0;2
1;39859.0;Penelope;Caesar;SEASHELLS;74221.0;1
1;39875.0;Penelope;Camilla;SEASHELLS;74172.0;9
1;39883.0;Camilla;Pablo;SEASHELLS;74190.0;5
1;39901.0;Pablo;Caesar;SEASHELLS;74150.0;1
1;39901.0;Pablo;Camilla;SEASHELLS;74150.0;1
1;39935.0;Pablo;Caesar;SEASHELLS;74228.0;1
1;39938.0;Camilla;Penelope;SEASHELLS;74204.0;6
1;39964.0;Camilla;Penelope;SEASHELLS;74230.0;6
1;39971.0;Camilla;Penelope;SEASHELLS;74245.0;9
2;40014.0;Pablo;Camilla;SEASHELLS;74297.0;6
2;40058.0;Camilla;Pablo;SEASHELLS;74216.0;1
2;40058.0;Caesar;Pablo;SEASHELLS;74217.0;1
2;40074.0;Pablo;Caesar;SEASHELLS;74259.0;1
2;40090.0;Pablo;Camilla;SEASHELLS;74258.0;3
2;40092.0;Caesar;Penelope;SEASHELLS;74242.0;1
2;40133.0;Caesar;Penelope;SEASHELLS;74205.0;1
2;40211.0;Penelope;Caesar;SEASHELLS;74193.0;2
2;40240.0;Camilla;Pablo;SEASHELLS;74239.0;4
2;40240.0;Caesar;Pablo;SEASHELLS;74239.0;2
2;40252.0;Penelope;Caesar;SEASHELLS;74245.0;1
2;40255.0;Caesar;Penelope;SEASHELLS;74229.0;2
2;40265.0;Camilla;Pablo;SEASHELLS;74263.0;6
2;40265.0;Caesar;Pablo;SEASHELLS;74264.0;1
2;40325.0;Caesar;Penelope;SEASHELLS;74181.0;1
2;40328.0;Pablo;Caesar;SEASHELLS;74182.0;1
2;40337.0;Penelope;Caesar;SEASHELLS;74142.0;2
2;40371.0;Penelope;Camilla;SEASHELLS;74199.0;9
2;40374.0;Penelope;Camilla;SEASHELLS;74197.0;10
2;40394.0;Penelope;Caesar;SEASHELLS;74144.0;5
2;40415.0;Caesar;Pablo;SEASHELLS;74097.0;2
2;40415.0;Camilla;Pablo;SEASHELLS;74096.0;4
2;40449.0;Camilla;Pablo;SEASHELLS;74231.0;1
2;40449.0;Caesar;Pablo;SEASHELLS;74231.0;1
2;40453.0;Penelope;Camilla;SEASHELLS;74241.0;7
2;40484.0;Penelope;Caesar;SEASHELLS;74203.0;2
2;40503.0;Caesar;Penelope;SEASHELLS;74175.0;1
2;40526.0;Caesar;Pablo;SEASHELLS;74202.0;2
2;40526.0;Camilla;Pablo;SEASHELLS;74201.0;2
2;40564.0;Caesar;Penelope;SEASHELLS;74201.0;2
2;40572.0;Penelope;Camilla;SEASHELLS;74282.0;6
2;40585.0;Penelope;Caesar;SEASHELLS;74285.0;2
2;40587.0;Caesar;Penelope;SEASHELLS;74294.0;1
2;40592.0;Pablo;Caesar;SEASHELLS;74250.0;2
2;40593.0;Penelope;Caesar;SEASHELLS;74232.0;2
2;40599.0;Penelope;Camilla;SEASHELLS;74220.0;6
2;40601.0;Pablo;Caesar;SEASHELLS;74198.0;8
2;40604.0;Penelope;Caesar;SEASHELLS;74188.0;2
2;40665.0;Caesar;Pablo;SEASHELLS;74019.0;2
2;40665.0;Camilla;Pablo;SEASHELLS;74019.0;3
2;40675.0;Caesar;Pablo;SEASHELLS;73963.0;2
2;40682.0;Caesar;Penelope;SEASHELLS;73918.0;2
2;40696.0;Caesar;Pablo;SEASHELLS;73963.0;1
2;40696.0;Camilla;Pablo;SEASHELLS;73962.0;4
2;40704.0;Caesar;Pablo;SEASHELLS;73868.0;1
2;40728.0;Caesar;Penelope;SEASHELLS;73883.0;2
2;40736.0;Camilla;Penelope;SEASHELLS;73858.0;6
2;40738.0;Penelope;Camilla;SEASHELLS;73868.0;8
2;40746.0;Camilla;Penelope;SEASHELLS;73880.0;10
2;40746.0;Caesar;Pablo;SEASHELLS;73881.0;2
2;40746.0;Camilla;Pablo;SEASHELLS;73880.0;5
2;40820.0;Pablo;Camilla;SEASHELLS;73966.0;6
2;40820.0;Pablo;Caesar;SEASHELLS;73966.0;2
2;40826.0;Caesar;Penelope;SEASHELLS;73973.0;2
2;40842.0;Pablo;Caesar;SEASHELLS;74043.0;2
2;40842.0;Pablo;Camilla;SEASHELLS;74043.0;3
2;40849.0;Camilla;Pablo;SEASHELLS;74081.0;8
2;40868.0;Camilla;Pablo;SEASHELLS;74126.0;2
2;40878.0;Pablo;Camilla;SEASHELLS;74162.0;7
2;40878.0;Pablo;Caesar;SEASHELLS;74162.0;1
2;40878.0;Penelope;Camilla;SEASHELLS;74163.0;9
2;40881.0;Caesar;Penelope;SEASHELLS;74149.0;1
2;40900.0;Penelope;Camilla;SEASHELLS;74135.0;10
2;40908.0;Camilla;Pablo;SEASHELLS;74165.0;6
2;40908.0;Caesar;Pablo;SEASHELLS;74166.0;2
2;40914.0;Penelope;Caesar;SEASHELLS;74126.0;1
2;40919.0;Caesar;Pablo;SEASHELLS;74134.0;2
2;40922.0;Camilla;Penelope;SEASHELLS;74123.0;8
2;40936.0;Penelope;Caesar;SEASHELLS;74107.0;2
2;40956.0;Camilla;Pablo;SEASHELLS;74019.0;5
2;40976.0;Camilla;Penelope;SEASHELLS;74005.0;5
2;40977.0;Caesar;Pablo;SEASHELLS;74011.0;1
2;40977.0;Camilla;Pablo;SEASHELLS;74010.0;3
2;40980.0;Caesar;Penelope;SEASHELLS;74031.0;2
2;40984.0;Camilla;Pablo;SEASHELLS;74011.0;1
2;40984.0;Camilla;Penelope;SEASHELLS;74010.0;10
2;40984.0;Caesar;Pablo;SEASHELLS;74011.0;1
2;41093.0;Penelope;Camilla;SEASHELLS;74124.0;7
2;41097.0;Caesar;Pablo;SEASHELLS;74110.0;1
2;41097.0;Camilla;Pablo;SEASHELLS;74109.0;2
2;41100.0;Penelope;Camilla;SEASHELLS;74100.0;5
2;41105.0;Camilla;Pablo;SEASHELLS;74101.0;6
2;41118.0;Caesar;Penelope;SEASHELLS;74071.0;1
2;41119.0;Camilla;Penelope;SEASHELLS;74065.0;5
2;41152.0;Camilla;Pablo;SEASHELLS;74090.0;2
2;41175.0;Caesar;Pablo;SEASHELLS;74144.0;2
2;41175.0;Camilla;Pablo;SEASHELLS;74143.0;1
2;41175.0;Penelope;Caesar;SEASHELLS;74156.0;2
2;41187.0;Camilla;Penelope;SEASHELLS;74177.0;9
2;41251.0;Penelope;Caesar;SEASHELLS;74177.0;2
2;41261.0;Penelope;Caesar;SEASHELLS;74188.0;2
2;41312.0;Caesar;Pablo;SEASHELLS;74232.0;2
2;41334.0;Penelope;Caesar;SEASHELLS;74183.0;1
2;41344.0;Camilla;Penelope;SEASHELLS;74186.0;10
2;41370.0;Caesar;Pablo;SEASHELLS;74210.0;2
2;41371.0;Camilla;Penelope;SEASHELLS;74230.0;6
2;41381.0;Caesar;Pablo;SEASHELLS;74184.0;2
2;41381.0;Camilla;Pablo;SEASHELLS;74183.0;5
2;41382.0;Camilla;Pablo;SEASHELLS;74188.0;3
2;41413.0;Caesar;Pablo;SEASHELLS;74227.0;1
2;41429.0;Caesar;Pablo;SEASHELLS;74211.0;2
2;41447.0;Pablo;Camilla;SEASHELLS;74222.0;6
2;41447.0;Pablo;Caesar;SEASHELLS;74222.0;2
2;41458.0;Caesar;Pablo;SEASHELLS;74120.0;1
2;41458.0;Camilla;Pablo;SEASHELLS;74120.0;1
2;41476.0;Penelope;Caesar;SEASHELLS;74132.0;2
2;41483.0;Penelope;Caesar;SEASHELLS;74090.0;1
2;41504.0;Penelope;Caesar;SEASHELLS;74145.0;2
2;41537.0;Camilla;Pablo;SEASHELLS;74061.0;2
2;41537.0;Caesar;Pablo;SEASHELLS;74062.0;2
2;41550.0;Caesar;Pablo;SEASHELLS;74058.0;1
2;41574.0;Camilla;Pablo;SEASHELLS;74100.0;8
2;41592.0;Caesar;Pablo;SEASHELLS;74117.0;2
2;41622.0;Camilla;Pablo;SEASHELLS;74074.0;4
2;41622.0;Caesar;Pablo;SEASHELLS;74074.0;1
2;41634.0;Caesar;Penelope;SEASHELLS;74081.0;1
2;41675.0;Camilla;Penelope;SEASHELLS;74144.0;6
2;41695.0;Camilla;Penelope;SEASHELLS;74154.0;10
2;41724.0;Caesar;Penelope;SEASHELLS;74221.0;2
2;41727.0;Caesar;Penelope;SEASHELLS;74205.0;1
2;41753.0;Caesar;Penelope;SEASHELLS;74202.0;1
2;41766.0;Caesar;Penelope;SEASHELLS;74205.0;1
2;41769.0;Pablo;Caesar;SEASHELLS;74249.0;1
2;41769.0;Pablo;Caesar;SEASHELLS;74243.0;4
2;41800.0;Camilla;Penelope;SEASHELLS;74342.0;10
2;41804.0;Pablo;Caesar;SEASHELLS;74381.0;2
2;41804.0;Pablo;Camilla;SEASHELLS;74381.0;4
2;41809.0;Pablo;Camilla;SEASHELLS;74397.0;6
2;41815.0;Caesar;Penelope;SEASHELLS;74395.0;2
2;41822.0;Camilla;Penelope;SEASHELLS;74393.0;7
2;41850.0;Caesar;Penelope;SEASHELLS;74319.0;1
2;41912.0;Caesar;Penelope;SEASHELLS;74290.0;2
2;41913.0;Camilla;Pablo;SEASHELLS;74275.0;7
2;41927.0;Camilla;Pablo;SEASHELLS;74265.0;5
2;41927.0;Caesar;Pablo;SEASHELLS;74266.0;2
2;41929.0;Penelope;Camilla;SEASHELLS;74280.0;8
2;41931.0;Penelope;Camilla;SEASHELLS;74254.0;5
2;41933.0;Penelope;Camilla;SEASHELLS;74252.0;9
2;41961.0;Camilla;Pablo;SEASHELLS;74195.0;6
2;41983.0;Camilla;Pablo;SEASHELLS;74151.0;3
2;41983.0;Caesar;Pablo;SEASHELLS;74152.0;1
2;42004.0;Pablo;Caesar;SEASHELLS;74028.0;1
2;42021.0;Camilla;Pablo;SEASHELLS;73999.0;5
2;42021.0;Caesar;Pablo;SEASHELLS;74000.0;1
2;42037.0;Caesar;Pablo;SEASHELLS;73948.0;2
2;42037.0;Camilla;Pablo;SEASHELLS;73947.0;2
2;42093.0;Penelope;Caesar;SEASHELLS;74005.0;2
2;42101.0;Caesar;Penelope;SEASHELLS;73969.0;1
2;42119.0;Penelope;Camilla;SEASHELLS;73984.0;6
2;42125.0;Pablo;Caesar;SEASHELLS;73989.0;2
2;42128.0;Caesar;Pablo;SEASHELLS;74004.0;1
2;42128.0;Camilla;Pablo;SEASHELLS;74003.0;2
2;42135.0;Camilla;Penelope;SEASHELLS;74033.0;5
2;42154.0;Caesar;Penelope;SEASHELLS;73931.0;2
2;42158.0;Pablo;Caesar;SEASHELLS;73968.0;1
2;42180.0;Penelope;Caesar;SEASHELLS;74017.0;1
2;42193.0;Caesar;Penelope;SEASHELLS;74052.0;2
2;42211.0;Caesar;Penelope;SEASHELLS;74081.0;2
2;42229.0;Pablo;Caesar;SEASHELLS;74101.0;2
2;42229.0;Pablo;Camilla;SEASHELLS;74101.0;2
2;42237.0;Pablo;Camilla;SEASHELLS;74126.0;5
2;42238.0;Pablo;Caesar;SEASHELLS;74125.0;1
2;42238.0;Pablo;Camilla;SEASHELLS;74125.0;5
2;42264.0;Pablo;Camilla;SEASHELLS;74092.0;4
2;42287.0;Caesar;Penelope;SEASHELLS;73997.0;1
2;42308.0;Pablo;Caesar;SEASHELLS;74019.0;1
2;42326.0;Caesar;Penelope;SEASHELLS;74036.0;6
2;42330.0;Penelope;Camilla;SEASHELLS;74077.0;10
2;42347.0;Camilla;Penelope;SEASHELLS;74060.0;8
2;42407.0;Caesar;Penelope;SEASHELLS;74111.0;2
2;42433.0;Caesar;Penelope;SEASHELLS;74148.0;2
2;42453.0;Pablo;Camilla;SEASHELLS;74127.0;4
2;42472.0;Camilla;Pablo;SEASHELLS;74060.0;5
2;42472.0;Caesar;Pablo;SEASHELLS;74061.0;1
2;42491.0;Camilla;Pablo;SEASHELLS;74092.0;2
2;42500.0;Penelope;Camilla;SEASHELLS;74129.0;10
2;42533.0;Penelope;Caesar;SEASHELLS;74164.0;1
2;42534.0;Penelope;Caesar;SEASHELLS;74179.0;2
2;42578.0;Penelope;Caesar;SEASHELLS;74139.0;2
2;42593.0;Caesar;Pablo;SEASHELLS;74111.0;1
2;42593.0;Camilla;Pablo;SEASHELLS;74111.0;7
2;42595.0;Camilla;Pablo;SEASHELLS;74119.0;2
2;42596.0;Pablo;Caesar;SEASHELLS;74139.0;2
2;42596.0;Pablo;Penelope;SEASHELLS;74139.0;3
2;42609.0;Caesar;Penelope;SEASHELLS;74236.0;2
2;42626.0;Penelope;Caesar;SEASHELLS;74245.0;1
2;42637.0;Pablo;Caesar;SEASHELLS;74233.0;2
2;42637.0;Pablo;Camilla;SEASHELLS;74233.0;5
2;42642.0;Camilla;Penelope;SEASHELLS;74223.0;10
2;42687.0;Pablo;Caesar;SEASHELLS;74177.0;2
2;42687.0;Pablo;Camilla;SEASHELLS;74177.0;6
2;42727.0;Camilla;Caesar;SEASHELLS;74078.0;1
2;42733.0;Caesar;Penelope;SEASHELLS;74085.0;2
2;42739.0;Camilla;Pablo;SEASHELLS;74122.0;4
2;42739.0;Caesar;Pablo;SEASHELLS;74123.0;1
2;42755.0;Camilla;Pablo;SEASHELLS;73982.0;8
2;42764.0;Camilla;Pablo;SEASHELLS;74011.0;4
2;42765.0;Caesar;Pablo;SEASHELLS;74008.0;1
2;42765.0;Camilla;Pablo;SEASHELLS;74007.0;1
2;42776.0;Penelope;Caesar;SEASHELLS;74028.0;1
2;42781.0;Pablo;Caesar;SEASHELLS;74008.0;2
2;42834.0;Pablo;Caesar;SEASHELLS;73895.0;1
2;42892.0;Camilla;Pablo;SEASHELLS;73796.0;5
2;42892.0;Caesar;Pablo;SEASHELLS;73797.0;1
2;42893.0;Penelope;Caesar;SEASHELLS;73826.0;2
2;42900.0;Pablo;Caesar;SEASHELLS;73836.0;1
2;42900.0;Pablo;Camilla;SEASHELLS;73836.0;4
2;42916.0;Penelope;Caesar;SEASHELLS;73763.0;3
2;42965.0;Pablo;Camilla;SEASHELLS;73705.0;4
2;42965.0;Pablo;Caesar;SEASHELLS;73700.0;4
2;42975.0;Caesar;Pablo;SEASHELLS;73698.0;1
2;42975.0;Camilla;Pablo;SEASHELLS;73697.0;1
2;42990.0;Pablo;Camilla;SEASHELLS;73700.0;5
2;42990.0;Pablo;Caesar;SEASHELLS;73700.0;2
2;42996.0;Penelope;Caesar;SEASHELLS;73688.0;1
2;43027.0;Penelope;Caesar;SEASHELLS;73635.0;2
2;43029.0;Pablo;Caesar;SEASHELLS;73625.0;2
2;43029.0;Pablo;Camilla;SEASHELLS;73625.0;3
2;43089.0;Pablo;Camilla;SEASHELLS;73606.0;2
2;43104.0;Caesar;Pablo;SEASHELLS;73525.0;8
2;43133.0;Caesar;Penelope;SEASHELLS;73567.0;2
2;43137.0;Caesar;Penelope;SEASHELLS;73570.0;2
2;43147.0;Penelope;Caesar;SEASHELLS;73572.0;2
2;43156.0;Pablo;Caesar;SEASHELLS;73553.0;2
2;43176.0;Pablo;Caesar;SEASHELLS;73592.0;2
2;43176.0;Pablo;Camilla;SEASHELLS;73592.0;5
2;43180.0;Pablo;Camilla;SEASHELLS;73597.0;5
2;43181.0;Penelope;Caesar;SEASHELLS;73617.0;2
2;43182.0;Camilla;Penelope;SEASHELLS;73583.0;9
2;43207.0;Caesar;Pablo;SEASHELLS;73612.0;3
2;43209.0;Caesar;Penelope;SEASHELLS;73610.0;1
2;43237.0;Penelope;Camilla;SEASHELLS;73695.0;8
2;43255.0;Camilla;Pablo;SEASHELLS;73673.0;7
2;43255.0;Caesar;Pablo;SEASHELLS;73674.0;1
2;43281.0;Caesar;Penelope;SEASHELLS;73676.0;1
2;43293.0;Caesar;Penelope;SEASHELLS;73676.0;2
2;43294.0;Caesar;Penelope;SEASHELLS;73689.0;1
2;43299.0;Caesar;Pablo;SEASHELLS;73688.0;1
2;43311.0;Camilla;Caesar;SEASHELLS;73689.0;1
2;43316.0;Camilla;Penelope;SEASHELLS;73693.0;8
2;43321.0;Camilla;Penelope;SEASHELLS;73736.0;7
2;43341.0;Pablo;Camilla;SEASHELLS;73680.0;3
2;43344.0;Camilla;Pablo;SEASHELLS;73681.0;8
2;43363.0;Camilla;Pablo;SEASHELLS;73718.0;2
2;43368.0;Penelope;Caesar;SEASHELLS;73725.0;1
2;43370.0;Caesar;Pablo;SEASHELLS;73697.0;2
2;43370.0;Camilla;Pablo;SEASHELLS;73696.0;6
2;43424.0;Camilla;Pablo;SEASHELLS;73748.0;2
2;43424.0;Caesar;Pablo;SEASHELLS;73749.0;1
2;43430.0;Camilla;Pablo;SEASHELLS;73729.0;3
2;43447.0;Caesar;Penelope;SEASHELLS;73716.0;2
2;43461.0;Caesar;Penelope;SEASHELLS;73723.0;1
2;43491.0;Caesar;Penelope;SEASHELLS;73753.0;1
2;43503.0;Caesar;Pablo;SEASHELLS;73751.0;1
2;43518.0;Caesar;Pablo;SEASHELLS;73711.0;2
2;43518.0;Camilla;Pablo;SEASHELLS;73711.0;1
2;43534.0;Pablo;Caesar;SEASHELLS;73792.0;2
2;43583.0;Penelope;Camilla;SEASHELLS;73811.0;8
2;43627.0;Camilla;Pablo;SEASHELLS;73762.0;3
2;43690.0;Caesar;Pablo;SEASHELLS;73846.0;2
2;43731.0;Pablo;Caesar;SEASHELLS;73960.0;2
2;43747.0;Penelope;Camilla;SEASHELLS;73949.0;6
2;43784.0;Camilla;Pablo;SEASHELLS;74000.0;1
2;43784.0;Caesar;Pablo;SEASHELLS;74001.0;2
2;43823.0;Caesar;Pablo;SEASHELLS;74026.0;1
2;43823.0;Camilla;Pablo;SEASHELLS;74025.0;7
2;43825.0;Caesar;Penelope;SEASHELLS;74029.0;2
2;43856.0;Penelope;Caesar;SEASHELLS;74061.0;2
2;43860.0;Caesar;Penelope;SEASHELLS;74058.0;1
2;43861.0;Penelope;Camilla;SEASHELLS;74069.0;9
2;43905.0;Camilla;Pablo;SEASHELLS;74055.0;2
2;43905.0;Caesar;Pablo;SEASHELLS;74056.0;2
2;43932.0;Penelope;Caesar;SEASHELLS;74091.0;1
2;43935.0;Caesar;Pablo;SEASHELLS;74074.0;1
2;43935.0;Camilla;Pablo;SEASHELLS;74073.0;3
2;43945.0;Pablo;Caesar;SEASHELLS;74058.0;1
2;43947.0;Penelope;Camilla;SEASHELLS;74053.0;8
2;43955.0;Caesar;Penelope;SEASHELLS;73983.0;2
2;43966.0;Caesar;Pablo;SEASHELLS;73966.0;1
2;43966.0;Camilla;Pablo;SEASHELLS;73965.0;2
2;43967.0;Penelope;Caesar;SEASHELLS;73997.0;1
2;44001.0;Camilla;Pablo;SEASHELLS;73959.0;4
2;44039.0;Caesar;Pablo;SEASHELLS;73971.0;2
2;44040.0;Caesar;Penelope;SEASHELLS;73963.0;2
2;44043.0;Penelope;Caesar;SEASHELLS;73948.0;2
2;44046.0;Camilla;Pablo;SEASHELLS;73956.0;7
2;44046.0;Caesar;Pablo;SEASHELLS;73957.0;1
2;44050.0;Pablo;Camilla;SEASHELLS;73950.0;3
2;44061.0;Camilla;Caesar;SEASHELLS;73964.0;1
2;44063.0;Camilla;Penelope;SEASHELLS;73947.0;7
2;44080.0;Pablo;Caesar;SEASHELLS;74005.0;1
2;44108.0;Penelope;Caesar;SEASHELLS;74091.0;1
2;44129.0;Pablo;Caesar;SEASHELLS;74083.0;1
2;44144.0;Pablo;Caesar;SEASHELLS;74051.0;2
2;44146.0;Penelope;Caesar;SEASHELLS;74043.0;2
2;44153.0;Penelope;Camilla;SEASHELLS;74027.0;6
2;44168.0;Camilla;Penelope;SEASHELLS;74031.0;10
2;44182.0;Camilla;Pablo;SEASHELLS;74032.0;5
2;44182.0;Caesar;Pablo;SEASHELLS;74033.0;2
2;44210.0;Camilla;Pablo;SEASHELLS;74030.0;4
2;44210.0;Caesar;Pablo;SEASHELLS;74031.0;2
2;44221.0;Caesar;Penelope;SEASHELLS;74030.0;2
2;44229.0;Camilla;Pablo;SEASHELLS;74015.0;4
2;44229.0;Caesar;Pablo;SEASHELLS;74016.0;1
2;44229.0;Caesar;Pablo;SEASHELLS;74021.0;3
2;44248.0;Pablo;Camilla;SEASHELLS;74110.0;4
2;44267.0;Caesar;Pablo;SEASHELLS;74083.0;1
2;44273.0;Caesar;Penelope;SEASHELLS;74090.0;1
2;44290.0;Penelope;Caesar;SEASHELLS;74093.0;5
2;44299.0;Pablo;Camilla;SEASHELLS;74098.0;4
2;44319.0;Caesar;Penelope;SEASHELLS;74034.0;2
2;44326.0;Penelope;Caesar;SEASHELLS;74018.0;1
2;44341.0;Penelope;Caesar;SEASHELLS;73991.0;1
2;44342.0;Camilla;Pablo;SEASHELLS;73998.0;6
2;44377.0;Pablo;Caesar;SEASHELLS;74084.0;2
2;44377.0;Pablo;Camilla;SEASHELLS;74084.0;1
2;44392.0;Camilla;Penelope;SEASHELLS;74077.0;8
2;44393.0;Caesar;Penelope;SEASHELLS;74078.0;1
2;44396.0;Camilla;Pablo;SEASHELLS;74044.0;7
2;44396.0;Caesar;Pablo;SEASHELLS;74045.0;1
2;44435.0;Camilla;Penelope;SEASHELLS;73971.0;6
2;44450.0;Camilla;Pablo;SEASHELLS;73953.0;7
2;44451.0;Penelope;Camilla;SEASHELLS;73958.0;6
2;44534.0;Penelope;Caesar;SEASHELLS;73962.0;1
2;44580.0;Caesar;Penelope;SEASHELLS;73945.0;1
2;44582.0;Pablo;Caesar;SEASHELLS;73978.0;2
2;44582.0;Pablo;Camilla;SEASHELLS;73978.0;3
2;44587.0;Penelope;Caesar;SEASHELLS;74000.0;1
2;44611.0;Penelope;Caesar;SEASHELLS;74014.0;1
2;44635.0;Caesar;Pablo;SEASHELLS;73917.0;1
2;44776.0;Pablo;Caesar;SEASHELLS;74000.0;1
2;44776.0;Pablo;Camilla;SEASHELLS;74000.0;6
2;44778.0;Penelope;Caesar;SEASHELLS;73962.0;1
2;44789.0;Camilla;Penelope;SEASHELLS;74004.0;10
2;44791.0;Penelope;Caesar;SEASHELLS;73996.0;2
2;44829.0;Caesar;Pablo;SEASHELLS;74058.0;2
2;44829.0;Camilla;Pablo;SEASHELLS;74057.0;3
2;44843.0;Penelope;Caesar;SEASHELLS;74065.0;2
2;44887.0;Caesar;Penelope;SEASHELLS;74106.0;1
2;44904.0;Pablo;Caesar;SEASHELLS;74148.0;1
2;44904.0;Pablo;Camilla;SEASHELLS;74148.0;7
2;44920.0;Pablo;Camilla;SEASHELLS;74165.0;5
2;44920.0;Pablo;Caesar;SEASHELLS;74165.0;1
2;44923.0;Caesar;Penelope;SEASHELLS;74147.0;2
2;44941.0;Camilla;Caesar;SEASHELLS;74106.0;1
2;45002.0;Camilla;Penelope;SEASHELLS;74199.0;9
2;45006.0;Penelope;Caesar;SEASHELLS;74233.0;2
2;45017.0;Camilla;Penelope;SEASHELLS;74208.0;7
2;45022.0;Pablo;Caesar;SEASHELLS;74261.0;2
2;45022.0;Pablo;Camilla;SEASHELLS;74261.0;6
2;45045.0;Pablo;Caesar;SEASHELLS;74125.0;1
2;45085.0;Camilla;Pablo;SEASHELLS;74006.0;4
2;45099.0;Pablo;Caesar;SEASHELLS;73981.0;1
2;45099.0;Pablo;Camilla;SEASHELLS;73981.0;5
2;45135.0;Caesar;Pablo;SEASHELLS;74051.0;2
2;45141.0;Caesar;Pablo;SEASHELLS;74038.0;1
2;45141.0;Camilla;Pablo;SEASHELLS;74038.0;6
2;45154.0;Penelope;Camilla;SEASHELLS;74050.0;10
2;45171.0;Penelope;Caesar;SEASHELLS;74056.0;2
2;45198.0;Caesar;Pablo;SEASHELLS;73991.0;2
2;45210.0;Caesar;Penelope;SEASHELLS;74003.0;1
2;45217.0;Penelope;Caesar;SEASHELLS;73999.0;1
2;45263.0;Camilla;Pablo;SEASHELLS;73994.0;2
2;45263.0;Caesar;Pablo;SEASHELLS;73995.0;1
2;45319.0;Pablo;Caesar;SEASHELLS;73994.0;1
2;45354.0;Caesar;Penelope;SEASHELLS;74020.0;1
2;45362.0;Camilla;Pablo;SEASHELLS;74022.0;6
2;45374.0;Pablo;Camilla;SEASHELLS;74040.0;1
2;45374.0;Pablo;Caesar;SEASHELLS;74040.0;1
2;45375.0;Camilla;Pablo;SEASHELLS;74012.0;2
2;45375.0;Caesar;Pablo;SEASHELLS;74013.0;1
2;45427.0;Caesar;Penelope;SEASHELLS;74123.0;1
2;45441.0;Pablo;Camilla;SEASHELLS;74129.0;6
2;45460.0;Caesar;Penelope;SEASHELLS;74100.0;2
2;45502.0;Camilla;Penelope;SEASHELLS;74090.0;8
2;45532.0;Caesar;Penelope;SEASHELLS;74006.0;2
2;45547.0;Penelope;Caesar;SEASHELLS;74008.0;1
2;45553.0;Caesar;Penelope;SEASHELLS;74036.0;2
2;45561.0;Pablo;Caesar;SEASHELLS;74092.0;2
2;45568.0;Camilla;Pablo;SEASHELLS;74091.0;8
2;45623.0;Caesar;Penelope;SEASHELLS;74282.0;2
2;45627.0;Caesar;Penelope;SEASHELLS;74273.0;3
2;45641.0;Pablo;Caesar;SEASHELLS;74281.0;1
2;45641.0;Pablo;Caesar;SEASHELLS;74275.0;1
2;45652.0;Camilla;Penelope;SEASHELLS;74289.0;10
2;45658.0;Camilla;Pablo;SEASHELLS;74303.0;6
2;45659.0;Pablo;Caesar;SEASHELLS;74329.0;2
2;45677.0;Caesar;Pablo;SEASHELLS;74304.0;2
2;45691.0;Penelope;Caesar;SEASHELLS;74343.0;2
2;45717.0;Penelope;Caesar;SEASHELLS;74377.0;2
2;45724.0;Camilla;Pablo;SEASHELLS;74390.0;3
2;45741.0;Caesar;Pablo;SEASHELLS;74360.0;1
2;45779.0;Penelope;Caesar;SEASHELLS;74426.0;2
2;45858.0;Camilla;Penelope;SEASHELLS;74373.0;7
2;45936.0;Caesar;Pablo;SEASHELLS;74293.0;1
2;45936.0;Caesar;Pablo;SEASHELLS;74288.0;1
2;45937.0;Caesar;Penelope;SEASHELLS;74296.0;1
2;45938.0;Penelope;Camilla;SEASHELLS;74323.0;7
2;46002.0;Pablo;Camilla;SEASHELLS;74286.0;2
2;46037.0;Camilla;Caesar;SEASHELLS;74332.0;1
2;46040.0;Camilla;Penelope;SEASHELLS;74299.0;10
2;46042.0;Caesar;Penelope;SEASHELLS;74279.0;2
2;46059.0;Caesar;Penelope;SEASHELLS;74264.0;1
2;46090.0;Penelope;Caesar;SEASHELLS;74305.0;1
2;46114.0;Camilla;Penelope;SEASHELLS;74213.0;6
2;46115.0;Caesar;Penelope;SEASHELLS;74216.0;2
2;46145.0;Pablo;Caesar;SEASHELLS;74187.0;1
2;46145.0;Pablo;Camilla;SEASHELLS;74187.0;6
2;46156.0;Penelope;Caesar;SEASHELLS;74224.0;1
2;46163.0;Pablo;Caesar;SEASHELLS;74201.0;2
2;46163.0;Pablo;Caesar;SEASHELLS;74195.0;5
2;46195.0;Caesar;Penelope;SEASHELLS;74196.0;1
2;46207.0;Pablo;Camilla;SEASHELLS;74214.0;5
2;46209.0;Pablo;Caesar;SEASHELLS;74221.0;2
2;46218.0;Penelope;Caesar;SEASHELLS;74169.0;2
2;46227.0;Caesar;Pablo;SEASHELLS;74177.0;2
2;46227.0;Camilla;Pablo;SEASHELLS;74176.0;5
2;46249.0;Pablo;Camilla;SEASHELLS;74133.0;6
2;46254.0;Camilla;Pablo;SEASHELLS;74109.0;6
2;46254.0;Caesar;Pablo;SEASHELLS;74110.0;2
2;46313.0;Camilla;Pablo;SEASHELLS;74134.0;2
2;46334.0;Caesar;Penelope;SEASHELLS;74081.0;2
2;46361.0;Penelope;Caesar;SEASHELLS;74101.0;5
2;46362.0;Caesar;Pablo;SEASHELLS;74106.0;1
2;46402.0;Caesar;Penelope;SEASHELLS;74031.0;2
2;46408.0;Camilla;Pablo;SEASHELLS;74021.0;3
2;46408.0;Caesar;Pablo;SEASHELLS;74022.0;2
2;46411.0;Caesar;Penelope;SEASHELLS;74034.0;2
2;46427.0;Penelope;Caesar;SEASHELLS;74022.0;2
2;46429.0;Pablo;Caesar;SEASHELLS;74067.0;2
2;46430.0;Caesar;Penelope;SEASHELLS;74077.0;5
2;46502.0;Penelope;Caesar;SEASHELLS;73937.0;6
2;46575.0;Penelope;Caesar;SEASHELLS;74135.0;1
2;46616.0;Penelope;Caesar;SEASHELLS;74067.0;1
2;46667.0;Caesar;Pablo;SEASHELLS;74188.0;2
2;46667.0;Caesar;Pablo;SEASHELLS;74183.0;2
2;46671.0;Penelope;Camilla;SEASHELLS;74191.0;9
2;46720.0;Camilla;Pablo;SEASHELLS;74228.0;3
2;46725.0;Caesar;Pablo;SEASHELLS;74202.0;2
2;46758.0;Penelope;Caesar;SEASHELLS;74207.0;1
2;46764.0;Caesar;Penelope;SEASHELLS;74162.0;1
2;46787.0;Penelope;Caesar;SEASHELLS;74133.0;2
2;46830.0;Penelope;Camilla;SEASHELLS;74197.0;7
2;46835.0;Penelope;Camilla;SEASHELLS;74199.0;6
2;46877.0;Caesar;Penelope;SEASHELLS;74274.0;5
2;46909.0;Caesar;Penelope;SEASHELLS;74317.0;1
2;46918.0;Pablo;Camilla;SEASHELLS;74325.0;4
2;46918.0;Pablo;Caesar;SEASHELLS;74325.0;1
2;46969.0;Caesar;Penelope;SEASHELLS;74203.0;2
2;47006.0;Pablo;Camilla;SEASHELLS;74280.0;6
2;47038.0;Caesar;Pablo;SEASHELLS;74311.0;1
2;47052.0;Pablo;Camilla;SEASHELLS;74271.0;5
2;47080.0;Camilla;Penelope;SEASHELLS;74214.0;7
2;47102.0;Camilla;Pablo;SEASHELLS;74206.0;4
2;47102.0;Caesar;Pablo;SEASHELLS;74207.0;2
2;47112.0;Caesar;Penelope;SEASHELLS;74134.0;2
2;47172.0;Camilla;Pablo;SEASHELLS;74198.0;3
2;47172.0;Caesar;Pablo;SEASHELLS;74199.0;1
2;47173.0;Penelope;Caesar;SEASHELLS;74205.0;2
2;47244.0;Camilla;Pablo;SEASHELLS;74355.0;3
2;47244.0;Caesar;Pablo;SEASHELLS;74356.0;1
2;47244.0;Caesar;Pablo;SEASHELLS;74361.0;2
2;47307.0;Penelope;Caesar;SEASHELLS;74356.0;2
2;47312.0;Penelope;Caesar;SEASHELLS;74368.0;1
2;47317.0;Penelope;Caesar;SEASHELLS;74334.0;1
2;47322.0;Penelope;Camilla;SEASHELLS;74313.0;8
2;47357.0;Caesar;Pablo;SEASHELLS;74387.0;3
2;47357.0;Camilla;Pablo;SEASHELLS;74381.0;5
2;47378.0;Pablo;Caesar;SEASHELLS;74393.0;1
2;47432.0;Caesar;Penelope;SEASHELLS;74237.0;5
2;47458.0;Pablo;Camilla;SEASHELLS;74241.0;5
2;47459.0;Caesar;Penelope;SEASHELLS;74238.0;1
2;47461.0;Penelope;Camilla;SEASHELLS;74245.0;10
2;47475.0;Penelope;Camilla;SEASHELLS;74201.0;8
2;47498.0;Camilla;Penelope;SEASHELLS;74236.0;8
2;47523.0;Penelope;Caesar;SEASHELLS;74279.0;1
2;47527.0;Penelope;Caesar;SEASHELLS;74305.0;2
2;47551.0;Caesar;Pablo;SEASHELLS;74235.0;2
2;47559.0;Caesar;Pablo;SEASHELLS;74232.0;1
2;47559.0;Camilla;Pablo;SEASHELLS;74231.0;5
2;47585.0;Pablo;Camilla;SEASHELLS;74234.0;6
2;47603.0;Caesar;Penelope;SEASHELLS;74253.0;2
2;47650.0;Caesar;Penelope;SEASHELLS;74248.0;3
2;47680.0;Penelope;Caesar;SEASHELLS;74373.0;2
2;47690.0;Pablo;Camilla;SEASHELLS;74376.0;4
2;47690.0;Pablo;Caesar;SEASHELLS;74376.0;1
2;47705.0;Penelope;Caesar;SEASHELLS;74359.0;2
2;47728.0;Camilla;Pablo;SEASHELLS;74378.0;6
2;47733.0;Penelope;Camilla;SEASHELLS;74419.0;5
2;47740.0;Camilla;Pablo;SEASHELLS;74351.0;5
2;47740.0;Caesar;Pablo;SEASHELLS;74352.0;1
2;47776.0;Penelope;Caesar;SEASHELLS;74376.0;2
2;47809.0;Caesar;Penelope;SEASHELLS;74408.0;2
2;47816.0;Camilla;Penelope;SEASHELLS;74414.0;5
2;47821.0;Camilla;Pablo;SEASHELLS;74411.0;2
2;47821.0;Caesar;Pablo;SEASHELLS;74412.0;2
2;47848.0;Caesar;Penelope;SEASHELLS;74418.0;1
2;47869.0;Penelope;Caesar;SEASHELLS;74464.0;2
2;47873.0;Camilla;Pablo;SEASHELLS;74458.0;2
2;47873.0;Caesar;Pablo;SEASHELLS;74459.0;1
2;47880.0;Penelope;Camilla;SEASHELLS;74458.0;5
2;47885.0;Pablo;Camilla;SEASHELLS;74454.0;7
2;47885.0;Pablo;Caesar;SEASHELLS;74454.0;1
2;47898.0;Pablo;Camilla;SEASHELLS;74500.0;4
2;47912.0;Caesar;Pablo;SEASHELLS;74475.0;1
2;47912.0;Camilla;Pablo;SEASHELLS;74474.0;5
2;47939.0;Camilla;Pablo;SEASHELLS;74594.0;7
2;47939.0;Caesar;Pablo;SEASHELLS;74595.0;1
2;47946.0;Pablo;Camilla;SEASHELLS;74580.0;7
2;47986.0;Caesar;Pablo;SEASHELLS;74477.0;2
2;47986.0;Camilla;Pablo;SEASHELLS;74476.0;5
2;47997.0;Camilla;Penelope;SEASHELLS;74505.0;9
2;48007.0;Caesar;Pablo;SEASHELLS;74523.0;2
2;48030.0;Camilla;Pablo;SEASHELLS;74563.0;7
2;48045.0;Camilla;Pablo;SEASHELLS;74550.0;3
2;48045.0;Caesar;Pablo;SEASHELLS;74551.0;2
2;48058.0;Penelope;Camilla;SEASHELLS;74598.0;8
2;48058.0;Pablo;Caesar;SEASHELLS;74597.0;1
2;48058.0;Pablo;Camilla;SEASHELLS;74597.0;5
2;48099.0;Pablo;Camilla;SEASHELLS;74474.0;7
2;48127.0;Caesar;Pablo;SEASHELLS;74346.0;2
2;48127.0;Camilla;Pablo;SEASHELLS;74345.0;6
2;48151.0;Caesar;Penelope;SEASHELLS;74329.0;2
2;48152.0;Penelope;Caesar;SEASHELLS;74360.0;1
2;48166.0;Camilla;Pablo;SEASHELLS;74348.0;7
2;48166.0;Caesar;Pablo;SEASHELLS;74349.0;1
2;48200.0;Penelope;Camilla;SEASHELLS;74445.0;8
2;48206.0;Caesar;Penelope;SEASHELLS;74430.0;2
2;48258.0;Camilla;Penelope;SEASHELLS;74382.0;6
2;48262.0;Caesar;Penelope;SEASHELLS;74375.0;2
2;48286.0;Caesar;Pablo;SEASHELLS;74342.0;1
2;48286.0;Camilla;Pablo;SEASHELLS;74341.0;6
2;48320.0;Camilla;Pablo;SEASHELLS;74277.0;6
2;48321.0;Caesar;Penelope;SEASHELLS;74260.0;2
2;48331.0;Pablo;Camilla;SEASHELLS;74235.0;2
2;48350.0;Caesar;Pablo;SEASHELLS;74195.0;1
2;48350.0;Camilla;Pablo;SEASHELLS;74189.0;7
2;48377.0;Caesar;Pablo;SEASHELLS;74119.0;1
2;48420.0;Caesar;Pablo;SEASHELLS;74172.0;2
2;48420.0;Camilla;Pablo;SEASHELLS;74171.0;3
2;48430.0;Pablo;Camilla;SEASHELLS;74144.0;3
2;48430.0;Pablo;Caesar;SEASHELLS;74144.0;2
2;48437.0;Pablo;Caesar;SEASHELLS;74171.0;1
2;48437.0;Pablo;Camilla;SEASHELLS;74171.0;2
2;48455.0;Camilla;Penelope;SEASHELLS;74229.0;9
2;48456.0;Caesar;Pablo;SEASHELLS;74229.0;1
2;48461.0;Penelope;Caesar;SEASHELLS;74231.0;2
2;48497.0;Penelope;Camilla;SEASHELLS;74213.0;7
2;48528.0;Penelope;Caesar;SEASHELLS;74152.0;1
2;48564.0;Caesar;Pablo;SEASHELLS;74201.0;2
2;48567.0;Caesar;Pablo;SEASHELLS;74191.0;1
2;48567.0;Camilla;Pablo;SEASHELLS;74190.0;4
2;48595.0;Caesar;Penelope;SEASHELLS;74110.0;1
2;48620.0;Caesar;Penelope;SEASHELLS;74112.0;1
2;48684.0;Penelope;Caesar;SEASHELLS;74197.0;1
2;48702.0;Camilla;Pablo;SEASHELLS;74182.0;3
2;48702.0;Caesar;Pablo;SEASHELLS;74188.0;2
2;48704.0;Caesar;Penelope;SEASHELLS;74193.0;2
2;48722.0;Camilla;Penelope;SEASHELLS;74187.0;6
2;48736.0;Pablo;Camilla;SEASHELLS;74221.0;3
2;48752.0;Camilla;Penelope;SEASHELLS;74260.0;8
2;48764.0;Penelope;Caesar;SEASHELLS;74272.0;1
2;48780.0;Caesar;Penelope;SEASHELLS;74223.0;2
2;48794.0;Pablo;Caesar;SEASHELLS;74194.0;2
2;48825.0;Penelope;Caesar;SEASHELLS;74296.0;2
2;48840.0;Penelope;Camilla;SEASHELLS;74332.0;8
2;48846.0;Penelope;Caesar;SEASHELLS;74346.0;2
2;48877.0;Caesar;Penelope;SEASHELLS;74451.0;1
2;48879.0;Caesar;Penelope;SEASHELLS;74452.0;1
2;48916.0;Penelope;Camilla;SEASHELLS;74354.0;8
2;48926.0;Penelope;Caesar;SEASHELLS;74335.0;1
2;48960.0;Pablo;Camilla;SEASHELLS;74292.0;2
2;48963.0;Pablo;Caesar;SEASHELLS;74280.0;1
2;49006.0;Penelope;Caesar;SEASHELLS;74241.0;2
2;49020.0;Camilla;Pablo;SEASHELLS;74194.0;8
2;49039.0;Penelope;Caesar;SEASHELLS;74212.0;1
2;49050.0;Camilla;Penelope;SEASHELLS;74194.0;8
2;49053.0;Caesar;Penelope;SEASHELLS;74196.0;2
2;49064.0;Penelope;Caesar;SEASHELLS;74222.0;1
2;49065.0;Pablo;Caesar;SEASHELLS;74205.0;1
2;49067.0;Pablo;Camilla;SEASHELLS;74220.0;5
2;49101.0;Caesar;Penelope;SEASHELLS;74230.0;5
2;49105.0;Caesar;Pablo;SEASHELLS;74248.0;6
2;49107.0;Camilla;Pablo;SEASHELLS;74210.0;7
2;49107.0;Caesar;Pablo;SEASHELLS;74211.0;1
2;49125.0;Pablo;Camilla;SEASHELLS;74197.0;4
2;49134.0;Pablo;Caesar;SEASHELLS;74191.0;2
2;49134.0;Pablo;Camilla;SEASHELLS;74191.0;3
2;49162.0;Caesar;Penelope;SEASHELLS;74162.0;1
2;49163.0;Penelope;Caesar;SEASHELLS;74171.0;1
2;49282.0;Caesar;Penelope;SEASHELLS;74144.0;2
2;49307.0;Caesar;Penelope;SEASHELLS;74130.0;1
2;49310.0;Penelope;Caesar;SEASHELLS;74139.0;1
2;49319.0;Pablo;Camilla;SEASHELLS;74085.0;3
2;49361.0;Penelope;Caesar;SEASHELLS;74029.0;1
2;49373.0;Caesar;Pablo;SEASHELLS;74020.0;2
2;49394.0;Caesar;Pablo;SEASHELLS;73979.0;2
2;49418.0;Penelope;Camilla;SEASHELLS;73879.0;5
2;49444.0;Caesar;Pablo;SEASHELLS;73899.0;2
2;49444.0;Camilla;Pablo;SEASHELLS;73898.0;4
2;49482.0;Camilla;Pablo;SEASHELLS;73817.0;3
2;49578.0;Caesar;Penelope;SEASHELLS;73782.0;7
2;49661.0;Penelope;Caesar;SEASHELLS;73847.0;2
2;49677.0;Caesar;Penelope;SEASHELLS;73819.0;2
2;49696.0;Caesar;Penelope;SEASHELLS;73813.0;1
2;49711.0;Penelope;Camilla;SEASHELLS;73871.0;7
2;49718.0;Pablo;Camilla;SEASHELLS;73781.0;3
2;49718.0;Pablo;Caesar;SEASHELLS;73781.0;2
2;49723.0;Caesar;Penelope;SEASHELLS;73834.0;2
2;49724.0;Penelope;Camilla;SEASHELLS;73848.0;10
2;49739.0;Pablo;Camilla;SEASHELLS;73861.0;1
2;49739.0;Pablo;Caesar;SEASHELLS;73861.0;1
2;49740.0;Caesar;Penelope;SEASHELLS;73854.0;3
2;49743.0;Camilla;Pablo;SEASHELLS;73878.0;6
2;49743.0;Caesar;Pablo;SEASHELLS;73879.0;1
2;49765.0;Pablo;Caesar;SEASHELLS;73951.0;1
2;49765.0;Pablo;Camilla;SEASHELLS;73951.0;7
2;49784.0;Caesar;Penelope;SEASHELLS;73967.0;2
2;49796.0;Caesar;Penelope;SEASHELLS;73945.0;2
2;49822.0;Penelope;Camilla;SEASHELLS;73971.0;8
2;49834.0;Caesar;Penelope;SEASHELLS;73920.0;1
2;49964.0;Camilla;Pablo;SEASHELLS;74047.0;5
2;49964.0;Caesar;Pablo;SEASHELLS;74048.0;1
2;49980.0;Penelope;Camilla;SEASHELLS;74030.0;5
2;49990.0;Caesar;Penelope;SEASHELLS;73999.0;5
3;50022.0;Camilla;Penelope;SEASHELLS;73991.0;9
3;50123.0;Penelope;Caesar;SEASHELLS;74065.0;1
3;50127.0;Pablo;Caesar;SEASHELLS;74093.0;1
3;50130.0;Penelope;Caesar;SEASHELLS;74100.0;2
3;50151.0;Pablo;Caesar;SEASHELLS;74140.0;1
3;50151.0;Pablo;Camilla;SEASHELLS;74140.0;4
3;50154.0;Pablo;Camilla;SEASHELLS;74152.0;4
3;50154.0;Pablo;Caesar;SEASHELLS;74152.0;2
3;50157.0;Pablo;Caesar;SEASHELLS;74156.0;1
3;50165.0;Caesar;Penelope;SEASHELLS;74156.0;1
3;50203.0;Pablo;Camilla;SEASHELLS;74144.0;7
3;50216.0;Pablo;Caesar;SEASHELLS;74204.0;1
3;50226.0;Penelope;Camilla;SEASHELLS;74180.0;6
3;50231.0;Penelope;Caesar;SEASHELLS;74171.0;1
3;50273.0;Pablo;Caesar;SEASHELLS;74209.0;2
3;50283.0;Pablo;Caesar;SEASHELLS;74232.0;2
3;50294.0;Camilla;Pablo;SEASHELLS;74127.0;4
3;50294.0;Caesar;Pablo;SEASHELLS;74128.0;1
3;50295.0;Pablo;Caesar;SEASHELLS;74130.0;2
3;50329.0;Pablo;Camilla;SEASHELLS;74121.0;4
3;50352.0;Penelope;Camilla;SEASHELLS;74138.0;6
3;50372.0;Caesar;Penelope;SEASHELLS;74082.0;2
3;50387.0;Caesar;Pablo;SEASHELLS;74075.0;1
3;50426.0;Camilla;Pablo;SEASHELLS;74109.0;6
3;50456.0;Caesar;Penelope;SEASHELLS;74073.0;2
3;50460.0;Camilla;Pablo;SEASHELLS;74076.0;6
3;50460.0;Caesar;Pablo;SEASHELLS;74077.0;2
3;50531.0;Pablo;Caesar;SEASHELLS;74028.0;2
3;50532.0;Caesar;Penelope;SEASHELLS;74006.0;1
3;50563.0;Penelope;Caesar;SEASHELLS;74019.0;1
3;50592.0;Pablo;Camilla;SEASHELLS;74020.0;7
3;50601.0;Penelope;Caesar;SEASHELLS;74068.0;1
3;50604.0;Penelope;Caesar;SEASHELLS;74045.0;2
3;50606.0;Caesar;Penelope;SEASHELLS;74025.0;1
3;50610.0;Pablo;Camilla;SEASHELLS;74032.0;4
3;50612.0;Caesar;Penelope;SEASHELLS;74011.0;1
3;50649.0;Caesar;Pablo;SEASHELLS;74059.0;2
3;50695.0;Penelope;Caesar;SEASHELLS;74090.0;1
3;50714.0;Penelope;Caesar;SEASHELLS;74086.0;1
3;50725.0;Camilla;Pablo;SEASHELLS;74096.0;5
3;50725.0;Caesar;Pablo;SEASHELLS;74097.0;1
3;50841.0;Camilla;Penelope;SEASHELLS;73965.0;10
3;50882.0;Penelope;Camilla;SEASHELLS;74031.0;5
3;50891.0;Pablo;Camilla;SEASHELLS;74083.0;6
3;50891.0;Pablo;Caesar;SEASHELLS;74083.0;1
3;50913.0;Camilla;Pablo;SEASHELLS;74151.0;2
3;50913.0;Caesar;Pablo;SEASHELLS;74152.0;2
3;50920.0;Caesar;Pablo;SEASHELLS;74126.0;1
3;50920.0;Camilla;Pablo;SEASHELLS;74125.0;5
3;50935.0;Penelope;Camilla;SEASHELLS;74126.0;5
3;50951.0;Penelope;Camilla;SEASHELLS;74109.0;9
3;50972.0;Penelope;Caesar;SEASHELLS;74112.0;5
3;51021.0;Camilla;Pablo;SEASHELLS;74099.0;4
3;51021.0;Caesar;Pablo;SEASHELLS;74100.0;1
3;51025.0;Penelope;Caesar;SEASHELLS;74140.0;2
3;51102.0;Caesar;Penelope;SEASHELLS;74025.0;1
3;51105.0;Penelope;Caesar;SEASHELLS;74007.0;1
3;51115.0;Caesar;Penelope;SEASHELLS;74009.0;2
3;51125.0;Caesar;Penelope;SEASHELLS;74027.0;1
3;51137.0;Penelope;Caesar;SEASHELLS;74024.0;2
3;51146.0;Pablo;Camilla;SEASHELLS;74041.0;1
3;51146.0;Pablo;Caesar;SEASHELLS;74041.0;2
3;51197.0;Caesar;Penelope;SEASHELLS;74057.0;1
3;51234.0;Pablo;Caesar;SEASHELLS;73952.0;1
3;51269.0;Caesar;Penelope;SEASHELLS;73920.0;1
3;51301.0;Camilla;Pablo;SEASHELLS;74030.0;7
3;51315.0;Pablo;Caesar;SEASHELLS;74018.0;1
3;51334.0;Camilla;Caesar;SEASHELLS;74100.0;1
3;51353.0;Caesar;Penelope;SEASHELLS;74052.0;1
3;51363.0;Caesar;Penelope;SEASHELLS;74018.0;1
3;51419.0;Camilla;Pablo;SEASHELLS;73902.0;5
3;51419.0;Caesar;Pablo;SEASHELLS;73903.0;1
3;51426.0;Caesar;Penelope;SEASHELLS;73892.0;1
3;51442.0;Caesar;Pablo;SEASHELLS;73879.0;2
3;51442.0;Camilla;Pablo;SEASHELLS;73878.0;2
3;51447.0;Penelope;Caesar;SEASHELLS;73896.0;2
3;51467.0;Camilla;Penelope;SEASHELLS;73928.0;6
3;51487.0;Pablo;Camilla;SEASHELLS;73937.0;5
3;51494.0;Camilla;Pablo;SEASHELLS;73976.0;6
3;51533.0;Penelope;Caesar;SEASHELLS;73982.0;1
3;51564.0;Caesar;Pablo;SEASHELLS;73967.0;2
3;51564.0;Camilla;Pablo;SEASHELLS;73966.0;6
3;51610.0;Caesar;Penelope;SEASHELLS;73976.0;1
3;51655.0;Pablo;Camilla;SEASHELLS;73998.0;2
3;51655.0;Pablo;Caesar;SEASHELLS;73998.0;1
3;51661.0;Penelope;Camilla;SEASHELLS;73950.0;6
3;51694.0;Camilla;Pablo;SEASHELLS;73983.0;6
3;51694.0;Caesar;Pablo;SEASHELLS;73984.0;2
3;51747.0;Caesar;Penelope;SEASHELLS;73944.0;1
3;51751.0;Pablo;Caesar;SEASHELLS;73924.0;1
3;51753.0;Penelope;Camilla;SEASHELLS;73925.0;6
3;51826.0;Caesar;Penelope;SEASHELLS;73937.0;1
3;51850.0;Caesar;Pablo;SEASHELLS;74014.0;2
3;51857.0;Pablo;Caesar;SEASHELLS;74015.0;2
3;51903.0;Pablo;Caesar;SEASHELLS;74062.0;1
3;51903.0;Pablo;Camilla;SEASHELLS;74062.0;6
3;51904.0;Caesar;Penelope;SEASHELLS;74049.0;1
3;51907.0;Penelope;Caesar;SEASHELLS;74035.0;2
3;51967.0;Penelope;Caesar;SEASHELLS;73984.0;1
3;52025.0;Caesar;Pablo;SEASHELLS;73971.0;2
3;52034.0;Camilla;Pablo;SEASHELLS;73988.0;2
3;52034.0;Caesar;Pablo;SEASHELLS;73989.0;1
3;52058.0;Penelope;Camilla;SEASHELLS;73913.0;5
3;52066.0;Caesar;Penelope;SEASHELLS;73858.0;2
3;52074.0;Caesar;Pablo;SEASHELLS;73857.0;2
3;52074.0;Camilla;Pablo;SEASHELLS;73856.0;3
3;52083.0;Caesar;Pablo;SEASHELLS;73832.0;2
3;52083.0;Camilla;Pablo;SEASHELLS;73831.0;3
3;52086.0;Caesar;Penelope;SEASHELLS;73824.0;1
3;52088.0;Camilla;Pablo;SEASHELLS;73831.0;6
3;52088.0;Caesar;Pablo;SEASHELLS;73832.0;2
3;52090.0;Penelope;Camilla;SEASHELLS;73862.0;9
3;52092.0;Caesar;Penelope;SEASHELLS;73856.0;2
3;52104.0;Pablo;Camilla;SEASHELLS;73878.0;4
3;52104.0;Pablo;Caesar;SEASHELLS;73878.0;1
3;52124.0;Pablo;Caesar;SEASHELLS;73803.0;2
3;52185.0;Caesar;Pablo;SEASHELLS;73729.0;1
3;52185.0;Camilla;Pablo;SEASHELLS;73728.0;5
3;52200.0;Camilla;Pablo;SEASHELLS;73756.0;7
3;52200.0;Caesar;Pablo;SEASHELLS;73757.0;1
3;52217.0;Pablo;Camilla;SEASHELLS;73752.0;4
3;52265.0;Pablo;Caesar;SEASHELLS;73804.0;1
3;52265.0;Pablo;Camilla;SEASHELLS;73804.0;1
3;52310.0;Penelope;Camilla;SEASHELLS;73809.0;6
3;52316.0;Caesar;Pablo;SEASHELLS;73724.0;1
3;52316.0;Camilla;Pablo;SEASHELLS;73723.0;1
3;52317.0;Pablo;Caesar;SEASHELLS;73736.0;1
3;52340.0;Caesar;Pablo;SEASHELLS;73886.0;2
3;52340.0;Camilla;Pablo;SEASHELLS;73886.0;6
3;52344.0;Penelope;Camilla;SEASHELLS;73891.0;8
3;52347.0;Caesar;Pablo;SEASHELLS;73863.0;1
3;52360.0;Pablo;Caesar;SEASHELLS;73884.0;2
3;52417.0;Pablo;Caesar;SEASHELLS;73962.0;2
3;52433.0;Penelope;Caesar;SEASHELLS;74032.0;1
3;52462.0;Camilla;Pablo;SEASHELLS;74037.0;7
3;52485.0;Pablo;Caesar;SEASHELLS;74045.0;4
3;52485.0;Pablo;Camilla;SEASHELLS;74050.0;1
3;52501.0;Camilla;Pablo;SEASHELLS;74049.0;4
3;52501.0;Caesar;Pablo;SEASHELLS;74050.0;1
3;52505.0;Penelope;Caesar;SEASHELLS;74082.0;2
3;52510.0;Pablo;Caesar;SEASHELLS;74101.0;2
3;52510.0;Pablo;Camilla;SEASHELLS;74101.0;6
3;52539.0;Penelope;Camilla;SEASHELLS;74050.0;10
3;52567.0;Penelope;Caesar;SEASHELLS;73952.0;2
3;52655.0;Caesar;Penelope;SEASHELLS;73817.0;1
3;52680.0;Caesar;Penelope;SEASHELLS;73798.0;1
3;52756.0;Camilla;Pablo;SEASHELLS;73788.0;5
3;52756.0;Caesar;Pablo;SEASHELLS;73788.0;2
3;52760.0;Penelope;Camilla;SEASHELLS;73821.0;6
3;52770.0;Penelope;Caesar;SEASHELLS;73766.0;1
3;52824.0;Camilla;Pablo;SEASHELLS;73781.0;3
3;52829.0;Penelope;Caesar;SEASHELLS;73766.0;6
3;52831.0;Pablo;Camilla;SEASHELLS;73772.0;1
3;52831.0;Pablo;Caesar;SEASHELLS;73772.0;2
3;52863.0;Pablo;Camilla;SEASHELLS;73698.0;4
3;52889.0;Caesar;Pablo;SEASHELLS;73684.0;1
3;52889.0;Camilla;Pablo;SEASHELLS;73683.0;5
3;52906.0;Caesar;Penelope;SEASHELLS;73699.0;2
3;52924.0;Pablo;Caesar;SEASHELLS;73675.0;1
3;52933.0;Caesar;Penelope;SEASHELLS;73660.0;1
3;52982.0;Caesar;Penelope;SEASHELLS;73612.0;1
3;53009.0;Caesar;Penelope;SEASHELLS;73660.0;2
3;53040.0;Penelope;Caesar;SEASHELLS;73787.0;2
3;53077.0;Caesar;Penelope;SEASHELLS;73880.0;1
3;53118.0;Pablo;Caesar;SEASHELLS;73919.0;1
3;53145.0;Penelope;Camilla;SEASHELLS;73870.0;8
3;53146.0;Caesar;Pablo;SEASHELLS;73853.0;2
3;53146.0;Camilla;Pablo;SEASHELLS;73852.0;2
3;53172.0;Camilla;Penelope;SEASHELLS;73896.0;5
3;53206.0;Caesar;Penelope;SEASHELLS;73950.0;2
3;53212.0;Penelope;Caesar;SEASHELLS;74041.0;2
3;53213.0;Penelope;Caesar;SEASHELLS;74050.0;2
3;53245.0;Camilla;Penelope;SEASHELLS;74086.0;7
3;53249.0;Caesar;Pablo;SEASHELLS;74119.0;1
3;53249.0;Camilla;Pablo;SEASHELLS;74118.0;5
3;53264.0;Caesar;Pablo;SEASHELLS;74139.0;2
3;53351.0;Caesar;Penelope;SEASHELLS;74114.0;1
3;53365.0;Pablo;Camilla;SEASHELLS;74119.0;5
3;53367.0;Penelope;Caesar;SEASHELLS;74129.0;2
3;53412.0;Camilla;Caesar;SEASHELLS;74162.0;1
3;53423.0;Pablo;Camilla;SEASHELLS;74204.0;5
3;53446.0;Caesar;Pablo;SEASHELLS;74248.0;2
3;53446.0;Camilla;Pablo;SEASHELLS;74247.0;6
3;53456.0;Caesar;Pablo;SEASHELLS;74253.0;3
3;53456.0;Caesar;Pablo;SEASHELLS;74247.0;1
3;53468.0;Camilla;Pablo;SEASHELLS;74288.0;1
3;53468.0;Caesar;Pablo;SEASHELLS;74289.0;2
3;53472.0;Pablo;Caesar;SEASHELLS;74298.0;1
3;53483.0;Caesar;Penelope;SEASHELLS;74348.0;2
3;53496.0;Caesar;Pablo;SEASHELLS;74415.0;1
3;53496.0;Camilla;Pablo;SEASHELLS;74414.0;1
3;53503.0;Pablo;Caesar;SEASHELLS;74430.0;1
3;53573.0;Caesar;Pablo;SEASHELLS;74455.0;2
3;53588.0;Caesar;Penelope;SEASHELLS;74454.0;2
3;53622.0;Camilla;Pablo;SEASHELLS;74421.0;4
3;53635.0;Camilla;Pablo;SEASHELLS;74441.0;1
3;53635.0;Caesar;Pablo;SEASHELLS;74442.0;1
3;53728.0;Caesar;Pablo;SEASHELLS;74350.0;2
3;53728.0;Camilla;Pablo;SEASHELLS;74349.0;5
3;53728.0;Caesar;Pablo;SEASHELLS;74355.0;1
3;53769.0;Penelope;Caesar;SEASHELLS;74342.0;2
3;53778.0;Pablo;Camilla;SEASHELLS;74402.0;5
3;53778.0;Pablo;Caesar;SEASHELLS;74402.0;1
3;53811.0;Penelope;Camilla;SEASHELLS;74537.0;10
3;53821.0;Pablo;Camilla;SEASHELLS;74481.0;7
3;53837.0;Pablo;Caesar;SEASHELLS;74545.0;1
3;53879.0;Pablo;Camilla;SEASHELLS;74364.0;6
3;53889.0;Caesar;Pablo;SEASHELLS;74371.0;1
3;53889.0;Camilla;Pablo;SEASHELLS;74371.0;5
3;53947.0;Penelope;Caesar;SEASHELLS;74274.0;1
3;53950.0;Camilla;Pablo;SEASHELLS;74285.0;3
3;53950.0;Caesar;Pablo;SEASHELLS;74286.0;2
3;53961.0;Camilla;Pablo;SEASHELLS;74348.0;4
3;53961.0;Caesar;Pablo;SEASHELLS;74349.0;1
3;54027.0;Caesar;Pablo;SEASHELLS;74285.0;2
3;54027.0;Camilla;Penelope;SEASHELLS;74284.0;9
3;54027.0;Camilla;Pablo;SEASHELLS;74284.0;3
3;54030.0;Camilla;Pablo;SEASHELLS;74297.0;3
3;54036.0;Caesar;Penelope;SEASHELLS;74245.0;5
3;54038.0;Caesar;Pablo;SEASHELLS;74245.0;2
3;54038.0;Camilla;Pablo;SEASHELLS;74245.0;4
3;54072.0;Camilla;Penelope;SEASHELLS;74268.0;6
3;54074.0;Penelope;Camilla;SEASHELLS;74278.0;7
3;54076.0;Pablo;Caesar;SEASHELLS;74300.0;1
3;54099.0;Penelope;Caesar;SEASHELLS;74246.0;2
3;54110.0;Pablo;Caesar;SEASHELLS;74298.0;2
3;54266.0;Caesar;Penelope;SEASHELLS;74144.0;1
3;54267.0;Caesar;Pablo;SEASHELLS;74158.0;2
3;54267.0;Camilla;Pablo;SEASHELLS;74157.0;2
3;54303.0;Caesar;Penelope;SEASHELLS;74072.0;2
3;54305.0;Camilla;Pablo;SEASHELLS;74072.0;3
3;54305.0;Caesar;Pablo;SEASHELLS;74072.0;1
3;54314.0;Caesar;Penelope;SEASHELLS;74041.0;2
3;54322.0;Camilla;Penelope;SEASHELLS;74089.0;5
3;54337.0;Penelope;Camilla;SEASHELLS;74079.0;8
3;54337.0;Pablo;Camilla;SEASHELLS;74078.0;3
3;54337.0;Pablo;Caesar;SEASHELLS;74078.0;2
3;54349.0;Pablo;Caesar;SEASHELLS;74045.0;2
3;54397.0;Camilla;Penelope;SEASHELLS;74004.0;9
3;54401.0;Caesar;Penelope;SEASHELLS;73976.0;1
3;54414.0;Caesar;Penelope;SEASHELLS;74002.0;2
3;54428.0;Camilla;Penelope;SEASHELLS;74095.0;10
3;54474.0;Penelope;Caesar;SEASHELLS;74032.0;1
3;54490.0;Penelope;Caesar;SEASHELLS;73963.0;2
3;54492.0;Camilla;Caesar;SEASHELLS;73949.0;1
3;54509.0;Penelope;Caesar;SEASHELLS;73975.0;1
3;54553.0;Caesar;Penelope;SEASHELLS;73997.0;8
3;54580.0;Caesar;Pablo;SEASHELLS;74032.0;2
3;54612.0;Penelope;Camilla;SEASHELLS;74048.0;9
3;54671.0;Pablo;Caesar;SEASHELLS;74000.0;1
3;54689.0;Camilla;Pablo;SEASHELLS;74009.0;7
3;54692.0;Camilla;Pablo;SEASHELLS;74016.0;3
3;54692.0;Caesar;Pablo;SEASHELLS;74017.0;1
3;54692.0;Camilla;Penelope;SEASHELLS;74016.0;6
3;54708.0;Caesar;Penelope;SEASHELLS;74068.0;1
3;54730.0;Camilla;Pablo;SEASHELLS;73996.0;5
3;54730.0;Caesar;Pablo;SEASHELLS;73997.0;1
3;54732.0;Penelope;Caesar;SEASHELLS;74024.0;1
3;54738.0;Camilla;Pablo;SEASHELLS;74075.0;7
3;54744.0;Camilla;Penelope;SEASHELLS;74150.0;10
3;54756.0;Pablo;Camilla;SEASHELLS;74197.0;4
3;54756.0;Pablo;Caesar;SEASHELLS;74197.0;2
3;54757.0;Caesar;Penelope;SEASHELLS;74190.0;2
3;54759.0;Penelope;Caesar;SEASHELLS;74166.0;1
3;54814.0;Pablo;Caesar;SEASHELLS;74278.0;1
3;54820.0;Camilla;Penelope;SEASHELLS;74228.0;9
3;54840.0;Caesar;Penelope;SEASHELLS;74164.0;1
3;54872.0;Camilla;Penelope;SEASHELLS;74144.0;9
3;54879.0;Caesar;Penelope;SEASHELLS;74123.0;2
3;54914.0;Penelope;Caesar;SEASHELLS;74252.0;1
3;54923.0;Penelope;Caesar;SEASHELLS;74228.0;1
3;54995.0;Caesar;Penelope;SEASHELLS;74211.0;1
3;55013.0;Pablo;Caesar;SEASHELLS;74261.0;2
3;55013.0;Pablo;Camilla;SEASHELLS;74261.0;6
3;55024.0;Camilla;Pablo;SEASHELLS;74203.0;2
3;55056.0;Pablo;Caesar;SEASHELLS;74301.0;2
3;55077.0;Pablo;Caesar;SEASHELLS;74374.0;2
3;55079.0;Camilla;Penelope;SEASHELLS;74363.0;9
3;55094.0;Penelope;Camilla;SEASHELLS;74383.0;5
3;55096.0;Caesar;Pablo;SEASHELLS;74374.0;1
3;55096.0;Camilla;Pablo;SEASHELLS;74373.0;4
3;55102.0;Camilla;Caesar;SEASHELLS;74392.0;1
3;55121.0;Camilla;Pablo;SEASHELLS;74456.0;5
3;55148.0;Caesar;Pablo;SEASHELLS;74439.0;1
3;55148.0;Camilla;Pablo;SEASHELLS;74438.0;2
3;55206.0;Caesar;Pablo;SEASHELLS;74352.0;3
3;55206.0;Caesar;Pablo;SEASHELLS;74346.0;2
3;55223.0;Camilla;Pablo;SEASHELLS;74280.0;7
3;55280.0;Penelope;Camilla;SEASHELLS;74254.0;9
3;55313.0;Caesar;Penelope;SEASHELLS;74270.0;2
3;55336.0;Caesar;Pablo;SEASHELLS;74237.0;2
3;55339.0;Pablo;Camilla;SEASHELLS;74244.0;4
3;55339.0;Pablo;Caesar;SEASHELLS;74244.0;1
3;55380.0;Pablo;Caesar;SEASHELLS;74245.0;1
3;55391.0;Camilla;Penelope;SEASHELLS;74254.0;10
3;55451.0;Pablo;Caesar;SEASHELLS;74348.0;1
3;55469.0;Pablo;Camilla;SEASHELLS;74429.0;3
3;55469.0;Pablo;Caesar;SEASHELLS;74429.0;2
3;55476.0;Caesar;Penelope;SEASHELLS;74446.0;2
3;55505.0;Pablo;Caesar;SEASHELLS;74425.0;1
3;55505.0;Pablo;Camilla;SEASHELLS;74425.0;5
3;55512.0;Camilla;Penelope;SEASHELLS;74422.0;7
3;55579.0;Penelope;Camilla;SEASHELLS;74486.0;6
3;55601.0;Caesar;Penelope;SEASHELLS;74404.0;1
3;55621.0;Penelope;Caesar;SEASHELLS;74431.0;1
3;55625.0;Caesar;Penelope;SEASHELLS;74416.0;2
3;55627.0;Caesar;Penelope;SEASHELLS;74395.0;1
3;55635.0;Penelope;Caesar;SEASHELLS;74373.0;2
3;55651.0;Penelope;Caesar;SEASHELLS;74413.0;1
3;55677.0;Penelope;Camilla;SEASHELLS;74396.0;10
3;55697.0;Penelope;Caesar;SEASHELLS;74503.0;2
3;55704.0;Camilla;Pablo;SEASHELLS;74473.0;6
3;55704.0;Caesar;Pablo;SEASHELLS;74474.0;2
3;55704.0;Camilla;Penelope;SEASHELLS;74473.0;6
3;55719.0;Caesar;Penelope;SEASHELLS;74504.0;1
3;55757.0;Camilla;Pablo;SEASHELLS;74490.0;6
3;55757.0;Caesar;Pablo;SEASHELLS;74491.0;1
3;55812.0;Penelope;Caesar;SEASHELLS;74513.0;1
3;55821.0;Camilla;Caesar;SEASHELLS;74504.0;1
3;55832.0;Pablo;Camilla;SEASHELLS;74549.0;4
3;55854.0;Camilla;Pablo;SEASHELLS;74504.0;5
3;55862.0;Pablo;Caesar;SEASHELLS;74546.0;1
3;55870.0;Camilla;Pablo;SEASHELLS;74475.0;6
3;55870.0;Caesar;Pablo;SEASHELLS;74476.0;1
3;55877.0;Penelope;Caesar;SEASHELLS;74478.0;1
3;55907.0;Pablo;Camilla;SEASHELLS;74561.0;2
3;55908.0;Caesar;Penelope;SEASHELLS;74554.0;3
3;55911.0;Camilla;Penelope;SEASHELLS;74577.0;8
3;55934.0;Camilla;Pablo;SEASHELLS;74549.0;6
3;55934.0;Caesar;Pablo;SEASHELLS;74549.0;1
3;55974.0;Pablo;Camilla;SEASHELLS;74647.0;1
3;55974.0;Pablo;Caesar;SEASHELLS;74647.0;1
3;55977.0;Caesar;Pablo;SEASHELLS;74655.0;2
3;55993.0;Penelope;Caesar;SEASHELLS;74650.0;2
3;56015.0;Camilla;Pablo;SEASHELLS;74595.0;2
3;56018.0;Pablo;Camilla;SEASHELLS;74633.0;4
3;56025.0;Penelope;Caesar;SEASHELLS;74682.0;2
3;56031.0;Penelope;Caesar;SEASHELLS;74656.0;1
3;56058.0;Caesar;Penelope;SEASHELLS;74722.0;1
3;56061.0;Caesar;Penelope;SEASHELLS;74715.0;1
3;56093.0;Pablo;Caesar;SEASHELLS;74766.0;1
3;56127.0;Caesar;Pablo;SEASHELLS;74719.0;2
3;56131.0;Pablo;Caesar;SEASHELLS;74683.0;2
3;56134.0;Penelope;Caesar;SEASHELLS;74691.0;2
3;56140.0;Pablo;Camilla;SEASHELLS;74672.0;5
3;56155.0;Caesar;Pablo;SEASHELLS;74653.0;2
3;56155.0;Camilla;Pablo;SEASHELLS;74652.0;2
3;56171.0;Camilla;Pablo;SEASHELLS;74588.0;3
3;56171.0;Caesar;Pablo;SEASHELLS;74589.0;1
3;56193.0;Penelope;Caesar;SEASHELLS;74658.0;2
3;56210.0;Caesar;Penelope;SEASHELLS;74629.0;1
3;56233.0;Caesar;Penelope;SEASHELLS;74575.0;2
3;56256.0;Pablo;Camilla;SEASHELLS;74547.0;1
3;56256.0;Pablo;Caesar;SEASHELLS;74547.0;2
3;56258.0;Penelope;Caesar;SEASHELLS;74560.0;1
3;56275.0;Caesar;Penelope;SEASHELLS;74544.0;1
3;56285.0;Caesar;Pablo;SEASHELLS;74521.0;2
3;56315.0;Pablo;Caesar;SEASHELLS;74443.0;1
3;56344.0;Penelope;Camilla;SEASHELLS;74363.0;10
3;56357.0;Penelope;Camilla;SEASHELLS;74382.0;5
3;56393.0;Camilla;Pablo;SEASHELLS;74243.0;5
3;56393.0;Caesar;Pablo;SEASHELLS;74244.0;2
3;56406.0;Pablo;Caesar;SEASHELLS;74252.0;2
3;56447.0;Caesar;Pablo;SEASHELLS;74204.0;1
3;56470.0;Caesar;Penelope;SEASHELLS;74185.0;2
3;56481.0;Pablo;Caesar;SEASHELLS;74195.0;1
3;56488.0;Penelope;Caesar;SEASHELLS;74178.0;1
3;56489.0;Penelope;Caesar;SEASHELLS;74174.0;2
3;56504.0;Camilla;Pablo;SEASHELLS;74220.0;3
3;56504.0;Caesar;Pablo;SEASHELLS;74220.0;1
3;56509.0;Caesar;Penelope;SEASHELLS;74198.0;2
3;56514.0;Penelope;Camilla;SEASHELLS;74197.0;8
3;56530.0;Pablo;Camilla;SEASHELLS;74175.0;6
3;56542.0;Camilla;Pablo;SEASHELLS;74184.0;6
3;56543.0;Pablo;Camilla;SEASHELLS;74205.0;6
3;56585.0;Penelope;Caesar;SEASHELLS;74185.0;1
3;56624.0;Pablo;Caesar;SEASHELLS;74148.0;2
3;56653.0;Penelope;Camilla;SEASHELLS;74121.0;9
3;56679.0;Penelope;Caesar;SEASHELLS;74089.0;2
3;56696.0;Pablo;Caesar;SEASHELLS;74161.0;1
3;56696.0;Pablo;Camilla;SEASHELLS;74161.0;6
3;56703.0;Caesar;Penelope;SEASHELLS;74183.0;1
3;56718.0;Camilla;Pablo;SEASHELLS;74115.0;3
3;56718.0;Caesar;Pablo;SEASHELLS;74116.0;2
3;56767.0;Pablo;Camilla;SEASHELLS;74108.0;3
3;56814.0;Camilla;Pablo;SEASHELLS;74102.0;6
3;56814.0;Caesar;Pablo;SEASHELLS;74103.0;2
3;56867.0;Caesar;Penelope;SEASHELLS;74122.0;1
3;56912.0;Penelope;Caesar;SEASHELLS;74258.0;1
3;56930.0;Caesar;Penelope;SEASHELLS;74158.0;2
3;56939.0;Penelope;Camilla;SEASHELLS;74196.0;6
3;56952.0;Camilla;Penelope;SEASHELLS;74181.0;6
3;57035.0;Camilla;Penelope;SEASHELLS;74082.0;8
3;57040.0;Caesar;Pablo;SEASHELLS;74109.0;1
3;57040.0;Camilla;Pablo;SEASHELLS;74108.0;7
3;57094.0;Pablo;Caesar;SEASHELLS;74033.0;1
3;57105.0;Penelope;Camilla;SEASHELLS;73986.0;7
3;57107.0;Penelope;Caesar;SEASHELLS;73969.0;1
3;57118.0;Caesar;Pablo;SEASHELLS;74025.0;2
3;57118.0;Camilla;Pablo;SEASHELLS;74024.0;3
3;57182.0;Camilla;Pablo;SEASHELLS;74076.0;3
3;57193.0;Penelope;Camilla;SEASHELLS;74085.0;6
3;57199.0;Camilla;Pablo;SEASHELLS;74067.0;3
3;57220.0;Caesar;Pablo;SEASHELLS;74067.0;2
3;57228.0;Caesar;Penelope;SEASHELLS;74130.0;2
3;57247.0;Penelope;Caesar;SEASHELLS;74242.0;2
3;57260.0;Penelope;Caesar;SEASHELLS;74228.0;2
3;57277.0;Pablo;Caesar;SEASHELLS;74189.0;2
3;57277.0;Pablo;Camilla;SEASHELLS;74189.0;2
3;57334.0;Penelope;Caesar;SEASHELLS;74153.0;1
3;57347.0;Penelope;Caesar;SEASHELLS;74143.0;1
3;57369.0;Penelope;Caesar;SEASHELLS;74169.0;2
3;57383.0;Camilla;Pablo;SEASHELLS;74116.0;4
3;57386.0;Caesar;Penelope;SEASHELLS;74128.0;6
3;57426.0;Camilla;Pablo;SEASHELLS;74131.0;3
3;57426.0;Caesar;Pablo;SEASHELLS;74132.0;1
3;57451.0;Caesar;Pablo;SEASHELLS;74126.0;2
3;57471.0;Pablo;Caesar;SEASHELLS;74173.0;2
3;57487.0;Caesar;Pablo;SEASHELLS;74206.0;2
3;57492.0;Caesar;Pablo;SEASHELLS;74204.0;1
3;57492.0;Camilla;Pablo;SEASHELLS;74203.0;4
3;57567.0;Pablo;Caesar;SEASHELLS;74090.0;1
3;57567.0;Pablo;Camilla;SEASHELLS;74090.0;7
3;57587.0;Penelope;Camilla;SEASHELLS;74013.0;6
3;57590.0;Caesar;Penelope;SEASHELLS;73950.0;2
3;57594.0;Caesar;Penelope;SEASHELLS;73965.0;2
3;57631.0;Penelope;Caesar;SEASHELLS;74041.0;1
3;57648.0;Penelope;Caesar;SEASHELLS;74089.0;1
3;57679.0;Caesar;Pablo;SEASHELLS;74089.0;2
3;57679.0;Caesar;Pablo;SEASHELLS;74084.0;2
3;57771.0;Camilla;Pablo;SEASHELLS;73964.0;2
3;57775.0;Penelope;Caesar;SEASHELLS;73949.0;2
3;57784.0;Pablo;Caesar;SEASHELLS;73954.0;3
3;57800.0;Caesar;Penelope;SEASHELLS;74014.0;2
3;57803.0;Penelope;Caesar;SEASHELLS;74011.0;1
3;57827.0;Caesar;Penelope;SEASHELLS;73947.0;2
3;57840.0;Caesar;Pablo;SEASHELLS;74000.0;1
3;57840.0;Camilla;Pablo;SEASHELLS;73999.0;6
3;57842.0;Pablo;Caesar;SEASHELLS;74008.0;1
3;57888.0;Caesar;Penelope;SEASHELLS;73892.0;1
3;57898.0;Pablo;Caesar;SEASHELLS;73874.0;1
3;57937.0;Camilla;Penelope;SEASHELLS;73918.0;9
3;57941.0;Camilla;Penelope;SEASHELLS;73886.0;8
3;57943.0;Caesar;Pablo;SEASHELLS;73890.0;2
3;57956.0;Caesar;Pablo;SEASHELLS;73922.0;1
3;57956.0;Camilla;Pablo;SEASHELLS;73922.0;3
3;57960.0;Camilla;Pablo;SEASHELLS;73908.0;3
3;57960.0;Caesar;Pablo;SEASHELLS;73909.0;1
3;58001.0;Caesar;Pablo;SEASHELLS;73810.0;2
3;58001.0;Camilla;Pablo;SEASHELLS;73809.0;1
3;58017.0;Camilla;Pablo;SEASHELLS;73819.0;4
3;58047.0;Pablo;Camilla;SEASHELLS;73806.0;3
3;58052.0;Camilla;Penelope;SEASHELLS;73800.0;5
3;58072.0;Penelope;Caesar;SEASHELLS;73736.0;1
3;58167.0;Caesar;Penelope;SEASHELLS;74033.0;2
3;58180.0;Caesar;Penelope;SEASHELLS;74040.0;5
3;58190.0;Penelope;Camilla;SEASHELLS;74074.0;10
3;58193.0;Penelope;Caesar;SEASHELLS;74076.0;1
3;58194.0;Camilla;Penelope;SEASHELLS;74073.0;9
3;58209.0;Penelope;Caesar;SEASHELLS;74119.0;2
3;58221.0;Camilla;Pablo;SEASHELLS;74156.0;5
3;58225.0;Penelope;Camilla;SEASHELLS;74118.0;10
3;58261.0;Penelope;Caesar;SEASHELLS;74023.0;2
3;58266.0;Caesar;Pablo;SEASHELLS;74049.0;1
3;58326.0;Pablo;Caesar;SEASHELLS;74007.0;1
3;58333.0;Camilla;Penelope;SEASHELLS;74004.0;10
3;58355.0;Camilla;Pablo;SEASHELLS;73987.0;3
3;58355.0;Caesar;Pablo;SEASHELLS;73988.0;2
3;58359.0;Camilla;Penelope;SEASHELLS;74004.0;5
3;58361.0;Penelope;Caesar;SEASHELLS;74035.0;2
3;58386.0;Camilla;Penelope;SEASHELLS;73975.0;6
3;58396.0;Camilla;Penelope;SEASHELLS;73965.0;7
3;58401.0;Caesar;Pablo;SEASHELLS;73938.0;2
3;58401.0;Camilla;Pablo;SEASHELLS;73937.0;4
3;58403.0;Pablo;Camilla;SEASHELLS;73960.0;4
3;58407.0;Caesar;Pablo;SEASHELLS;73942.0;1
3;58413.0;Pablo;Caesar;SEASHELLS;73909.0;1
3;58443.0;Caesar;Penelope;SEASHELLS;73816.0;2
3;58448.0;Camilla;Pablo;SEASHELLS;73823.0;4
3;58448.0;Caesar;Pablo;SEASHELLS;73824.0;1
3;58459.0;Caesar;Pablo;SEASHELLS;73885.0;2
3;58475.0;Caesar;Penelope;SEASHELLS;73878.0;1
3;58503.0;Caesar;Penelope;SEASHELLS;73860.0;1
3;58519.0;Pablo;Camilla;SEASHELLS;73870.0;3
3;58559.0;Penelope;Caesar;SEASHELLS;73963.0;2
3;58565.0;Caesar;Penelope;SEASHELLS;73938.0;3
3;58600.0;Caesar;Penelope;SEASHELLS;73845.0;2
3;58603.0;Penelope;Camilla;SEASHELLS;73823.0;7
3;58620.0;Penelope;Camilla;SEASHELLS;73845.0;6
3;58623.0;Caesar;Penelope;SEASHELLS;73824.0;2
3;58647.0;Camilla;Pablo;SEASHELLS;73830.0;1
3;58647.0;Caesar;Pablo;SEASHELLS;73831.0;2
3;58657.0;Penelope;Caesar;SEASHELLS;73826.0;1
3;58686.0;Camilla;Pablo;SEASHELLS;73722.0;4
3;58686.0;Caesar;Pablo;SEASHELLS;73723.0;2
3;58693.0;Pablo;Camilla;SEASHELLS;73719.0;4
3;58747.0;Penelope;Caesar;SEASHELLS;73632.0;2
3;58755.0;Pablo;Camilla;SEASHELLS;73592.0;2
3;58755.0;Pablo;Caesar;SEASHELLS;73592.0;1
3;58762.0;Penelope;Caesar;SEASHELLS;73631.0;2
3;58795.0;Penelope;Camilla;SEASHELLS;73672.0;9
3;58840.0;Caesar;Pablo;SEASHELLS;73638.0;1
3;58861.0;Penelope;Caesar;SEASHELLS;73682.0;1
3;58890.0;Pablo;Camilla;SEASHELLS;73613.0;5
3;58915.0;Penelope;Caesar;SEASHELLS;73682.0;2
3;58918.0;Penelope;Caesar;SEASHELLS;73667.0;7
3;58921.0;Penelope;Camilla;SEASHELLS;73680.0;6
3;58938.0;Pablo;Caesar;SEASHELLS;73566.0;1
3;58942.0;Pablo;Caesar;SEASHELLS;73569.0;2
3;58942.0;Pablo;Camilla;SEASHELLS;73569.0;5
3;58969.0;Camilla;Pablo;SEASHELLS;73544.0;2
3;58989.0;Caesar;Penelope;SEASHELLS;73556.0;2
3;58997.0;Penelope;Caesar;SEASHELLS;73615.0;2
3;59034.0;Caesar;Pablo;SEASHELLS;73476.0;1
3;59042.0;Pablo;Caesar;SEASHELLS;73532.0;4
3;59052.0;Camilla;Pablo;SEASHELLS;73485.0;7
3;59058.0;Caesar;Pablo;SEASHELLS;73502.0;2
3;59058.0;Camilla;Pablo;SEASHELLS;73501.0;5
3;59076.0;Pablo;Camilla;SEASHELLS;73549.0;5
3;59076.0;Pablo;Caesar;SEASHELLS;73549.0;2
3;59099.0;Penelope;Caesar;SEASHELLS;73601.0;1
3;59143.0;Penelope;Camilla;SEASHELLS;73610.0;6
3;59155.0;Caesar;Pablo;SEASHELLS;73631.0;2
3;59155.0;Camilla;Pablo;SEASHELLS;73630.0;4
3;59159.0;Penelope;Caesar;SEASHELLS;73622.0;4
3;59215.0;Penelope;Caesar;SEASHELLS;73705.0;2
3;59240.0;Pablo;Camilla;SEASHELLS;73731.0;4
3;59240.0;Pablo;Caesar;SEASHELLS;73731.0;1
3;59244.0;Caesar;Pablo;SEASHELLS;73729.0;2
3;59244.0;Camilla;Pablo;SEASHELLS;73728.0;4
3;59262.0;Caesar;Penelope;SEASHELLS;73784.0;1
3;59280.0;Caesar;Penelope;SEASHELLS;73750.0;2
3;59293.0;Caesar;Pablo;SEASHELLS;73829.0;1
3;59324.0;Caesar;Pablo;SEASHELLS;73749.0;2
3;59324.0;Camilla;Pablo;SEASHELLS;73748.0;4
3;59327.0;Penelope;Caesar;SEASHELLS;73773.0;2
3;59341.0;Caesar;Pablo;SEASHELLS;73718.0;1
3;59341.0;Camilla;Pablo;SEASHELLS;73718.0;1
3;59357.0;Caesar;Penelope;SEASHELLS;73738.0;1
3;59368.0;Caesar;Penelope;SEASHELLS;73773.0;1
3;59410.0;Caesar;Penelope;SEASHELLS;73829.0;1
3;59427.0;Camilla;Pablo;SEASHELLS;73745.0;6
3;59427.0;Caesar;Pablo;SEASHELLS;73746.0;2
3;59445.0;Penelope;Camilla;SEASHELLS;73816.0;10
3;59446.0;Caesar;Penelope;SEASHELLS;73809.0;1
3;59462.0;Camilla;Penelope;SEASHELLS;73764.0;7
3;59463.0;Caesar;Penelope;SEASHELLS;73764.0;2
3;59469.0;Pablo;Caesar;SEASHELLS;73752.0;1
3;59469.0;Pablo;Camilla;SEASHELLS;73752.0;5
3;59480.0;Caesar;Pablo;SEASHELLS;73730.0;1
3;59480.0;Camilla;Pablo;SEASHELLS;73729.0;3
3;59504.0;Penelope;Camilla;SEASHELLS;73734.0;10
3;59573.0;Camilla;Pablo;SEASHELLS;73686.0;7
3;59574.0;Camilla;Pablo;SEASHELLS;73707.0;2
3;59574.0;Caesar;Pablo;SEASHELLS;73708.0;2
3;59576.0;Caesar;Pablo;SEASHELLS;73719.0;1
3;59576.0;Camilla;Pablo;SEASHELLS;73718.0;3
3;59616.0;Penelope;Camilla;SEASHELLS;73747.0;9
3;59632.0;Penelope;Caesar;SEASHELLS;73781.0;1
3;59655.0;Pablo;Camilla;SEASHELLS;73726.0;6
3;59657.0;Camilla;Pablo;SEASHELLS;73712.0;5
3;59658.0;Penelope;Caesar;SEASHELLS;73746.0;2
3;59660.0;Pablo;Caesar;SEASHELLS;73749.0;1
3;59672.0;Penelope;Caesar;SEASHELLS;73790.0;1
3;59684.0;Penelope;Caesar;SEASHELLS;73720.0;1
3;59740.0;Pablo;Camilla;SEASHELLS;73842.0;1
3;59740.0;Pablo;Caesar;SEASHELLS;73842.0;1
3;59749.0;Caesar;Penelope;SEASHELLS;73822.0;2
3;59773.0;Penelope;Caesar;SEASHELLS;73786.0;2
3;59825.0;Caesar;Penelope;SEASHELLS;73805.0;1
3;59827.0;Caesar;Pablo;SEASHELLS;73807.0;1
3;59827.0;Camilla;Pablo;SEASHELLS;73807.0;2
3;59853.0;Pablo;Camilla;SEASHELLS;73816.0;7
3;59864.0;Caesar;Penelope;SEASHELLS;73839.0;1
3;59882.0;Caesar;Penelope;SEASHELLS;73845.0;2
3;59892.0;Caesar;Pablo;SEASHELLS;73820.0;2
3;59892.0;Camilla;Pablo;SEASHELLS;73819.0;3
3;59976.0;Camilla;Pablo;SEASHELLS;73866.0;5
3;59997.0;Caesar;Penelope;SEASHELLS;73846.0;1
