day;timestamp;bid_price_1;bid_volume_1;bid_price_2;bid_volume_2;bid_price_3;bid_volume_3;ask_price_1;ask_volume_1;ask_price_2;ask_volume_2;ask_price_3;ask_volume_3;mid_price;profit_and_loss
1;30001.0;73358.0;12.0;73357.0;27.0;0.0;0.0;73372.0;12.0;73373.0;27.0;0.0;0.0;73365.0;0.0
1;30002.0;73378.0;1.0;73377.0;12.0;73376.0;20.0;73389.0;1.0;73390.0;12.0;73391.0;20.0;73383.5;0.0
1;30003.0;73379.0;1.0;73378.0;15.0;73377.0;26.0;73391.0;1.0;73392.0;15.0;73393.0;26.0;73385.0;0.0
1;30004.0;73364.0;14.0;73363.0;16.0;0.0;0.0;73378.0;14.0;73379.0;16.0;0.0;0.0;73371.0;0.0
1;30005.0;73337.0;2.0;73336.0;16.0;73335.0;15.0;73348.0;2.0;73350.0;16.0;73351.0;15.0;73342.5;0.0
1;30006.0;73330.0;1.0;73329.0;16.0;73328.0;20.0;73341.0;1.0;73342.0;16.0;73344.0;20.0;73335.5;0.0
1;30007.0;73344.0;2.0;73343.0;17.0;73342.0;18.0;73356.0;2.0;73357.0;17.0;73358.0;18.0;73350.0;0.0
1;30008.0;73342.0;1.0;73340.0;11.0;73339.0;30.0;73353.0;1.0;73354.0;11.0;73355.0;30.0;73347.5;0.0
1;30009.0;73352.0;1.0;73351.0;19.0;73350.0;22.0;73363.0;1.0;73364.0;19.0;73365.0;22.0;73357.5;0.0
1;30010.0;73361.0;1.0;73360.0;12.0;73358.0;20.0;73372.0;1.0;73373.0;12.0;73374.0;20.0;73366.5;0.0
1;30011.0;73354.0;1.0;73353.0;19.0;73352.0;26.0;73365.0;1.0;73366.0;19.0;73367.0;26.0;73359.5;0.0
1;30012.0;73379.0;1.0;73378.0;14.0;73377.0;23.0;73390.0;1.0;73391.0;14.0;73392.0;23.0;73384.5;0.0
1;30013.0;73372.0;1.0;73371.0;17.0;73370.0;16.0;73383.0;1.0;73385.0;17.0;73386.0;16.0;73377.5;0.0
1;30014.0;73363.0;12.0;73362.0;29.0;0.0;0.0;73376.0;12.0;73378.0;29.0;0.0;0.0;73369.5;0.0
1;30015.0;73386.0;15.0;73385.0;29.0;0.0;0.0;73400.0;15.0;73401.0;29.0;0.0;0.0;73393.0;0.0
1;30016.0;73393.0;1.0;73392.0;18.0;73391.0;30.0;73404.0;1.0;73405.0;18.0;73406.0;30.0;73398.5;0.0
1;30017.0;73394.0;2.0;73393.0;15.0;73392.0;17.0;73406.0;2.0;73407.0;15.0;73408.0;17.0;73400.0;0.0
1;30018.0;73397.0;11.0;73396.0;22.0;0.0;0.0;73410.0;11.0;73411.0;22.0;0.0;0.0;73403.5;0.0
1;30019.0;73406.0;10.0;73405.0;30.0;0.0;0.0;73420.0;10.0;73421.0;30.0;0.0;0.0;73413.0;0.0
1;30020.0;73394.0;2.0;73393.0;18.0;73392.0;29.0;73405.0;2.0;73406.0;18.0;73407.0;29.0;73399.5;0.0
1;30021.0;73387.0;2.0;73386.0;20.0;73385.0;25.0;73398.0;2.0;73399.0;20.0;73400.0;25.0;73392.5;0.0
1;30022.0;73395.0;2.0;73394.0;17.0;73393.0;21.0;73406.0;2.0;73407.0;17.0;73408.0;21.0;73400.5;0.0
1;30023.0;73393.0;1.0;73392.0;14.0;73391.0;26.0;73404.0;1.0;73405.0;14.0;73406.0;26.0;73398.5;0.0
1;30024.0;73392.0;19.0;73391.0;24.0;0.0;0.0;73404.0;2.0;73405.0;20.0;73406.0;24.0;73398.0;-17.84375
1;30025.0;73384.0;2.0;73383.0;10.0;73382.0;17.0;73396.0;2.0;73397.0;10.0;73398.0;17.0;73390.0;7.8125
1;30026.0;73387.0;2.0;73386.0;16.0;73385.0;21.0;73398.0;2.0;73400.0;16.0;73401.0;21.0;73392.5;-0.59375
1;30027.0;73386.0;1.0;73385.0;16.0;73384.0;16.0;73398.0;1.0;73399.0;16.0;73400.0;16.0;73392.0;2.15625
1;30028.0;73390.0;2.0;73389.0;14.0;73388.0;19.0;73401.0;2.0;73402.0;14.0;73403.0;19.0;73395.5;-8.6875
1;30029.0;73379.0;17.0;73377.0;23.0;0.0;0.0;73392.0;17.0;73393.0;23.0;0.0;0.0;73385.5;22.296875
1;30030.0;73386.0;2.0;73385.0;14.0;73384.0;25.0;73397.0;2.0;73398.0;14.0;73400.0;25.0;73391.5;2.875
1;30031.0;73381.0;1.0;73380.0;13.0;73379.0;16.0;73392.0;1.0;73394.0;13.0;73395.0;16.0;73386.5;17.6875
1;30032.0;73393.0;5.0;73388.0;1.0;73387.0;20.0;73399.0;1.0;73400.0;20.0;73401.0;16.0;73396.0;-1.796875
1;30033.0;73399.0;5.0;73392.0;19.0;73391.0;29.0;73406.0;19.0;73407.0;29.0;0.0;0.0;73402.5;-19.15625
1;30034.0;73383.0;1.0;73382.0;10.0;73381.0;16.0;73395.0;1.0;73396.0;10.0;73397.0;16.0;73389.0;10.84375
1;30035.0;73394.0;2.0;73393.0;10.0;73392.0;19.0;73405.0;2.0;73406.0;10.0;73407.0;19.0;73399.5;-20.453125
1;30036.0;73381.0;18.0;73379.0;28.0;0.0;0.0;73394.0;18.0;73395.0;28.0;0.0;0.0;73387.5;16.1875
1;30037.0;73391.0;11.0;73390.0;29.0;0.0;0.0;73404.0;11.0;73405.0;29.0;0.0;0.0;73397.5;-14.125
1;30038.0;73392.0;17.0;73391.0;26.0;0.0;0.0;73406.0;17.0;73407.0;26.0;0.0;0.0;73399.0;-19.59375
1;30039.0;73400.0;5.0;73393.0;17.0;73392.0;27.0;73407.0;17.0;73408.0;27.0;0.0;0.0;73403.5;-22.625
1;30040.0;73386.0;2.0;73385.0;10.0;73384.0;27.0;73397.0;2.0;73398.0;10.0;73399.0;27.0;73391.5;3.03125
1;30041.0;73401.0;1.0;73400.0;16.0;73399.0;16.0;73412.0;1.0;73413.0;16.0;73414.0;16.0;73406.5;-41.546875
1;30042.0;73400.0;2.0;73399.0;20.0;73398.0;26.0;73411.0;2.0;73412.0;20.0;73413.0;26.0;73405.5;-38.15625
1;30043.0;73413.0;1.0;73412.0;13.0;73411.0;26.0;73424.0;1.0;73425.0;13.0;73427.0;26.0;73418.5;-78.28125
1;30044.0;73419.0;18.0;73418.0;16.0;0.0;0.0;73433.0;18.0;73434.0;16.0;0.0;0.0;73426.0;-100.328125
1;30045.0;73415.0;20.0;73414.0;16.0;0.0;0.0;73428.0;20.0;73429.0;16.0;0.0;0.0;73421.5;-86.28125
1;30046.0;73410.0;20.0;73409.0;29.0;0.0;0.0;73423.0;20.0;73425.0;29.0;0.0;0.0;73416.5;-72.0625
1;30047.0;73411.0;12.0;73410.0;23.0;0.0;0.0;73425.0;12.0;73426.0;23.0;0.0;0.0;73418.0;-75.78125
1;30048.0;73417.0;18.0;73416.0;18.0;0.0;0.0;73431.0;18.0;73432.0;18.0;0.0;0.0;73424.0;-94.421875
1;30049.0;73435.0;1.0;73434.0;13.0;73433.0;27.0;73446.0;1.0;73447.0;13.0;73448.0;27.0;73440.5;-143.453125
1;30050.0;73443.0;2.0;73442.0;10.0;73441.0;27.0;73454.0;2.0;73455.0;10.0;73456.0;27.0;73448.5;-167.453125
1;30051.0;73454.0;1.0;73448.0;1.0;73447.0;17.0;73460.0;1.0;73461.0;17.0;73462.0;15.0;73457.0;-184.34375
1;30052.0;73446.0;17.0;73445.0;29.0;0.0;0.0;73459.0;17.0;73461.0;29.0;0.0;0.0;73452.5;-180.09375
1;30053.0;73459.0;2.0;73458.0;16.0;73456.0;25.0;73470.0;2.0;73471.0;16.0;73472.0;25.0;73464.5;-214.71875
1;30054.0;73460.0;12.0;73459.0;28.0;0.0;0.0;73473.0;12.0;73474.0;28.0;0.0;0.0;73466.5;-221.0625
1;30055.0;73478.0;12.0;73477.0;25.0;0.0;0.0;73492.0;12.0;73493.0;25.0;0.0;0.0;73485.0;-276.390625
1;30056.0;73472.0;1.0;73470.0;18.0;73469.0;21.0;73477.0;8.0;73483.0;1.0;73484.0;18.0;73474.5;-253.515625
1;30057.0;73468.0;2.0;73467.0;10.0;73466.0;16.0;73479.0;2.0;73480.0;10.0;73481.0;16.0;73473.5;-242.34375
1;30058.0;73471.0;1.0;73470.0;19.0;73468.0;29.0;73482.0;1.0;73483.0;19.0;73484.0;29.0;73476.5;-267.59375
1;30059.0;73459.0;2.0;73458.0;16.0;73457.0;30.0;73464.0;3.0;73471.0;2.0;73472.0;16.0;73461.5;-210.75
1;30060.0;73449.0;2.0;73448.0;17.0;73447.0;17.0;73461.0;2.0;73462.0;17.0;73463.0;17.0;73455.0;-160.71875
1;30061.0;73453.0;7.0;73447.0;18.0;73446.0;23.0;73460.0;18.0;73461.0;23.0;0.0;0.0;73456.5;-153.0
1;30062.0;73448.0;1.0;73447.0;19.0;73446.0;19.0;73460.0;1.0;73461.0;19.0;73462.0;19.0;73454.0;-156.4375
1;30063.0;73436.0;1.0;73435.0;11.0;73434.0;23.0;73447.0;1.0;73448.0;11.0;73449.0;23.0;73441.5;-93.375
1;30064.0;73437.0;15.0;73436.0;22.0;0.0;0.0;73451.0;15.0;73452.0;22.0;0.0;0.0;73444.0;-105.09375
1;30065.0;73443.0;1.0;73442.0;17.0;73441.0;24.0;73454.0;1.0;73455.0;17.0;73457.0;24.0;73448.5;-129.59375
1;30066.0;73442.0;12.0;73441.0;15.0;0.0;0.0;73455.0;12.0;73457.0;15.0;0.0;0.0;73448.5;-129.75
1;30067.0;73451.0;2.0;73450.0;15.0;73449.0;23.0;73462.0;2.0;73463.0;15.0;73464.0;23.0;73456.5;-168.5625
1;30068.0;73434.0;1.0;73433.0;11.0;73432.0;17.0;73445.0;1.0;73446.0;11.0;73448.0;17.0;73439.5;-84.46875
1;30069.0;73437.0;2.0;73436.0;13.0;73435.0;26.0;73448.0;2.0;73450.0;13.0;73451.0;26.0;73442.5;-100.0
1;30070.0;73437.0;2.0;73436.0;19.0;73435.0;20.0;73449.0;2.0;73450.0;19.0;73451.0;20.0;73443.0;-100.875
1;30071.0;73432.0;1.0;73431.0;11.0;73430.0;27.0;73444.0;1.0;73445.0;11.0;73446.0;27.0;73438.0;-75.96875
1;30072.0;73437.0;1.0;73436.0;14.0;73434.0;26.0;73448.0;1.0;73449.0;14.0;73450.0;26.0;73442.5;-97.5625
1;30073.0;73428.0;1.0;73427.0;12.0;73426.0;15.0;73439.0;1.0;73440.0;12.0;73441.0;15.0;73433.5;-52.90625
1;30074.0;73420.0;1.0;73419.0;20.0;73418.0;22.0;73431.0;1.0;73432.0;20.0;73433.0;22.0;73425.5;-13.15625
1;30075.0;73413.0;15.0;73412.0;15.0;0.0;0.0;73427.0;15.0;73428.0;15.0;0.0;0.0;73420.0;13.625
1;30076.0;73402.0;19.0;73401.0;22.0;0.0;0.0;73415.0;19.0;73416.0;22.0;0.0;0.0;73408.5;71.8125
1;30077.0;73420.0;13.0;73419.0;25.0;0.0;0.0;73434.0;13.0;73435.0;25.0;0.0;0.0;73427.0;-20.5625
1;30078.0;73427.0;1.0;73426.0;13.0;73425.0;20.0;73438.0;1.0;73439.0;13.0;73440.0;20.0;73432.5;-48.21875
1;30079.0;73421.0;11.0;73420.0;20.0;0.0;0.0;73434.0;11.0;73435.0;20.0;0.0;0.0;73427.5;-23.21875
1;30080.0;73435.0;6.0;73430.0;2.0;73428.0;11.0;73441.0;2.0;73442.0;11.0;73443.0;28.0;73438.0;-62.09375
1;30081.0;73435.0;2.0;73434.0;12.0;73433.0;18.0;73446.0;2.0;73447.0;12.0;73448.0;18.0;73440.5;-87.90625
1;30082.0;73435.0;17.0;73434.0;23.0;0.0;0.0;73449.0;17.0;73450.0;23.0;0.0;0.0;73442.0;-95.65625
1;30083.0;73435.0;2.0;73434.0;15.0;73433.0;15.0;73446.0;2.0;73447.0;15.0;73448.0;15.0;73440.5;-88.03125
1;30084.0;73443.0;19.0;73442.0;27.0;0.0;0.0;73457.0;19.0;73458.0;27.0;0.0;0.0;73450.0;-135.71875
1;30085.0;73416.0;20.0;73415.0;29.0;0.0;0.0;73430.0;20.0;73431.0;29.0;0.0;0.0;73423.0;-1.5625
1;30086.0;73410.0;2.0;73409.0;14.0;73407.0;27.0;73421.0;2.0;73422.0;14.0;73423.0;27.0;73415.5;37.3125
1;30087.0;73387.0;2.0;73386.0;18.0;73385.0;20.0;73399.0;2.0;73400.0;18.0;73401.0;20.0;73393.0;148.71875
1;30088.0;73390.0;7.0;73385.0;2.0;73384.0;18.0;73396.0;2.0;73398.0;18.0;73399.0;26.0;73393.0;159.9375
1;30089.0;73387.0;1.0;73386.0;11.0;73384.0;24.0;73398.0;1.0;73399.0;11.0;73400.0;24.0;73392.5;152.3125
1;30090.0;73392.0;11.0;73391.0;15.0;0.0;0.0;73406.0;11.0;73407.0;15.0;0.0;0.0;73399.0;119.03125
1;30091.0;73397.0;12.0;73396.0;20.0;0.0;0.0;73411.0;12.0;73412.0;20.0;0.0;0.0;73404.0;95.0
1;30092.0;73398.0;10.0;73397.0;16.0;0.0;0.0;73412.0;10.0;73413.0;16.0;0.0;0.0;73405.0;88.75
1;30093.0;73381.0;2.0;73380.0;10.0;73379.0;20.0;73393.0;2.0;73394.0;10.0;73395.0;20.0;73387.0;178.5
1;30094.0;73362.0;1.0;73361.0;16.0;73360.0;24.0;73374.0;1.0;73375.0;16.0;73376.0;24.0;73368.0;274.0
1;30095.0;73365.0;2.0;73364.0;10.0;73363.0;19.0;73376.0;2.0;73377.0;10.0;73378.0;19.0;73370.5;261.8125
1;30096.0;73367.0;2.0;73366.0;10.0;73365.0;22.0;73378.0;2.0;73380.0;10.0;73381.0;22.0;73372.5;250.0625
1;30097.0;73356.0;1.0;73355.0;10.0;73354.0;22.0;73367.0;1.0;73368.0;10.0;73369.0;22.0;73361.5;306.125
1;30098.0;73354.0;1.0;73353.0;12.0;73352.0;27.0;73365.0;1.0;73366.0;12.0;73367.0;27.0;73359.5;316.96875
1;30099.0;73363.0;2.0;73362.0;16.0;73361.0;29.0;73374.0;2.0;73376.0;16.0;73377.0;29.0;73368.5;270.0625
1;30100.0;73357.0;13.0;73355.0;26.0;0.0;0.0;73370.0;13.0;73371.0;26.0;0.0;0.0;73363.5;297.6875
1;30101.0;73368.0;18.0;73367.0;15.0;0.0;0.0;73382.0;18.0;73383.0;15.0;0.0;0.0;73375.0;239.90625
1;30102.0;73378.0;1.0;73377.0;10.0;73376.0;27.0;73383.0;6.0;73389.0;1.0;73390.0;10.0;73380.5;196.25
1;30103.0;73380.0;17.0;73379.0;26.0;0.0;0.0;73394.0;17.0;73395.0;26.0;0.0;0.0;73387.0;179.78125
1;30104.0;73388.0;1.0;73387.0;13.0;73386.0;22.0;73399.0;1.0;73400.0;13.0;73401.0;22.0;73393.5;145.90625
1;30105.0;73388.0;11.0;73387.0;25.0;0.0;0.0;73402.0;11.0;73403.0;25.0;0.0;0.0;73395.0;138.3125
1;30106.0;73396.0;17.0;73395.0;16.0;0.0;0.0;73402.0;5.0;73409.0;17.0;73410.0;16.0;73399.0;101.15625
1;30107.0;73388.0;16.0;73387.0;17.0;0.0;0.0;73402.0;16.0;73403.0;17.0;0.0;0.0;73395.0;138.65625
1;30108.0;73404.0;16.0;73403.0;16.0;0.0;0.0;73417.0;16.0;73418.0;16.0;0.0;0.0;73410.5;62.28125
1;30109.0;73398.0;18.0;73396.0;20.0;0.0;0.0;73411.0;18.0;73412.0;20.0;0.0;0.0;73404.5;92.625
1;30110.0;73392.0;1.0;73391.0;15.0;73390.0;25.0;73403.0;1.0;73405.0;15.0;73406.0;25.0;73397.5;125.1875
1;30111.0;73384.0;1.0;73382.0;11.0;73381.0;25.0;73395.0;1.0;73396.0;11.0;73397.0;25.0;73389.5;168.09375
1;30112.0;73388.0;1.0;73387.0;18.0;73386.0;20.0;73400.0;1.0;73401.0;18.0;73402.0;20.0;73394.0;144.46875
1;30113.0;73364.0;2.0;73363.0;12.0;73362.0;17.0;73375.0;2.0;73376.0;12.0;73377.0;17.0;73369.5;266.1875
1;30114.0;73372.0;2.0;73371.0;10.0;73370.0;20.0;73383.0;2.0;73384.0;10.0;73385.0;20.0;73377.5;227.1875
1;30115.0;73381.0;20.0;73380.0;22.0;0.0;0.0;73395.0;20.0;73396.0;22.0;0.0;0.0;73388.0;174.78125
1;30116.0;73376.0;1.0;73375.0;18.0;73374.0;16.0;73387.0;1.0;73389.0;18.0;73390.0;16.0;73381.5;204.96875
1;30117.0;73371.0;2.0;73370.0;20.0;73369.0;28.0;73383.0;2.0;73384.0;20.0;73385.0;28.0;73377.0;228.8125
1;30118.0;73372.0;2.0;73371.0;13.0;73370.0;28.0;73383.0;2.0;73385.0;13.0;73386.0;28.0;73377.5;224.90625
1;30119.0;73373.0;1.0;73372.0;18.0;73371.0;19.0;73384.0;1.0;73385.0;18.0;73386.0;19.0;73378.5;221.0625
1;30120.0;73380.0;1.0;73379.0;14.0;73378.0;30.0;73391.0;1.0;73392.0;14.0;73394.0;30.0;73385.5;185.5625
1;30121.0;73383.0;1.0;73382.0;14.0;73381.0;16.0;73394.0;1.0;73395.0;14.0;73396.0;16.0;73388.5;172.15625
1;30122.0;73393.0;2.0;73392.0;10.0;73391.0;19.0;73404.0;2.0;73405.0;10.0;73406.0;19.0;73398.5;122.28125
1;30123.0;73390.0;2.0;73389.0;20.0;73388.0;27.0;73401.0;2.0;73402.0;20.0;73403.0;27.0;73395.5;135.75
1;30124.0;73376.0;1.0;73375.0;14.0;73374.0;24.0;73388.0;1.0;73389.0;14.0;73390.0;24.0;73382.0;204.25
1;30125.0;73385.0;11.0;73384.0;22.0;0.0;0.0;73398.0;11.0;73399.0;22.0;0.0;0.0;73391.5;157.0
1;30126.0;73386.0;1.0;73385.0;10.0;73384.0;16.0;73398.0;1.0;73399.0;10.0;73400.0;16.0;73392.0;154.5625
1;30127.0;73376.0;16.0;73375.0;29.0;0.0;0.0;73389.0;16.0;73390.0;29.0;0.0;0.0;73382.5;200.8125
1;30128.0;73373.0;1.0;73372.0;18.0;73371.0;23.0;73384.0;1.0;73385.0;18.0;73386.0;23.0;73378.5;222.25
1;30129.0;73380.0;2.0;73379.0;11.0;73378.0;30.0;73391.0;2.0;73392.0;11.0;73393.0;30.0;73385.5;187.1875
1;30130.0;73374.0;2.0;73373.0;13.0;73371.0;27.0;73385.0;2.0;73386.0;13.0;73387.0;27.0;73379.5;217.375
1;30131.0;73363.0;2.0;73362.0;12.0;73361.0;15.0;73374.0;2.0;73375.0;12.0;73376.0;15.0;73368.5;271.03125
1;30132.0;73361.0;11.0;73360.0;29.0;0.0;0.0;73375.0;11.0;73376.0;29.0;0.0;0.0;73368.0;273.875
1;30133.0;73382.0;2.0;73381.0;14.0;73380.0;18.0;73393.0;2.0;73394.0;14.0;73395.0;18.0;73387.5;176.875
1;30134.0;73377.0;1.0;73376.0;13.0;73375.0;23.0;73389.0;1.0;73390.0;13.0;73391.0;23.0;73383.0;198.71875
1;30135.0;73368.0;17.0;73367.0;18.0;0.0;0.0;73374.0;1.0;73381.0;17.0;73382.0;18.0;73371.0;241.21875
1;30136.0;73370.0;1.0;73369.0;10.0;73368.0;20.0;73381.0;1.0;73383.0;10.0;73384.0;20.0;73375.5;235.09375
1;30137.0;73369.0;2.0;73368.0;18.0;73367.0;24.0;73381.0;2.0;73382.0;18.0;73383.0;24.0;73375.0;238.9375
1;30138.0;73384.0;18.0;73383.0;16.0;0.0;0.0;73390.0;5.0;73397.0;18.0;73398.0;16.0;73387.0;161.5
1;30139.0;73385.0;12.0;73384.0;23.0;0.0;0.0;73386.0;2.0;73399.0;12.0;73400.0;23.0;73385.5;154.625
1;30140.0;73376.0;1.0;73374.0;20.0;73373.0;23.0;73387.0;1.0;73388.0;20.0;73389.0;23.0;73381.5;208.34375
1;30141.0;73373.0;1.0;73371.0;16.0;73370.0;23.0;73384.0;1.0;73385.0;16.0;73386.0;23.0;73378.5;222.90625
1;30142.0;73387.0;2.0;73386.0;17.0;73385.0;22.0;73398.0;2.0;73400.0;17.0;73401.0;22.0;73392.5;149.875
1;30143.0;73394.0;19.0;73393.0;17.0;0.0;0.0;73407.0;19.0;73409.0;17.0;0.0;0.0;73400.5;110.3125
1;30144.0;73396.0;1.0;73395.0;15.0;73393.0;17.0;73407.0;1.0;73408.0;15.0;73409.0;17.0;73401.5;107.6875
1;30145.0;73410.0;2.0;73409.0;14.0;73408.0;29.0;73422.0;2.0;73423.0;14.0;73424.0;29.0;73416.0;33.8125
1;30146.0;73404.0;1.0;73403.0;11.0;73402.0;25.0;73415.0;1.0;73417.0;11.0;73418.0;25.0;73409.5;64.75
1;30147.0;73401.0;1.0;73400.0;19.0;73399.0;28.0;73406.0;1.0;73413.0;1.0;73414.0;19.0;73403.5;79.34375
1;30148.0;73388.0;1.0;73387.0;10.0;73386.0;19.0;73399.0;1.0;73400.0;10.0;73401.0;19.0;73393.5;146.0625
1;30149.0;73373.0;1.0;73371.0;12.0;73370.0;15.0;73384.0;1.0;73385.0;12.0;73386.0;15.0;73378.5;222.875
1;30150.0;73385.0;1.0;73384.0;12.0;73383.0;22.0;73396.0;1.0;73398.0;12.0;73399.0;22.0;73390.5;160.0
1;30151.0;73398.0;2.0;73397.0;17.0;73396.0;29.0;73409.0;2.0;73410.0;17.0;73411.0;29.0;73403.5;97.28125
1;30152.0;73372.0;1.0;73371.0;20.0;73370.0;26.0;73383.0;1.0;73385.0;20.0;73386.0;26.0;73377.5;224.65625
1;30153.0;73364.0;2.0;73363.0;10.0;73362.0;16.0;73375.0;2.0;73376.0;10.0;73377.0;16.0;73369.5;266.96875
1;30154.0;73370.0;2.0;73369.0;14.0;73368.0;17.0;73381.0;2.0;73382.0;14.0;73383.0;17.0;73375.5;235.6875
1;30155.0;73366.0;14.0;73364.0;26.0;0.0;0.0;73379.0;14.0;73380.0;26.0;0.0;0.0;73372.5;252.6875
1;30156.0;73373.0;18.0;73372.0;16.0;0.0;0.0;73387.0;18.0;73388.0;16.0;0.0;0.0;73380.0;214.15625
1;30157.0;73384.0;1.0;73383.0;17.0;73382.0;21.0;73395.0;1.0;73396.0;17.0;73398.0;21.0;73389.5;165.5
1;30158.0;73402.0;2.0;73401.0;18.0;73400.0;20.0;73413.0;2.0;73414.0;18.0;73415.0;20.0;73407.5;77.28125
1;30159.0;73385.0;2.0;73384.0;10.0;73383.0;28.0;73396.0;2.0;73397.0;10.0;73399.0;28.0;73390.5;160.40625
1;30160.0;73379.0;1.0;73378.0;13.0;73377.0;18.0;73390.0;1.0;73392.0;13.0;73393.0;18.0;73384.5;189.8125
1;30161.0;73377.0;2.0;73376.0;12.0;73375.0;25.0;73389.0;2.0;73390.0;12.0;73391.0;25.0;73383.0;199.28125
1;30162.0;73366.0;5.0;73360.0;1.0;73359.0;12.0;73372.0;1.0;73373.0;12.0;73374.0;23.0;73369.0;283.375
1;30163.0;73363.0;17.0;73362.0;19.0;0.0;0.0;73377.0;17.0;73378.0;19.0;0.0;0.0;73370.0;264.15625
1;30164.0;73381.0;1.0;73379.0;19.0;73378.0;18.0;73392.0;1.0;73393.0;19.0;73394.0;18.0;73386.5;182.875
1;30165.0;73374.0;2.0;73373.0;17.0;73371.0;30.0;73379.0;7.0;73385.0;2.0;73386.0;17.0;73376.5;217.5
1;30166.0;73366.0;16.0;73365.0;17.0;0.0;0.0;73379.0;16.0;73381.0;17.0;0.0;0.0;73372.5;250.625
1;30167.0;73371.0;20.0;73370.0;25.0;0.0;0.0;73384.0;20.0;73385.0;25.0;0.0;0.0;73377.5;225.9375
1;30168.0;73367.0;18.0;73366.0;15.0;0.0;0.0;73380.0;18.0;73381.0;15.0;0.0;0.0;73373.5;247.28125
1;30169.0;73361.0;2.0;73360.0;10.0;73359.0;20.0;73373.0;2.0;73374.0;10.0;73375.0;20.0;73367.0;278.9375
1;30170.0;73376.0;2.0;73375.0;18.0;73374.0;30.0;73387.0;2.0;73389.0;18.0;73390.0;30.0;73381.5;204.65625
1;30171.0;73375.0;1.0;73374.0;11.0;73373.0;26.0;73386.0;1.0;73387.0;11.0;73388.0;26.0;73380.5;211.625
1;30172.0;73400.0;1.0;73399.0;10.0;73398.0;19.0;73412.0;1.0;73413.0;10.0;73414.0;19.0;73406.0;84.46875
1;30173.0;73411.0;1.0;73410.0;11.0;73409.0;29.0;73423.0;1.0;73424.0;11.0;73425.0;29.0;73417.0;11.3125
1;30174.0;73415.0;1.0;73414.0;10.0;73413.0;18.0;73427.0;1.0;73428.0;10.0;73429.0;18.0;73421.0;-11.8125
1;30175.0;73400.0;15.0;73399.0;19.0;0.0;0.0;73413.0;15.0;73414.0;19.0;0.0;0.0;73406.5;74.3125
1;30176.0;73391.0;2.0;73390.0;16.0;73389.0;27.0;73402.0;2.0;73403.0;16.0;73404.0;27.0;73396.5;134.15625
1;30177.0;73388.0;1.0;73387.0;10.0;73386.0;16.0;73399.0;1.0;73401.0;10.0;73402.0;16.0;73393.5;151.0
1;30178.0;73388.0;11.0;73386.0;29.0;0.0;0.0;73401.0;11.0;73402.0;29.0;0.0;0.0;73394.5;148.3125
1;30179.0;73392.0;2.0;73391.0;11.0;73390.0;25.0;73404.0;2.0;73405.0;11.0;73406.0;25.0;73398.0;125.8125
1;30180.0;73388.0;17.0;73387.0;29.0;0.0;0.0;73402.0;17.0;73403.0;29.0;0.0;0.0;73395.0;145.0
1;30181.0;73370.0;20.0;73369.0;28.0;0.0;0.0;73383.0;20.0;73384.0;28.0;0.0;0.0;73376.5;255.875
1;30182.0;73359.0;2.0;73358.0;17.0;73356.0;17.0;73370.0;2.0;73371.0;17.0;73372.0;17.0;73364.5;328.59375
1;30183.0;73374.0;2.0;73373.0;20.0;73372.0;27.0;73385.0;2.0;73387.0;20.0;73388.0;27.0;73379.5;235.25
1;30184.0;73374.0;14.0;73373.0;21.0;0.0;0.0;73387.0;14.0;73388.0;21.0;0.0;0.0;73380.5;230.75
1;30185.0;73390.0;1.0;73389.0;16.0;73387.0;16.0;73401.0;1.0;73402.0;16.0;73403.0;16.0;73395.5;142.4375
1;30186.0;73381.0;2.0;73380.0;10.0;73379.0;17.0;73392.0;2.0;73394.0;10.0;73395.0;17.0;73386.5;193.1875
1;30187.0;73391.0;1.0;73390.0;14.0;73389.0;27.0;73402.0;1.0;73403.0;14.0;73404.0;27.0;73396.5;134.625
1;30188.0;73394.0;20.0;73393.0;17.0;0.0;0.0;73408.0;20.0;73409.0;17.0;0.0;0.0;73401.0;108.5625
1;30189.0;73392.0;19.0;73391.0;26.0;0.0;0.0;73405.0;19.0;73407.0;26.0;0.0;0.0;73398.5;121.78125
1;30190.0;73389.0;15.0;73388.0;26.0;0.0;0.0;73402.0;15.0;73403.0;26.0;0.0;0.0;73395.5;140.5
1;30191.0;73398.0;1.0;73397.0;19.0;73396.0;26.0;73410.0;1.0;73411.0;19.0;73412.0;26.0;73404.0;89.75
1;30192.0;73397.0;2.0;73396.0;20.0;73395.0;30.0;73408.0;2.0;73409.0;20.0;73410.0;30.0;73402.5;98.125
1;30193.0;73413.0;19.0;73412.0;30.0;0.0;0.0;73427.0;19.0;73428.0;30.0;0.0;0.0;73420.0;-4.8125
1;30194.0;73419.0;2.0;73418.0;10.0;73417.0;22.0;73430.0;2.0;73431.0;10.0;73432.0;22.0;73424.5;-33.84375
1;30195.0;73440.0;2.0;73439.0;20.0;73438.0;18.0;73451.0;2.0;73452.0;20.0;73453.0;18.0;73445.5;-159.375
1;30196.0;73447.0;14.0;73446.0;19.0;0.0;0.0;73461.0;14.0;73462.0;19.0;0.0;0.0;73454.0;-211.40625
1;30197.0;73439.0;1.0;73438.0;16.0;73437.0;24.0;73450.0;1.0;73452.0;16.0;73453.0;24.0;73444.5;-155.0
1;30198.0;73441.0;7.0;73436.0;2.0;73435.0;10.0;73447.0;2.0;73448.0;10.0;73449.0;15.0;73444.0;-135.4375
1;30199.0;73420.0;2.0;73419.0;14.0;73418.0;25.0;73432.0;2.0;73433.0;14.0;73434.0;25.0;73426.0;-42.375
1;30200.0;73428.0;1.0;73427.0;14.0;73426.0;29.0;73433.0;7.0;73439.0;1.0;73440.0;14.0;73430.5;-86.53125
1;30201.0;73435.0;11.0;73434.0;19.0;0.0;0.0;73449.0;11.0;73450.0;19.0;0.0;0.0;73442.0;-137.4375
1;30202.0;73435.0;1.0;73434.0;12.0;73433.0;18.0;73447.0;1.0;73448.0;12.0;73449.0;18.0;73441.0;-131.5625
1;30203.0;73453.0;8.0;73446.0;16.0;73445.0;18.0;73460.0;16.0;73461.0;18.0;0.0;0.0;73456.5;-222.4375
1;30204.0;73439.0;17.0;73438.0;27.0;0.0;0.0;73452.0;17.0;73453.0;27.0;0.0;0.0;73445.5;-168.6875
1;30205.0;73443.0;1.0;73442.0;18.0;73441.0;27.0;73455.0;1.0;73456.0;18.0;73457.0;27.0;73449.0;-193.875
1;30206.0;73434.0;1.0;73433.0;18.0;73432.0;21.0;73445.0;1.0;73446.0;18.0;73448.0;21.0;73439.5;-128.75
1;30207.0;73438.0;1.0;73437.0;16.0;73436.0;22.0;73449.0;1.0;73451.0;16.0;73452.0;22.0;73443.5;-157.75
1;30208.0;73429.0;11.0;73428.0;27.0;0.0;0.0;73443.0;11.0;73444.0;27.0;0.0;0.0;73436.0;-104.0
1;30209.0;73428.0;2.0;73427.0;19.0;73426.0;17.0;73439.0;2.0;73440.0;19.0;73441.0;17.0;73433.5;-84.5625
1;30210.0;73429.0;2.0;73428.0;17.0;73427.0;26.0;73441.0;2.0;73442.0;17.0;73443.0;26.0;73435.0;-96.125
1;30211.0;73443.0;1.0;73442.0;17.0;73441.0;20.0;73455.0;1.0;73456.0;17.0;73457.0;20.0;73449.0;-194.5625
1;30212.0;73447.0;11.0;73446.0;21.0;0.0;0.0;73453.0;6.0;73460.0;11.0;73461.0;21.0;73450.0;-225.34375
1;30213.0;73447.0;12.0;73446.0;29.0;0.0;0.0;73461.0;12.0;73462.0;29.0;0.0;0.0;73454.0;-230.46875
1;30214.0;73464.0;14.0;73463.0;21.0;0.0;0.0;73477.0;18.0;73478.0;21.0;0.0;0.0;73470.5;-369.5
1;30215.0;73459.0;1.0;73458.0;14.0;73457.0;22.0;73471.0;1.0;73472.0;14.0;73473.0;22.0;73465.0;-310.625
1;30216.0;73456.0;2.0;73455.0;19.0;73454.0;24.0;73467.0;2.0;73468.0;19.0;73469.0;24.0;73461.5;-269.875
1;30217.0;73464.0;3.0;73459.0;2.0;73458.0;16.0;73470.0;2.0;73471.0;16.0;73473.0;25.0;73467.0;-307.0625
1;30218.0;73465.0;2.0;73464.0;16.0;73463.0;27.0;73476.0;2.0;73477.0;16.0;73479.0;27.0;73470.5;-372.5625
1;30219.0;73473.0;1.0;73472.0;17.0;73471.0;20.0;73484.0;1.0;73485.0;17.0;73487.0;20.0;73478.5;-461.0
1;30220.0;73472.0;14.0;73471.0;18.0;0.0;0.0;73486.0;14.0;73487.0;18.0;0.0;0.0;73479.0;-463.125
1;30221.0;73473.0;8.0;73468.0;2.0;73467.0;17.0;73479.0;2.0;73480.0;17.0;73481.0;28.0;73476.0;-401.9375
1;30222.0;73472.0;19.0;73471.0;28.0;0.0;0.0;73485.0;19.0;73486.0;28.0;0.0;0.0;73478.5;-457.0625
1;30223.0;73477.0;19.0;73476.0;29.0;0.0;0.0;73490.0;19.0;73492.0;29.0;0.0;0.0;73483.5;-515.5
1;30224.0;73485.0;3.0;73480.0;2.0;73479.0;20.0;73491.0;2.0;73493.0;20.0;73494.0;20.0;73488.0;-539.1875
1;30225.0;73488.0;3.0;73482.0;1.0;73481.0;20.0;73494.0;1.0;73495.0;20.0;73496.0;21.0;73491.0;-565.0
1;30226.0;73477.0;12.0;73476.0;18.0;0.0;0.0;73491.0;12.0;73492.0;18.0;0.0;0.0;73484.0;-497.25
1;30227.0;73488.0;1.0;73487.0;12.0;73486.0;20.0;73500.0;1.0;73501.0;12.0;73502.0;20.0;73494.0;-659.125
1;30228.0;73461.0;1.0;73460.0;10.0;73459.0;21.0;73472.0;1.0;73473.0;10.0;73474.0;21.0;73466.5;-218.0
1;30229.0;73446.0;1.0;73445.0;17.0;73444.0;26.0;73458.0;1.0;73459.0;17.0;73460.0;26.0;73452.0;12.0
1;30230.0;73454.0;1.0;73453.0;10.0;73452.0;27.0;73465.0;1.0;73466.0;10.0;73467.0;27.0;73459.5;-107.75
1;30231.0;73454.0;1.0;73453.0;17.0;73452.0;24.0;73465.0;1.0;73466.0;17.0;73467.0;24.0;73459.5;-107.125
1;30232.0;73457.0;2.0;73456.0;15.0;73454.0;23.0;73462.0;1.0;73468.0;2.0;73469.0;15.0;73459.5;-152.0
1;30233.0;73464.0;1.0;73463.0;18.0;73462.0;15.0;73475.0;1.0;73476.0;18.0;73477.0;15.0;73469.5;-267.5
1;30234.0;73454.0;2.0;73453.0;19.0;73452.0;20.0;73466.0;2.0;73467.0;19.0;73468.0;20.0;73460.0;-112.875
1;30235.0;73462.0;1.0;73461.0;14.0;73460.0;23.0;73473.0;1.0;73474.0;14.0;73475.0;23.0;73467.5;-235.875
1;30236.0;73449.0;1.0;73448.0;16.0;73447.0;23.0;73460.0;1.0;73461.0;16.0;73462.0;23.0;73454.5;-26.875
1;30237.0;73458.0;2.0;73457.0;13.0;73456.0;27.0;73469.0;2.0;73471.0;13.0;73472.0;27.0;73463.5;-176.5
1;30238.0;73465.0;1.0;73464.0;10.0;73463.0;23.0;73477.0;1.0;73478.0;10.0;73479.0;23.0;73471.0;-290.375
1;30239.0;73470.0;13.0;73469.0;20.0;0.0;0.0;73483.0;13.0;73484.0;20.0;0.0;0.0;73476.5;-379.5
1;30240.0;73464.0;12.0;73463.0;25.0;0.0;0.0;73477.0;12.0;73479.0;25.0;0.0;0.0;73470.5;-286.625
1;30241.0;73470.0;18.0;73469.0;24.0;0.0;0.0;73483.0;18.0;73484.0;24.0;0.0;0.0;73476.5;-378.25
1;30242.0;73470.0;3.0;73459.0;2.0;73458.0;17.0;73471.0;17.0;73472.0;23.0;0.0;0.0;73470.5;-173.5
1;30243.0;73457.0;1.0;73456.0;16.0;73454.0;22.0;73468.0;1.0;73469.0;16.0;73470.0;22.0;73462.5;-136.5
1;30244.0;73476.0;17.0;73475.0;20.0;0.0;0.0;73490.0;17.0;73491.0;20.0;0.0;0.0;73483.0;-505.375
1;30245.0;73482.0;1.0;73481.0;13.0;73480.0;26.0;73493.0;1.0;73494.0;13.0;73495.0;26.0;73487.5;-590.75
1;30246.0;73470.0;2.0;73469.0;18.0;73468.0;26.0;73482.0;2.0;73483.0;18.0;73484.0;26.0;73476.0;-381.875
1;30247.0;73483.0;2.0;73482.0;15.0;73480.0;20.0;73494.0;2.0;73495.0;15.0;73496.0;20.0;73488.5;-604.25
1;30248.0;73473.0;2.0;73472.0;13.0;73471.0;26.0;73478.0;8.0;73484.0;2.0;73485.0;13.0;73475.5;-430.0
1;30249.0;73481.0;12.0;73480.0;18.0;0.0;0.0;73495.0;12.0;73496.0;18.0;0.0;0.0;73488.0;-599.0
1;30250.0;73486.0;14.0;73485.0;23.0;0.0;0.0;73500.0;14.0;73501.0;23.0;0.0;0.0;73493.0;-691.0
1;30251.0;73502.0;1.0;73501.0;16.0;73500.0;15.0;73514.0;1.0;73515.0;16.0;73516.0;15.0;73508.0;-956.875
1;30252.0;73477.0;1.0;73476.0;15.0;73475.0;28.0;73488.0;1.0;73489.0;15.0;73490.0;28.0;73482.5;-501.375
1;30253.0;73472.0;2.0;73471.0;18.0;73470.0;20.0;73484.0;2.0;73485.0;18.0;73486.0;20.0;73478.0;-418.0
1;30254.0;73474.0;1.0;73473.0;11.0;73472.0;16.0;73479.0;1.0;73485.0;1.0;73486.0;11.0;73476.5;-444.0
1;30255.0;73489.0;2.0;73488.0;10.0;73487.0;30.0;73501.0;2.0;73502.0;10.0;73503.0;30.0;73495.0;-724.625
1;30256.0;73499.0;1.0;73498.0;19.0;73497.0;28.0;73510.0;1.0;73511.0;19.0;73512.0;28.0;73504.5;-894.875
1;30257.0;73504.0;11.0;73503.0;22.0;0.0;0.0;73517.0;11.0;73518.0;22.0;0.0;0.0;73510.5;-1003.25
1;30258.0;73508.0;1.0;73507.0;12.0;73505.0;18.0;73519.0;1.0;73520.0;12.0;73521.0;18.0;73513.5;-1054.5
1;30259.0;73525.0;2.0;73524.0;20.0;73523.0;17.0;73536.0;2.0;73538.0;20.0;73539.0;17.0;73530.5;-1370.25
1;30260.0;73534.0;2.0;73533.0;11.0;73532.0;19.0;73545.0;2.0;73546.0;11.0;73547.0;19.0;73539.5;-1527.0
1;30261.0;73547.0;10.0;73546.0;27.0;0.0;0.0;73560.0;10.0;73562.0;27.0;0.0;0.0;73553.5;-1782.5
1;30262.0;73557.0;1.0;73556.0;13.0;73555.0;27.0;73568.0;1.0;73569.0;13.0;73570.0;27.0;73562.5;-1938.25
1;30263.0;73563.0;2.0;73561.0;13.0;73560.0;30.0;73574.0;2.0;73575.0;13.0;73576.0;30.0;73568.5;-2042.75
1;30264.0;73557.0;1.0;73556.0;16.0;73554.0;20.0;73568.0;1.0;73569.0;16.0;73570.0;20.0;73562.5;-1937.375
1;30265.0;73570.0;5.0;73564.0;19.0;73563.0;15.0;73577.0;19.0;73579.0;15.0;0.0;0.0;73573.5;-2088.0
1;30266.0;73562.0;1.0;73561.0;16.0;73560.0;28.0;73574.0;1.0;73575.0;16.0;73576.0;28.0;73568.0;-2036.75
1;30267.0;73563.0;2.0;73562.0;15.0;73561.0;17.0;73574.0;2.0;73575.0;15.0;73576.0;17.0;73568.5;-2046.875
1;30268.0;73565.0;14.0;73564.0;16.0;0.0;0.0;73578.0;14.0;73579.0;16.0;0.0;0.0;73571.5;-2099.625
1;30269.0;73565.0;15.0;73564.0;20.0;0.0;0.0;73579.0;15.0;73580.0;20.0;0.0;0.0;73572.0;-2113.375
1;30270.0;73554.0;15.0;73553.0;16.0;0.0;0.0;73568.0;15.0;73569.0;16.0;0.0;0.0;73561.0;-1910.375
1;30271.0;73535.0;1.0;73534.0;11.0;73533.0;19.0;73547.0;1.0;73548.0;11.0;73549.0;19.0;73541.0;-1552.125
1;30272.0;73534.0;2.0;73533.0;16.0;73532.0;28.0;73545.0;2.0;73546.0;16.0;73547.0;28.0;73539.5;-1532.875
1;30273.0;73541.0;2.0;73540.0;15.0;73539.0;29.0;73553.0;2.0;73554.0;15.0;73555.0;29.0;73547.0;-1671.625
1;30274.0;73538.0;13.0;73537.0;28.0;0.0;0.0;73552.0;13.0;73553.0;28.0;0.0;0.0;73545.0;-1633.25
1;30275.0;73528.0;1.0;73527.0;17.0;73526.0;23.0;73540.0;1.0;73541.0;17.0;73542.0;23.0;73534.0;-1427.5
1;30276.0;73534.0;15.0;73533.0;18.0;0.0;0.0;73548.0;15.0;73549.0;18.0;0.0;0.0;73541.0;-1562.875
1;30277.0;73555.0;2.0;73554.0;18.0;73553.0;26.0;73566.0;2.0;73567.0;18.0;73569.0;26.0;73560.5;-1933.75
1;30278.0;73568.0;2.0;73567.0;18.0;73566.0;24.0;73580.0;2.0;73581.0;18.0;73582.0;24.0;73574.0;-2186.125
1;30279.0;73552.0;2.0;73551.0;17.0;73550.0;29.0;73563.0;2.0;73564.0;17.0;73566.0;29.0;73557.5;-1877.25
1;30280.0;73562.0;14.0;73560.0;20.0;0.0;0.0;73575.0;14.0;73576.0;20.0;0.0;0.0;73568.5;-2078.125
1;30281.0;73562.0;14.0;73561.0;20.0;0.0;0.0;73575.0;14.0;73576.0;20.0;0.0;0.0;73568.5;-2079.375
1;30282.0;73556.0;1.0;73555.0;10.0;73554.0;29.0;73567.0;1.0;73568.0;10.0;73570.0;29.0;73561.5;-1951.5
1;30283.0;73575.0;15.0;73573.0;18.0;0.0;0.0;73588.0;15.0;73589.0;18.0;0.0;0.0;73581.5;-2325.625
1;30284.0;73573.0;2.0;73572.0;11.0;73571.0;22.0;73585.0;2.0;73586.0;11.0;73587.0;22.0;73579.0;-2283.5
1;30285.0;73574.0;13.0;73573.0;25.0;0.0;0.0;73588.0;13.0;73589.0;25.0;0.0;0.0;73581.0;-2316.375
1;30286.0;73568.0;2.0;73567.0;16.0;73565.0;16.0;73579.0;2.0;73580.0;16.0;73581.0;16.0;73573.5;-2172.625
1;30287.0;73590.0;2.0;73589.0;12.0;73588.0;21.0;73601.0;2.0;73603.0;12.0;73604.0;21.0;73595.5;-2599.25
1;30288.0;73587.0;2.0;73586.0;11.0;73585.0;29.0;73599.0;2.0;73600.0;11.0;73601.0;29.0;73593.0;-2549.25
1;30289.0;73588.0;10.0;73587.0;26.0;0.0;0.0;73601.0;10.0;73602.0;26.0;0.0;0.0;73594.5;-2576.5
1;30290.0;73587.0;1.0;73586.0;14.0;73585.0;30.0;73599.0;1.0;73600.0;14.0;73601.0;30.0;73593.0;-2546.375
1;30291.0;73590.0;2.0;73589.0;16.0;73588.0;16.0;73601.0;2.0;73602.0;16.0;73603.0;16.0;73595.5;-2593.25
1;30292.0;73593.0;15.0;73592.0;18.0;0.0;0.0;73606.0;15.0;73608.0;18.0;0.0;0.0;73599.5;-2675.125
1;30293.0;73594.0;1.0;73593.0;18.0;73592.0;19.0;73605.0;1.0;73607.0;18.0;73608.0;19.0;73599.5;-2675.5
1;30294.0;73624.0;1.0;73623.0;15.0;73622.0;25.0;73635.0;1.0;73636.0;15.0;73637.0;25.0;73629.5;-3242.375
1;30295.0;73608.0;2.0;73607.0;11.0;73605.0;21.0;73619.0;2.0;73620.0;11.0;73621.0;21.0;73613.5;-2933.0
1;30296.0;73624.0;19.0;73623.0;28.0;0.0;0.0;73638.0;19.0;73639.0;28.0;0.0;0.0;73631.0;-3269.625
1;30297.0;73629.0;1.0;73628.0;13.0;73627.0;28.0;73640.0;1.0;73641.0;13.0;73642.0;28.0;73634.5;-3335.625
1;30298.0;73615.0;1.0;73614.0;17.0;73612.0;19.0;73626.0;1.0;73627.0;17.0;73628.0;19.0;73620.5;-3066.25
1;30299.0;73631.0;15.0;73630.0;23.0;0.0;0.0;73644.0;15.0;73646.0;23.0;0.0;0.0;73637.5;-3396.5
1;30300.0;73645.0;2.0;73644.0;10.0;73643.0;30.0;73656.0;2.0;73657.0;10.0;73658.0;30.0;73650.5;-3637.375
1;30301.0;73654.0;2.0;73653.0;19.0;73652.0;15.0;73659.0;2.0;73665.0;2.0;73666.0;19.0;73656.5;-3814.0
1;30302.0;73654.0;1.0;73653.0;16.0;73652.0;24.0;73666.0;1.0;73667.0;16.0;73668.0;24.0;73660.0;-3821.875
1;30303.0;73668.0;2.0;73666.0;19.0;73665.0;27.0;73679.0;2.0;73680.0;19.0;73681.0;27.0;73673.5;-4099.25
1;30304.0;73641.0;2.0;73639.0;15.0;73638.0;29.0;73652.0;2.0;73653.0;15.0;73654.0;29.0;73646.5;-3533.25
1;30305.0;73657.0;2.0;73651.0;18.0;73649.0;25.0;73664.0;18.0;73665.0;25.0;0.0;0.0;73660.5;-3764.625
1;30306.0;73654.0;2.0;73653.0;12.0;73652.0;17.0;73665.0;2.0;73667.0;12.0;73668.0;17.0;73659.5;-3818.75
1;30307.0;73649.0;2.0;73648.0;13.0;73647.0;15.0;73660.0;2.0;73661.0;13.0;73663.0;15.0;73654.5;-3710.5
1;30308.0;73656.0;2.0;73655.0;17.0;73654.0;22.0;73667.0;2.0;73668.0;17.0;73670.0;22.0;73661.5;-3857.875
1;30309.0;73653.0;2.0;73652.0;15.0;73651.0;21.0;73664.0;2.0;73665.0;15.0;73667.0;21.0;73658.5;-3793.75
1;30310.0;73674.0;17.0;73673.0;23.0;0.0;0.0;73687.0;17.0;73689.0;23.0;0.0;0.0;73680.5;-4255.5
1;30311.0;73668.0;2.0;73667.0;18.0;73666.0;27.0;73679.0;2.0;73680.0;18.0;73682.0;27.0;73673.5;-4108.5
1;30312.0;73663.0;15.0;73662.0;30.0;0.0;0.0;73670.0;4.0;73677.0;15.0;73678.0;30.0;73666.5;-4035.25
1;30313.0;73653.0;1.0;73652.0;18.0;73651.0;22.0;73664.0;1.0;73666.0;18.0;73667.0;22.0;73658.5;-3796.125
1;30314.0;73652.0;2.0;73651.0;16.0;73650.0;22.0;73664.0;2.0;73665.0;16.0;73666.0;22.0;73658.0;-3782.0
1;30315.0;73658.0;14.0;73657.0;22.0;0.0;0.0;73672.0;14.0;73673.0;22.0;0.0;0.0;73665.0;-3927.625
1;30316.0;73658.0;1.0;73657.0;20.0;73656.0;25.0;73670.0;1.0;73671.0;20.0;73672.0;25.0;73664.0;-3904.75
1;30317.0;73662.0;14.0;73661.0;19.0;0.0;0.0;73675.0;14.0;73676.0;19.0;0.0;0.0;73668.5;-4002.75
1;30318.0;73675.0;15.0;73674.0;18.0;0.0;0.0;73689.0;15.0;73690.0;18.0;0.0;0.0;73682.0;-4285.75
1;30319.0;73682.0;2.0;73681.0;11.0;73680.0;26.0;73693.0;2.0;73694.0;11.0;73695.0;26.0;73687.5;-4400.375
1;30320.0;73695.0;2.0;73694.0;19.0;73692.0;15.0;73706.0;2.0;73707.0;19.0;73708.0;15.0;73700.5;-4667.625
1;30321.0;73695.0;2.0;73694.0;10.0;73693.0;24.0;73706.0;2.0;73707.0;10.0;73708.0;24.0;73700.5;-4674.0
1;30322.0;73673.0;20.0;73672.0;30.0;0.0;0.0;73687.0;20.0;73688.0;30.0;0.0;0.0;73680.0;-4244.125
1;30323.0;73663.0;1.0;73662.0;19.0;73661.0;26.0;73675.0;1.0;73676.0;19.0;73677.0;26.0;73669.0;-4009.875
1;30324.0;73638.0;2.0;73637.0;20.0;73636.0;29.0;73650.0;2.0;73651.0;20.0;73652.0;29.0;73644.0;-3488.625
1;30325.0;73637.0;16.0;73636.0;27.0;0.0;0.0;73643.0;1.0;73651.0;16.0;73652.0;27.0;73640.0;-3482.5
1;30326.0;73637.0;2.0;73636.0;18.0;73635.0;27.0;73649.0;2.0;73650.0;18.0;73651.0;27.0;73643.0;-3463.875
1;30327.0;73615.0;2.0;73614.0;13.0;73613.0;20.0;73626.0;2.0;73627.0;13.0;73628.0;20.0;73620.5;-2994.5
1;30328.0;73609.0;2.0;73608.0;16.0;73607.0;25.0;73614.0;1.0;73620.0;2.0;73621.0;16.0;73611.5;-2870.875
1;30329.0;73591.0;14.0;73590.0;29.0;0.0;0.0;73605.0;14.0;73606.0;29.0;0.0;0.0;73598.0;-2520.0
1;30330.0;73590.0;1.0;73589.0;16.0;73588.0;15.0;73596.0;1.0;73602.0;1.0;73603.0;16.0;73593.0;-2481.0
1;30331.0;73600.0;16.0;73599.0;18.0;0.0;0.0;73613.0;16.0;73614.0;18.0;0.0;0.0;73606.5;-2699.5
1;30332.0;73587.0;1.0;73586.0;17.0;73584.0;24.0;73598.0;1.0;73599.0;17.0;73600.0;24.0;73592.5;-2401.0
1;30333.0;73599.0;1.0;73598.0;20.0;73597.0;18.0;73610.0;1.0;73611.0;20.0;73613.0;18.0;73604.5;-2660.625
1;30334.0;73609.0;1.0;73607.0;19.0;73606.0;23.0;73620.0;1.0;73621.0;19.0;73622.0;23.0;73614.5;-2860.875
1;30335.0;73608.0;12.0;73607.0;22.0;0.0;0.0;73621.0;12.0;73622.0;22.0;0.0;0.0;73614.5;-2865.5
1;30336.0;73606.0;2.0;73604.0;11.0;73603.0;20.0;73617.0;2.0;73618.0;11.0;73619.0;20.0;73611.5;-2797.375
1;30337.0;73610.0;18.0;73609.0;20.0;0.0;0.0;73616.0;2.0;73623.0;18.0;73624.0;20.0;73613.0;-2906.5
1;30338.0;73611.0;1.0;73610.0;16.0;73609.0;15.0;73622.0;1.0;73623.0;16.0;73624.0;15.0;73616.5;-2911.125
1;30339.0;73616.0;10.0;73615.0;22.0;0.0;0.0;73629.0;10.0;73630.0;22.0;0.0;0.0;73622.5;-3034.375
1;30340.0;73618.0;1.0;73617.0;15.0;73616.0;24.0;73630.0;1.0;73631.0;15.0;73632.0;24.0;73624.0;-3066.0
1;30341.0;73605.0;2.0;73604.0;20.0;73603.0;19.0;73617.0;2.0;73618.0;20.0;73619.0;19.0;73611.0;-2792.625
1;30342.0;73588.0;2.0;73586.0;11.0;73585.0;15.0;73599.0;2.0;73600.0;11.0;73601.0;15.0;73593.5;-2418.25
1;30343.0;73608.0;2.0;73607.0;14.0;73606.0;20.0;73619.0;2.0;73620.0;14.0;73621.0;20.0;73613.5;-2846.75
1;30344.0;73614.0;1.0;73613.0;17.0;73612.0;15.0;73625.0;1.0;73627.0;17.0;73628.0;15.0;73619.5;-2978.5
1;30345.0;73621.0;2.0;73620.0;16.0;73618.0;16.0;73632.0;2.0;73633.0;16.0;73634.0;16.0;73626.5;-3115.5
1;30346.0;73622.0;2.0;73621.0;20.0;73620.0;24.0;73634.0;2.0;73635.0;20.0;73636.0;24.0;73628.0;-3150.875
1;30347.0;73624.0;11.0;73623.0;18.0;0.0;0.0;73637.0;11.0;73638.0;18.0;0.0;0.0;73630.5;-3200.5
1;30348.0;73628.0;2.0;73627.0;14.0;73626.0;29.0;73639.0;2.0;73640.0;14.0;73641.0;29.0;73633.5;-3264.875
1;30349.0;73618.0;2.0;73617.0;16.0;73616.0;26.0;73629.0;2.0;73630.0;16.0;73631.0;26.0;73623.5;-3055.5
1;30350.0;73601.0;10.0;73600.0;16.0;0.0;0.0;73615.0;10.0;73616.0;16.0;0.0;0.0;73608.0;-2734.125
1;30351.0;73594.0;14.0;73593.0;21.0;0.0;0.0;73600.0;1.0;73607.0;14.0;73608.0;21.0;73597.0;-2574.25
1;30352.0;73590.0;2.0;73589.0;17.0;73588.0;27.0;73601.0;2.0;73602.0;17.0;73603.0;27.0;73595.5;-2464.875
1;30353.0;73602.0;13.0;73601.0;25.0;0.0;0.0;73616.0;13.0;73617.0;25.0;0.0;0.0;73609.0;-2747.75
1;30354.0;73616.0;1.0;73615.0;11.0;73614.0;27.0;73628.0;1.0;73629.0;11.0;73630.0;27.0;73622.0;-3022.75
1;30355.0;73615.0;2.0;73614.0;20.0;73613.0;23.0;73627.0;2.0;73628.0;20.0;73629.0;23.0;73621.0;-3000.0
1;30356.0;73612.0;2.0;73611.0;20.0;73610.0;26.0;73623.0;2.0;73624.0;20.0;73625.0;26.0;73617.5;-2926.875
1;30357.0;73617.0;1.0;73616.0;19.0;73615.0;26.0;73628.0;1.0;73629.0;19.0;73630.0;26.0;73622.5;-3037.125
1;30358.0;73632.0;2.0;73631.0;13.0;73630.0;27.0;73643.0;2.0;73644.0;13.0;73645.0;27.0;73637.5;-3348.0
1;30359.0;73627.0;7.0;73621.0;2.0;73620.0;14.0;73633.0;2.0;73634.0;14.0;73635.0;18.0;73630.0;-3129.5
1;30360.0;73635.0;2.0;73634.0;19.0;73633.0;16.0;73647.0;2.0;73648.0;19.0;73649.0;16.0;73641.0;-3421.75
1;30361.0;73644.0;10.0;73643.0;26.0;0.0;0.0;73658.0;10.0;73659.0;26.0;0.0;0.0;73651.0;-3636.5
1;30362.0;73633.0;2.0;73632.0;20.0;73631.0;26.0;73644.0;2.0;73645.0;20.0;73646.0;26.0;73638.5;-3371.625
1;30363.0;73639.0;1.0;73638.0;16.0;73637.0;26.0;73650.0;1.0;73651.0;16.0;73652.0;26.0;73644.5;-3498.0
1;30364.0;73640.0;1.0;73639.0;10.0;73638.0;23.0;73651.0;1.0;73652.0;10.0;73653.0;23.0;73645.5;-3516.5
1;30365.0;73635.0;1.0;73634.0;16.0;73633.0;23.0;73646.0;1.0;73647.0;16.0;73648.0;23.0;73640.5;-3415.125
1;30366.0;73622.0;2.0;73621.0;16.0;73620.0;22.0;73633.0;2.0;73635.0;16.0;73636.0;22.0;73627.5;-3144.75
1;30367.0;73636.0;1.0;73635.0;12.0;73634.0;27.0;73647.0;1.0;73648.0;12.0;73649.0;27.0;73641.5;-3433.625
1;30368.0;73640.0;1.0;73639.0;19.0;73638.0;24.0;73652.0;1.0;73653.0;19.0;73654.0;24.0;73646.0;-3528.125
1;30369.0;73656.0;2.0;73655.0;14.0;73654.0;20.0;73668.0;2.0;73669.0;14.0;73670.0;20.0;73662.0;-3862.375
1;30370.0;73664.0;16.0;73663.0;28.0;0.0;0.0;73677.0;16.0;73679.0;28.0;0.0;0.0;73670.5;-4046.625
1;30371.0;73661.0;2.0;73660.0;11.0;73659.0;20.0;73672.0;2.0;73673.0;11.0;73674.0;20.0;73666.5;-3958.125
1;30372.0;73665.0;15.0;73664.0;18.0;0.0;0.0;73671.0;5.0;73679.0;15.0;73680.0;18.0;73668.0;-4068.875
1;30373.0;73681.0;2.0;73680.0;15.0;73679.0;29.0;73692.0;2.0;73693.0;15.0;73694.0;29.0;73686.5;-4378.875
1;30374.0;73684.0;1.0;73683.0;16.0;73682.0;24.0;73695.0;1.0;73696.0;16.0;73697.0;24.0;73689.5;-4443.0
1;30375.0;73695.0;4.0;73683.0;13.0;73682.0;17.0;73696.0;13.0;73697.0;17.0;0.0;0.0;73695.5;-4438.75
1;30376.0;73685.0;1.0;73683.0;14.0;73682.0;15.0;73696.0;1.0;73697.0;14.0;73698.0;15.0;73690.5;-4438.5
1;30377.0;73676.0;1.0;73674.0;19.0;73673.0;26.0;73687.0;1.0;73688.0;19.0;73689.0;26.0;73681.5;-4212.625
1;30378.0;73677.0;4.0;73670.0;10.0;73669.0;28.0;73684.0;10.0;73685.0;28.0;0.0;0.0;73680.5;-4110.5
1;30379.0;73659.0;2.0;73658.0;16.0;73657.0;16.0;73670.0;2.0;73671.0;16.0;73672.0;16.0;73664.5;-3792.75
1;30380.0;73656.0;2.0;73655.0;20.0;73654.0;25.0;73668.0;2.0;73669.0;20.0;73670.0;25.0;73662.0;-3733.125
1;30381.0;73663.0;20.0;73662.0;23.0;0.0;0.0;73676.0;20.0;73677.0;23.0;0.0;0.0;73669.5;-3921.0
1;30382.0;73661.0;1.0;73660.0;10.0;73658.0;17.0;73672.0;1.0;73673.0;10.0;73674.0;17.0;73666.5;-3839.375
1;30383.0;73664.0;2.0;73662.0;16.0;73661.0;29.0;73675.0;2.0;73676.0;16.0;73677.0;29.0;73669.5;-3913.25
1;30384.0;73666.0;15.0;73665.0;25.0;0.0;0.0;73680.0;15.0;73681.0;25.0;0.0;0.0;73673.0;-4002.5
1;30385.0;73674.0;2.0;73673.0;18.0;73672.0;19.0;73685.0;2.0;73686.0;18.0;73687.0;19.0;73679.5;-4167.375
1;30386.0;73658.0;2.0;73657.0;18.0;73656.0;27.0;73669.0;2.0;73670.0;18.0;73672.0;27.0;73663.5;-3773.25
1;30387.0;73669.0;2.0;73668.0;13.0;73667.0;15.0;73680.0;2.0;73681.0;13.0;73682.0;15.0;73674.5;-4046.875
1;30388.0;73691.0;2.0;73690.0;10.0;73689.0;17.0;73703.0;2.0;73704.0;10.0;73705.0;17.0;73697.0;-4608.0
1;30389.0;73716.0;2.0;73714.0;10.0;73713.0;24.0;73727.0;2.0;73728.0;10.0;73729.0;24.0;73721.5;-5211.75
1;30390.0;73710.0;8.0;73705.0;2.0;73704.0;18.0;73716.0;2.0;73717.0;18.0;73718.0;16.0;73713.0;-4945.625
1;30391.0;73714.0;1.0;73713.0;15.0;73712.0;24.0;73725.0;1.0;73726.0;15.0;73727.0;24.0;73719.5;-5167.125
1;30392.0;73735.0;2.0;73734.0;16.0;73733.0;28.0;73747.0;2.0;73748.0;16.0;73749.0;28.0;73741.0;-5708.125
1;30393.0;73728.0;15.0;73727.0;28.0;0.0;0.0;73741.0;15.0;73742.0;28.0;0.0;0.0;73734.5;-5542.0
1;30394.0;73733.0;11.0;73732.0;26.0;0.0;0.0;73747.0;11.0;73748.0;26.0;0.0;0.0;73740.0;-5798.5
1;30395.0;73739.0;7.0;73733.0;11.0;73732.0;23.0;73746.0;11.0;73747.0;23.0;0.0;0.0;73742.5;-5781.5
1;30396.0;73738.0;19.0;73737.0;19.0;0.0;0.0;73751.0;19.0;73753.0;19.0;0.0;0.0;73744.5;-5967.75
1;30397.0;73729.0;1.0;73728.0;19.0;73726.0;22.0;73740.0;1.0;73741.0;19.0;73742.0;22.0;73734.5;-5603.75
1;30398.0;73750.0;1.0;73749.0;11.0;73748.0;27.0;73761.0;1.0;73762.0;11.0;73763.0;27.0;73755.5;-6348.0
1;30399.0;73750.0;2.0;73749.0;13.0;73748.0;17.0;73762.0;2.0;73763.0;13.0;73764.0;17.0;73756.0;-6360.25
1;30400.0;73765.0;1.0;73763.0;19.0;73762.0;17.0;73776.0;1.0;73777.0;19.0;73778.0;17.0;73770.5;-6858.0
1;30401.0;73758.0;1.0;73757.0;19.0;73756.0;19.0;73769.0;1.0;73770.0;19.0;73771.0;19.0;73763.5;-6627.75
1;30402.0;73759.0;19.0;73758.0;17.0;0.0;0.0;73772.0;19.0;73774.0;17.0;0.0;0.0;73765.5;-6699.25
1;30403.0;73757.0;1.0;73756.0;16.0;73755.0;16.0;73769.0;1.0;73770.0;16.0;73771.0;16.0;73763.0;-6602.5
1;30404.0;73762.0;1.0;73761.0;20.0;73760.0;25.0;73773.0;1.0;73774.0;20.0;73775.0;25.0;73767.5;-6765.25
1;30405.0;73763.0;2.0;73762.0;20.0;73761.0;25.0;73775.0;2.0;73776.0;20.0;73777.0;25.0;73769.0;-6813.25
1;30406.0;73769.0;1.0;73768.0;14.0;73767.0;27.0;73780.0;1.0;73782.0;14.0;73783.0;27.0;73774.5;-7018.5
1;30407.0;73771.0;12.0;73770.0;26.0;0.0;0.0;73784.0;12.0;73785.0;26.0;0.0;0.0;73777.5;-7111.5
1;30408.0;73768.0;1.0;73767.0;15.0;73766.0;23.0;73779.0;1.0;73780.0;15.0;73781.0;23.0;73773.5;-6977.0
1;30409.0;73760.0;18.0;73758.0;29.0;0.0;0.0;73773.0;18.0;73774.0;29.0;0.0;0.0;73766.5;-6721.5
1;30410.0;73760.0;16.0;73759.0;27.0;0.0;0.0;73773.0;16.0;73774.0;27.0;0.0;0.0;73766.5;-6730.25
1;30411.0;73764.0;1.0;73763.0;16.0;73762.0;22.0;73775.0;1.0;73777.0;16.0;73778.0;22.0;73769.5;-6844.25
1;30412.0;73764.0;2.0;73763.0;19.0;73762.0;22.0;73776.0;2.0;73777.0;19.0;73778.0;22.0;73770.0;-6849.25
1;30413.0;73750.0;19.0;73749.0;17.0;0.0;0.0;73763.0;19.0;73764.0;17.0;0.0;0.0;73756.5;-6380.25
1;30414.0;73730.0;20.0;73729.0;29.0;0.0;0.0;73743.0;20.0;73744.0;29.0;0.0;0.0;73736.5;-5413.75
1;30415.0;73731.0;1.0;73730.0;19.0;73729.0;27.0;73743.0;1.0;73744.0;19.0;73745.0;27.0;73737.0;-5437.75
1;30416.0;73722.0;2.0;73721.0;16.0;73719.0;16.0;73733.0;2.0;73734.0;16.0;73735.0;16.0;73727.5;-5001.0
1;30417.0;73725.0;13.0;73724.0;16.0;0.0;0.0;73738.0;13.0;73739.0;16.0;0.0;0.0;73731.5;-5192.25
1;30418.0;73732.0;19.0;73731.0;23.0;0.0;0.0;73745.0;19.0;73746.0;23.0;0.0;0.0;73738.5;-5503.75
1;30419.0;73743.0;1.0;73742.0;19.0;73741.0;26.0;73754.0;1.0;73755.0;19.0;73757.0;26.0;73748.5;-5963.25
1;30420.0;73750.0;16.0;73749.0;27.0;0.0;0.0;73764.0;16.0;73765.0;27.0;0.0;0.0;73757.0;-6332.0
1;30421.0;73728.0;1.0;73727.0;11.0;73726.0;30.0;73739.0;1.0;73740.0;11.0;73742.0;30.0;73733.5;-5289.25
1;30422.0;73728.0;15.0;73727.0;18.0;0.0;0.0;73741.0;15.0;73742.0;18.0;0.0;0.0;73734.5;-5320.75
1;30423.0;73710.0;19.0;73708.0;30.0;0.0;0.0;73723.0;19.0;73724.0;30.0;0.0;0.0;73716.5;-4504.0
1;30424.0;73721.0;2.0;73720.0;15.0;73719.0;19.0;73733.0;2.0;73734.0;15.0;73735.0;19.0;73727.0;-4991.25
1;30425.0;73711.0;2.0;73710.0;16.0;73709.0;26.0;73722.0;2.0;73724.0;16.0;73725.0;26.0;73716.5;-4527.25
1;30426.0;73706.0;13.0;73705.0;25.0;0.0;0.0;73719.0;13.0;73721.0;25.0;0.0;0.0;73712.5;-4324.0
1;30427.0;73698.0;16.0;73697.0;17.0;0.0;0.0;73712.0;16.0;73713.0;17.0;0.0;0.0;73705.0;-3971.5
1;30428.0;73699.0;1.0;73698.0;13.0;73696.0;19.0;73710.0;1.0;73711.0;13.0;73712.0;19.0;73704.5;-3933.0
1;30429.0;73686.0;17.0;73685.0;21.0;0.0;0.0;73700.0;17.0;73701.0;21.0;0.0;0.0;73693.0;-3397.25
1;30430.0;73683.0;17.0;73682.0;15.0;0.0;0.0;73697.0;17.0;73698.0;15.0;0.0;0.0;73690.0;-3250.25
1;30431.0;73684.0;1.0;73683.0;17.0;73681.0;17.0;73695.0;1.0;73696.0;17.0;73697.0;17.0;73689.5;-3225.75
1;30432.0;73680.0;1.0;73679.0;13.0;73678.0;24.0;73685.0;7.0;73691.0;1.0;73692.0;13.0;73682.5;-3050.5
1;30433.0;73687.0;2.0;73686.0;13.0;73685.0;24.0;73698.0;2.0;73699.0;13.0;73700.0;24.0;73692.5;-3379.25
1;30434.0;73694.0;17.0;73693.0;22.0;0.0;0.0;73708.0;17.0;73709.0;22.0;0.0;0.0;73701.0;-3777.25
1;30435.0;73688.0;2.0;73687.0;15.0;73686.0;19.0;73700.0;2.0;73701.0;15.0;73702.0;19.0;73694.0;-3445.25
1;30436.0;73683.0;1.0;73682.0;13.0;73681.0;24.0;73695.0;1.0;73696.0;13.0;73697.0;24.0;73689.0;-3211.0
1;30437.0;73703.0;3.0;73691.0;11.0;73690.0;18.0;73704.0;11.0;73705.0;18.0;0.0;0.0;73703.5;-3605.25
1;30438.0;73706.0;1.0;73705.0;18.0;73704.0;30.0;73717.0;1.0;73718.0;18.0;73720.0;30.0;73711.5;-4277.25
1;30439.0;73711.0;1.0;73710.0;17.0;73709.0;23.0;73723.0;1.0;73724.0;17.0;73725.0;23.0;73717.0;-4532.5
1;30440.0;73717.0;2.0;73716.0;11.0;73715.0;15.0;73728.0;2.0;73729.0;11.0;73730.0;15.0;73722.5;-4790.25
1;30441.0;73705.0;2.0;73704.0;16.0;73703.0;16.0;73716.0;2.0;73717.0;16.0;73718.0;16.0;73710.5;-4224.75
1;30442.0;73701.0;2.0;73700.0;13.0;73699.0;28.0;73712.0;2.0;73714.0;13.0;73715.0;28.0;73706.5;-4046.75
1;30443.0;73697.0;14.0;73696.0;29.0;0.0;0.0;73711.0;14.0;73712.0;29.0;0.0;0.0;73704.0;-3889.25
1;30444.0;73673.0;2.0;73672.0;10.0;73671.0;27.0;73685.0;2.0;73686.0;10.0;73687.0;27.0;73679.0;-2681.5
1;30445.0;73672.0;1.0;73671.0;13.0;73670.0;16.0;73683.0;1.0;73684.0;13.0;73685.0;16.0;73677.5;-2596.5
1;30446.0;73669.0;14.0;73668.0;28.0;0.0;0.0;73682.0;14.0;73684.0;28.0;0.0;0.0;73675.5;-2511.25
1;30447.0;73676.0;4.0;73664.0;1.0;73663.0;20.0;73677.0;20.0;73678.0;23.0;0.0;0.0;73676.5;-2234.25
1;30448.0;73682.0;2.0;73681.0;13.0;73680.0;25.0;73693.0;2.0;73695.0;13.0;73696.0;25.0;73687.5;-3167.25
1;30449.0;73675.0;10.0;73674.0;24.0;0.0;0.0;73689.0;10.0;73690.0;24.0;0.0;0.0;73682.0;-2855.5
1;30450.0;73698.0;6.0;73693.0;2.0;73692.0;20.0;73704.0;2.0;73705.0;20.0;73707.0;24.0;73701.0;-3941.0
1;30451.0;73693.0;1.0;73692.0;19.0;73691.0;16.0;73705.0;1.0;73706.0;19.0;73707.0;16.0;73699.0;-3968.5
1;30452.0;73683.0;20.0;73682.0;16.0;0.0;0.0;73697.0;20.0;73698.0;16.0;0.0;0.0;73690.0;-3417.0
1;30453.0;73680.0;8.0;73675.0;1.0;73673.0;13.0;73686.0;1.0;73687.0;13.0;73688.0;19.0;73683.0;-2796.5
1;30454.0;73677.0;15.0;73676.0;25.0;0.0;0.0;73691.0;15.0;73692.0;25.0;0.0;0.0;73684.0;-3044.5
1;30455.0;73693.0;17.0;73692.0;28.0;0.0;0.0;73707.0;17.0;73708.0;28.0;0.0;0.0;73700.0;-4069.5
1;30456.0;73703.0;1.0;73701.0;12.0;73700.0;29.0;73714.0;1.0;73715.0;12.0;73716.0;29.0;73708.5;-4617.5
1;30457.0;73687.0;1.0;73686.0;16.0;73685.0;28.0;73692.0;4.0;73698.0;1.0;73699.0;16.0;73689.5;-3567.5
1;30458.0;73709.0;2.0;73707.0;11.0;73706.0;29.0;73720.0;2.0;73721.0;11.0;73722.0;29.0;73714.5;-5018.5
1;30459.0;73709.0;2.0;73707.0;17.0;73706.0;15.0;73720.0;2.0;73721.0;17.0;73722.0;15.0;73714.5;-5023.0
1;30460.0;73709.0;1.0;73708.0;16.0;73707.0;15.0;73720.0;1.0;73721.0;16.0;73722.0;15.0;73714.5;-5038.0
1;30461.0;73715.0;16.0;73714.0;30.0;0.0;0.0;73729.0;16.0;73730.0;30.0;0.0;0.0;73722.0;-5557.0
1;30462.0;73704.0;13.0;73703.0;27.0;0.0;0.0;73718.0;13.0;73719.0;27.0;0.0;0.0;73711.0;-4807.0
1;30463.0;73713.0;15.0;73712.0;19.0;0.0;0.0;73727.0;15.0;73728.0;19.0;0.0;0.0;73720.0;-5410.0
1;30464.0;73725.0;2.0;73724.0;11.0;73722.0;21.0;73736.0;2.0;73737.0;11.0;73738.0;21.0;73730.5;-6099.0
1;30465.0;73723.0;12.0;73722.0;28.0;0.0;0.0;73737.0;12.0;73738.0;28.0;0.0;0.0;73730.0;-6072.0
1;30466.0;73735.0;1.0;73734.0;20.0;73733.0;20.0;73746.0;1.0;73747.0;20.0;73749.0;20.0;73740.5;-6794.0
1;30467.0;73723.0;20.0;73722.0;21.0;0.0;0.0;73736.0;20.0;73737.0;21.0;0.0;0.0;73729.5;-6045.0
1;30468.0;73718.0;1.0;73717.0;14.0;73716.0;21.0;73730.0;1.0;73731.0;14.0;73732.0;21.0;73724.0;-5676.0
1;30469.0;73726.0;3.0;73720.0;12.0;73718.0;29.0;73733.0;12.0;73734.0;29.0;0.0;0.0;73729.5;-5832.0
1;30470.0;73710.0;1.0;73709.0;17.0;73708.0;27.0;73722.0;1.0;73723.0;17.0;73724.0;27.0;73716.0;-5144.5
1;30471.0;73708.0;1.0;73706.0;20.0;73705.0;16.0;73719.0;1.0;73720.0;20.0;73721.0;16.0;73713.5;-4957.5
1;30472.0;73692.0;15.0;73691.0;30.0;0.0;0.0;73706.0;15.0;73707.0;30.0;0.0;0.0;73699.0;-3995.0
1;30473.0;73704.0;2.0;73703.0;19.0;73702.0;27.0;73715.0;2.0;73716.0;19.0;73717.0;27.0;73709.5;-4714.0
1;30474.0;73686.0;19.0;73685.0;22.0;0.0;0.0;73692.0;3.0;73699.0;19.0;73701.0;22.0;73689.0;-3578.5
1;30475.0;73697.0;20.0;73695.0;29.0;0.0;0.0;73710.0;20.0;73711.0;29.0;0.0;0.0;73703.5;-4292.0
1;30476.0;73711.0;7.0;73705.0;1.0;73704.0;11.0;73717.0;1.0;73718.0;11.0;73719.0;17.0;73714.0;-4807.5
1;30477.0;73699.0;15.0;73698.0;29.0;0.0;0.0;73713.0;15.0;73714.0;29.0;0.0;0.0;73706.0;-4464.5
1;30478.0;73710.0;15.0;73709.0;22.0;0.0;0.0;73724.0;15.0;73725.0;22.0;0.0;0.0;73717.0;-5216.0
1;30479.0;73715.0;20.0;73714.0;25.0;0.0;0.0;73728.0;20.0;73730.0;25.0;0.0;0.0;73721.5;-5522.5
1;30480.0;73721.0;14.0;73719.0;28.0;0.0;0.0;73734.0;14.0;73735.0;28.0;0.0;0.0;73727.5;-5902.5
1;30481.0;73710.0;1.0;73709.0;20.0;73708.0;17.0;73721.0;1.0;73722.0;20.0;73724.0;17.0;73715.5;-5123.0
1;30482.0;73705.0;1.0;73704.0;12.0;73702.0;20.0;73716.0;1.0;73717.0;12.0;73718.0;20.0;73710.5;-4763.5
1;30483.0;73688.0;1.0;73687.0;16.0;73686.0;24.0;73699.0;1.0;73700.0;16.0;73701.0;24.0;73693.5;-3642.5
1;30484.0;73699.0;1.0;73698.0;17.0;73697.0;23.0;73710.0;1.0;73711.0;17.0;73712.0;23.0;73704.5;-4377.5
1;30485.0;73685.0;2.0;73683.0;20.0;73682.0;15.0;73696.0;2.0;73697.0;20.0;73698.0;15.0;73690.5;-3415.0
1;30486.0;73680.0;19.0;73679.0;29.0;0.0;0.0;73693.0;19.0;73695.0;29.0;0.0;0.0;73686.5;-3174.5
1;30487.0;73688.0;4.0;73683.0;1.0;73682.0;18.0;73694.0;1.0;73696.0;18.0;73697.0;25.0;73691.0;-3317.0
1;30488.0;73676.0;1.0;73675.0;13.0;73674.0;19.0;73687.0;1.0;73688.0;13.0;73689.0;19.0;73681.5;-2838.0
1;30489.0;73673.0;1.0;73672.0;19.0;73671.0;26.0;73684.0;1.0;73685.0;19.0;73686.0;26.0;73678.5;-2635.5
1;30490.0;73693.0;13.0;73692.0;16.0;0.0;0.0;73706.0;13.0;73707.0;16.0;0.0;0.0;73699.5;-4029.5
1;30491.0;73682.0;1.0;73680.0;19.0;73679.0;27.0;73693.0;1.0;73694.0;19.0;73695.0;27.0;73687.5;-3210.0
1;30492.0;73681.0;19.0;73680.0;16.0;0.0;0.0;73695.0;19.0;73696.0;16.0;0.0;0.0;73688.0;-3253.5
1;30493.0;73649.0;1.0;73648.0;19.0;73647.0;25.0;73660.0;1.0;73661.0;19.0;73662.0;25.0;73654.5;-1023.0
1;30494.0;73656.0;16.0;73655.0;21.0;0.0;0.0;73669.0;16.0;73671.0;21.0;0.0;0.0;73662.5;-1566.0
1;30495.0;73649.0;1.0;73648.0;14.0;73646.0;15.0;73660.0;1.0;73661.0;14.0;73662.0;15.0;73654.5;-1005.0
1;30496.0;73655.0;1.0;73654.0;11.0;73653.0;15.0;73666.0;1.0;73667.0;11.0;73668.0;15.0;73660.5;-1425.0
1;30497.0;73649.0;2.0;73648.0;15.0;73646.0;21.0;73654.0;1.0;73660.0;2.0;73661.0;15.0;73651.5;-1009.5
1;30498.0;73644.0;15.0;73643.0;17.0;0.0;0.0;73658.0;15.0;73659.0;17.0;0.0;0.0;73651.0;-788.5
1;30499.0;73647.0;15.0;73645.0;30.0;0.0;0.0;73660.0;15.0;73661.0;30.0;0.0;0.0;73653.5;-939.5
1;30500.0;73662.0;1.0;73661.0;16.0;73660.0;24.0;73667.0;3.0;73673.0;1.0;73674.0;16.0;73664.5;-1907.0
1;30501.0;73666.0;2.0;73665.0;16.0;73664.0;20.0;73677.0;2.0;73678.0;16.0;73679.0;20.0;73671.5;-2160.0
1;30502.0;73674.0;2.0;73673.0;12.0;73672.0;24.0;73685.0;2.0;73686.0;12.0;73688.0;24.0;73679.5;-2708.0
1;30503.0;73673.0;7.0;73668.0;1.0;73667.0;14.0;73679.0;1.0;73680.0;14.0;73681.0;28.0;73676.0;-2284.5
1;30504.0;73651.0;11.0;73649.0;29.0;0.0;0.0;73664.0;11.0;73665.0;29.0;0.0;0.0;73657.5;-1210.5
1;30505.0;73658.0;2.0;73657.0;18.0;73656.0;23.0;73669.0;2.0;73670.0;18.0;73671.0;23.0;73663.5;-1626.0
1;30506.0;73663.0;1.0;73662.0;18.0;73661.0;19.0;73674.0;1.0;73675.0;18.0;73676.0;19.0;73668.5;-1962.0
1;30507.0;73661.0;2.0;73660.0;11.0;73659.0;30.0;73673.0;2.0;73674.0;11.0;73675.0;30.0;73667.0;-1865.0
1;30508.0;73663.0;11.0;73662.0;15.0;0.0;0.0;73676.0;11.0;73677.0;15.0;0.0;0.0;73669.5;-2023.0
1;30509.0;73675.0;2.0;73673.0;19.0;73672.0;15.0;73686.0;2.0;73687.0;19.0;73688.0;15.0;73680.5;-2741.5
1;30510.0;73681.0;13.0;73680.0;19.0;0.0;0.0;73694.0;13.0;73695.0;19.0;0.0;0.0;73687.5;-3239.5
1;30511.0;73683.0;2.0;73682.0;19.0;73681.0;25.0;73695.0;2.0;73696.0;19.0;73697.0;25.0;73689.0;-3334.0
1;30512.0;73672.0;13.0;73671.0;16.0;0.0;0.0;73685.0;13.0;73687.0;16.0;0.0;0.0;73678.5;-2642.5
1;30513.0;73673.0;16.0;73672.0;21.0;0.0;0.0;73680.0;6.0;73687.0;16.0;73688.0;21.0;73676.5;-2733.0
1;30514.0;73663.0;2.0;73662.0;16.0;73661.0;20.0;73674.0;2.0;73675.0;16.0;73676.0;20.0;73668.5;-1960.0
1;30515.0;73645.0;5.0;73640.0;1.0;73639.0;16.0;73651.0;1.0;73653.0;16.0;73654.0;27.0;73648.0;-439.5
1;30516.0;73637.0;14.0;73636.0;25.0;0.0;0.0;73650.0;14.0;73651.0;25.0;0.0;0.0;73643.5;-286.0
1;30517.0;73631.0;2.0;73630.0;10.0;73629.0;26.0;73644.0;10.0;73645.0;26.0;0.0;0.0;73637.5;174.5
1;30518.0;73621.0;2.0;73620.0;18.0;73619.0;22.0;73632.0;2.0;73633.0;18.0;73634.0;22.0;73626.5;893.5
1;30519.0;73630.0;16.0;73629.0;30.0;0.0;0.0;73643.0;16.0;73644.0;30.0;0.0;0.0;73636.5;200.5
1;30520.0;73628.0;2.0;73627.0;10.0;73626.0;29.0;73640.0;2.0;73641.0;10.0;73642.0;29.0;73634.0;372.0
1;30521.0;73626.0;16.0;73625.0;29.0;0.0;0.0;73640.0;16.0;73641.0;29.0;0.0;0.0;73633.0;439.0
1;30522.0;73637.0;1.0;73636.0;12.0;73635.0;25.0;73648.0;1.0;73649.0;12.0;73650.0;25.0;73642.5;-218.0
1;30523.0;73634.0;14.0;73633.0;27.0;0.0;0.0;73648.0;14.0;73649.0;27.0;0.0;0.0;73641.0;-108.0
1;30524.0;73643.0;13.0;73642.0;30.0;0.0;0.0;73657.0;13.0;73658.0;30.0;0.0;0.0;73650.0;-738.0
1;30525.0;73644.0;1.0;73643.0;20.0;73642.0;28.0;73655.0;1.0;73656.0;20.0;73657.0;28.0;73649.5;-699.5
1;30526.0;73648.0;2.0;73647.0;17.0;73645.0;23.0;73659.0;2.0;73660.0;17.0;73661.0;23.0;73653.5;-965.5
1;30527.0;73669.0;1.0;73668.0;16.0;73667.0;28.0;73680.0;1.0;73681.0;16.0;73682.0;28.0;73674.5;-2433.5
1;30528.0;73681.0;8.0;73676.0;1.0;73675.0;19.0;73687.0;1.0;73688.0;19.0;73689.0;15.0;73684.0;-2913.5
1;30529.0;73669.0;2.0;73668.0;15.0;73667.0;30.0;73674.0;6.0;73680.0;2.0;73681.0;15.0;73671.5;-2438.5
1;30530.0;73670.0;1.0;73669.0;10.0;73668.0;23.0;73682.0;1.0;73683.0;10.0;73684.0;23.0;73676.0;-2536.0
1;30531.0;73673.0;1.0;73672.0;19.0;73670.0;21.0;73684.0;1.0;73685.0;19.0;73686.0;21.0;73678.5;-2688.0
1;30532.0;73689.0;4.0;73678.0;2.0;73677.0;16.0;73690.0;16.0;73691.0;26.0;0.0;0.0;73689.5;-3031.5
1;30533.0;73662.0;20.0;73661.0;30.0;0.0;0.0;73675.0;20.0;73676.0;30.0;0.0;0.0;73668.5;-1898.5
1;30534.0;73674.0;6.0;73668.0;17.0;73667.0;15.0;73681.0;17.0;73682.0;15.0;0.0;0.0;73677.5;-2345.0
1;30535.0;73662.0;2.0;73661.0;14.0;73659.0;21.0;73673.0;2.0;73674.0;14.0;73675.0;21.0;73667.5;-1801.0
1;30536.0;73659.0;13.0;73658.0;20.0;0.0;0.0;73673.0;13.0;73674.0;20.0;0.0;0.0;73666.0;-1694.5
1;30537.0;73651.0;1.0;73650.0;12.0;73648.0;26.0;73662.0;1.0;73663.0;12.0;73664.0;26.0;73656.5;-977.0
1;30538.0;73651.0;19.0;73650.0;26.0;0.0;0.0;73665.0;19.0;73666.0;26.0;0.0;0.0;73658.0;-1089.5
1;30539.0;73644.0;15.0;73643.0;23.0;0.0;0.0;73657.0;15.0;73658.0;23.0;0.0;0.0;73650.5;-542.0
1;30540.0;73637.0;1.0;73636.0;14.0;73635.0;30.0;73648.0;1.0;73649.0;14.0;73650.0;30.0;73642.5;61.0
1;30541.0;73623.0;1.0;73622.0;12.0;73621.0;30.0;73635.0;1.0;73636.0;12.0;73637.0;30.0;73629.0;1075.0
1;30542.0;73613.0;1.0;73612.0;17.0;73611.0;27.0;73625.0;1.0;73626.0;17.0;73627.0;27.0;73619.0;1820.0
1;30543.0;73606.0;1.0;73605.0;12.0;73604.0;30.0;73617.0;1.0;73618.0;12.0;73620.0;30.0;73611.5;2369.0
1;30544.0;73605.0;8.0;73600.0;2.0;73599.0;16.0;73611.0;2.0;73612.0;16.0;73613.0;29.0;73608.0;2833.0
1;30545.0;73601.0;15.0;73600.0;27.0;0.0;0.0;73614.0;15.0;73615.0;27.0;0.0;0.0;73607.5;2679.0
1;30546.0;73616.0;2.0;73615.0;12.0;73614.0;17.0;73627.0;2.0;73628.0;12.0;73629.0;17.0;73621.5;1646.5
1;30547.0;73617.0;1.0;73616.0;17.0;73615.0;17.0;73628.0;1.0;73630.0;17.0;73631.0;17.0;73622.5;1535.5
1;30548.0;73630.0;1.0;73629.0;20.0;73628.0;29.0;73641.0;1.0;73643.0;20.0;73644.0;29.0;73635.5;560.5
1;30549.0;73626.0;7.0;73621.0;2.0;73620.0;12.0;73632.0;2.0;73633.0;12.0;73634.0;29.0;73629.0;1252.5
1;30550.0;73630.0;2.0;73629.0;15.0;73628.0;28.0;73642.0;2.0;73643.0;15.0;73644.0;28.0;73636.0;544.5
1;30551.0;73616.0;2.0;73615.0;18.0;73614.0;20.0;73627.0;2.0;73628.0;18.0;73629.0;20.0;73621.5;1632.0
1;30552.0;73601.0;2.0;73600.0;13.0;73599.0;18.0;73613.0;2.0;73614.0;13.0;73615.0;18.0;73607.0;2718.0
1;30553.0;73600.0;1.0;73599.0;13.0;73598.0;28.0;73612.0;1.0;73613.0;13.0;73614.0;28.0;73606.0;2805.0
1;30554.0;73589.0;11.0;73588.0;15.0;0.0;0.0;73602.0;11.0;73603.0;15.0;0.0;0.0;73595.5;3610.0
1;30555.0;73589.0;1.0;73588.0;12.0;73587.0;24.0;73601.0;1.0;73602.0;12.0;73603.0;24.0;73595.0;3630.5
1;30556.0;73581.0;2.0;73579.0;10.0;73578.0;16.0;73592.0;1.0;73593.0;10.0;73594.0;16.0;73586.5;4326.0
1;30557.0;73568.0;11.0;73567.0;17.0;0.0;0.0;73582.0;11.0;73583.0;17.0;0.0;0.0;73575.0;5211.5
1;30558.0;73570.0;1.0;73569.0;18.0;73568.0;23.0;73582.0;1.0;73583.0;18.0;73584.0;23.0;73576.0;5150.0
1;30559.0;73558.0;1.0;73557.0;10.0;73556.0;20.0;73570.0;1.0;73571.0;10.0;73572.0;20.0;73564.0;6105.0
1;30560.0;73571.0;8.0;73564.0;20.0;73563.0;28.0;73578.0;20.0;73579.0;28.0;0.0;0.0;73574.5;5536.0
1;30561.0;73575.0;1.0;73574.0;17.0;73573.0;28.0;73586.0;1.0;73587.0;17.0;73589.0;28.0;73580.5;4768.0
1;30562.0;73581.0;1.0;73580.0;10.0;73579.0;28.0;73592.0;1.0;73593.0;10.0;73595.0;28.0;73586.5;4291.0
1;30563.0;73586.0;1.0;73585.0;11.0;73584.0;20.0;73597.0;1.0;73598.0;11.0;73600.0;20.0;73591.5;3890.0
1;30564.0;73601.0;13.0;73600.0;19.0;0.0;0.0;73615.0;13.0;73616.0;19.0;0.0;0.0;73608.0;2604.0
1;30565.0;73588.0;2.0;73587.0;13.0;73586.0;20.0;73600.0;2.0;73601.0;13.0;73602.0;20.0;73594.0;3706.5
1;30566.0;73585.0;12.0;73584.0;22.0;0.0;0.0;73599.0;12.0;73600.0;22.0;0.0;0.0;73592.0;3859.0
1;30567.0;73593.0;2.0;73591.0;20.0;73590.0;17.0;73604.0;2.0;73605.0;20.0;73606.0;17.0;73598.5;3371.5
1;30568.0;73610.0;17.0;73609.0;26.0;0.0;0.0;73624.0;17.0;73625.0;26.0;0.0;0.0;73617.0;1876.5
1;30569.0;73621.0;13.0;73620.0;15.0;0.0;0.0;73634.0;13.0;73636.0;15.0;0.0;0.0;73627.5;1010.0
1;30570.0;73631.0;1.0;73630.0;14.0;73629.0;19.0;73643.0;1.0;73644.0;14.0;73645.0;19.0;73637.0;263.5
1;30571.0;73637.0;2.0;73635.0;20.0;73634.0;18.0;73648.0;2.0;73649.0;20.0;73650.0;18.0;73642.5;-153.5
1;30572.0;73631.0;19.0;73630.0;21.0;0.0;0.0;73644.0;19.0;73645.0;21.0;0.0;0.0;73637.5;228.5
1;30573.0;73616.0;1.0;73615.0;11.0;73614.0;19.0;73627.0;1.0;73629.0;11.0;73630.0;19.0;73621.5;1483.0
1;30574.0;73609.0;1.0;73608.0;14.0;73607.0;22.0;73620.0;1.0;73622.0;14.0;73623.0;22.0;73614.5;2038.5
1;30575.0;73597.0;1.0;73595.0;14.0;73594.0;17.0;73608.0;1.0;73609.0;14.0;73610.0;17.0;73602.5;3046.0
1;30576.0;73614.0;11.0;73613.0;28.0;0.0;0.0;73628.0;11.0;73629.0;28.0;0.0;0.0;73621.0;1530.5
1;30577.0;73619.0;2.0;73618.0;20.0;73617.0;28.0;73631.0;2.0;73632.0;20.0;73633.0;28.0;73625.0;1229.0
1;30578.0;73611.0;1.0;73610.0;19.0;73609.0;18.0;73622.0;1.0;73623.0;19.0;73624.0;18.0;73616.5;1900.5
1;30579.0;73599.0;2.0;73598.0;12.0;73597.0;18.0;73611.0;2.0;73612.0;12.0;73613.0;18.0;73605.0;2821.5
1;30580.0;73594.0;2.0;73593.0;16.0;73592.0;28.0;73605.0;2.0;73606.0;16.0;73607.0;28.0;73599.5;3256.5
1;30581.0;73582.0;19.0;73581.0;15.0;0.0;0.0;73596.0;19.0;73597.0;15.0;0.0;0.0;73589.0;4123.0
1;30582.0;73583.0;13.0;73582.0;23.0;0.0;0.0;73596.0;13.0;73597.0;23.0;0.0;0.0;73589.5;4091.0
1;30583.0;73587.0;2.0;73586.0;19.0;73585.0;17.0;73599.0;2.0;73600.0;19.0;73601.0;17.0;73593.0;3806.5
1;30584.0;73588.0;2.0;73587.0;10.0;73586.0;27.0;73599.0;2.0;73600.0;10.0;73601.0;27.0;73593.5;3768.5
1;30585.0;73560.0;13.0;73559.0;15.0;0.0;0.0;73573.0;13.0;73575.0;15.0;0.0;0.0;73566.5;5955.5
1;30586.0;73557.0;2.0;73556.0;17.0;73555.0;28.0;73568.0;2.0;73569.0;17.0;73570.0;28.0;73562.5;6279.0
1;30587.0;73544.0;1.0;73543.0;13.0;73541.0;26.0;73555.0;1.0;73556.0;13.0;73557.0;26.0;73549.5;7470.0
1;30588.0;73557.0;1.0;73556.0;19.0;73555.0;15.0;73569.0;1.0;73570.0;19.0;73571.0;15.0;73563.0;6239.5
1;30589.0;73550.0;1.0;73549.0;18.0;73547.0;16.0;73561.0;1.0;73562.0;18.0;73563.0;16.0;73555.5;6927.5
1;30590.0;73534.0;2.0;73533.0;15.0;73532.0;15.0;73546.0;2.0;73547.0;15.0;73548.0;15.0;73540.0;8316.5
1;30591.0;73532.0;5.0;73521.0;1.0;73519.0;18.0;73533.0;18.0;73534.0;29.0;0.0;0.0;73532.5;9553.0
1;30592.0;73535.0;1.0;73534.0;11.0;73533.0;15.0;73546.0;1.0;73547.0;11.0;73548.0;15.0;73540.5;8198.0
1;30593.0;73512.0;2.0;73511.0;20.0;73510.0;25.0;73523.0;2.0;73524.0;20.0;73526.0;25.0;73517.5;10399.5
1;30594.0;73498.0;14.0;73497.0;26.0;0.0;0.0;73512.0;14.0;73513.0;26.0;0.0;0.0;73505.0;11639.0
1;30595.0;73497.0;17.0;73496.0;17.0;0.0;0.0;73511.0;17.0;73512.0;17.0;0.0;0.0;73504.0;11710.5
1;30596.0;73503.0;2.0;73502.0;12.0;73500.0;26.0;73514.0;2.0;73515.0;12.0;73516.0;26.0;73508.5;11297.0
1;30597.0;73498.0;1.0;73497.0;11.0;73496.0;29.0;73509.0;1.0;73510.0;11.0;73511.0;29.0;73503.5;11756.0
1;30598.0;73497.0;1.0;73496.0;16.0;73495.0;23.0;73508.0;1.0;73509.0;16.0;73510.0;23.0;73502.5;11861.0
1;30599.0;73502.0;2.0;73500.0;11.0;73499.0;24.0;73513.0;2.0;73514.0;11.0;73515.0;24.0;73507.5;11404.5
1;30600.0;73494.0;2.0;73493.0;10.0;73492.0;23.0;73506.0;2.0;73507.0;10.0;73508.0;23.0;73500.0;12106.5
1;30601.0;73490.0;1.0;73489.0;15.0;73488.0;27.0;73501.0;1.0;73502.0;15.0;73504.0;27.0;73495.5;12505.5
1;30602.0;73465.0;1.0;73464.0;10.0;73463.0;22.0;73476.0;1.0;73477.0;10.0;73478.0;22.0;73470.5;14939.0
1;30603.0;73468.0;1.0;73467.0;11.0;73465.0;21.0;73479.0;1.0;73480.0;11.0;73481.0;21.0;73473.5;14655.0
1;30604.0;73471.0;1.0;73470.0;19.0;73469.0;29.0;73482.0;1.0;73484.0;19.0;73485.0;29.0;73476.5;14321.0
1;30605.0;73473.0;2.0;73472.0;15.0;73471.0;21.0;73484.0;2.0;73486.0;15.0;73487.0;21.0;73478.5;14134.5
1;30606.0;73466.0;20.0;73465.0;28.0;0.0;0.0;73479.0;20.0;73480.0;28.0;0.0;0.0;73472.5;14734.0
1;30607.0;73454.0;1.0;73449.0;1.0;73448.0;12.0;73461.0;1.0;73462.0;12.0;73463.0;26.0;73457.5;16451.5
1;30608.0;73444.0;20.0;73443.0;21.0;0.0;0.0;73458.0;20.0;73459.0;21.0;0.0;0.0;73451.0;16829.5
1;30609.0;73436.0;2.0;73435.0;17.0;73434.0;15.0;73447.0;2.0;73448.0;17.0;73449.0;15.0;73441.5;17738.0
1;30610.0;73441.0;13.0;73440.0;30.0;0.0;0.0;73454.0;13.0;73455.0;30.0;0.0;0.0;73447.5;17168.5
1;30611.0;73438.0;1.0;73436.0;19.0;73435.0;22.0;73449.0;1.0;73450.0;19.0;73451.0;22.0;73443.5;17585.0
1;30612.0;73457.0;2.0;73456.0;11.0;73455.0;29.0;73468.0;2.0;73469.0;11.0;73470.0;29.0;73462.5;15703.5
1;30613.0;73459.0;19.0;73458.0;25.0;0.0;0.0;73473.0;19.0;73474.0;25.0;0.0;0.0;73466.0;15392.0
1;30614.0;73465.0;11.0;73463.0;15.0;0.0;0.0;73478.0;11.0;73479.0;15.0;0.0;0.0;73471.5;14857.0
1;30615.0;73469.0;11.0;73467.0;29.0;0.0;0.0;73482.0;11.0;73483.0;29.0;0.0;0.0;73475.5;14466.5
1;30616.0;73473.0;19.0;73472.0;15.0;0.0;0.0;73486.0;19.0;73488.0;15.0;0.0;0.0;73479.5;14043.0
1;30617.0;73501.0;1.0;73500.0;11.0;73499.0;15.0;73513.0;1.0;73514.0;11.0;73515.0;15.0;73507.0;11384.5
1;30618.0;73494.0;2.0;73493.0;20.0;73492.0;23.0;73505.0;2.0;73506.0;20.0;73507.0;23.0;73499.5;12115.0
1;30619.0;73504.0;2.0;73503.0;11.0;73502.0;24.0;73516.0;2.0;73517.0;11.0;73518.0;24.0;73510.0;11117.0
1;30620.0;73506.0;20.0;73505.0;18.0;0.0;0.0;73519.0;20.0;73520.0;18.0;0.0;0.0;73512.5;10849.5
1;30621.0;73513.0;17.0;73512.0;15.0;0.0;0.0;73527.0;20.0;73528.0;15.0;0.0;0.0;73520.0;10126.5
1;30622.0;73483.0;2.0;73482.0;19.0;73481.0;22.0;73494.0;2.0;73495.0;19.0;73497.0;22.0;73488.5;13248.5
1;30623.0;73459.0;2.0;73457.0;17.0;73456.0;16.0;73470.0;2.0;73471.0;17.0;73472.0;16.0;73464.5;15692.0
1;30624.0;73456.0;6.0;73455.0;16.0;0.0;0.0;73470.0;13.0;73471.0;16.0;0.0;0.0;73463.0;15787.5
1;30625.0;73452.0;16.0;73451.0;28.0;0.0;0.0;73465.0;16.0;73466.0;28.0;0.0;0.0;73458.5;16260.0
1;30626.0;73457.0;2.0;73455.0;17.0;73454.0;24.0;73468.0;2.0;73469.0;17.0;73470.0;24.0;73462.5;15847.0
1;30627.0;73440.0;1.0;73439.0;12.0;73438.0;21.0;73451.0;1.0;73453.0;12.0;73454.0;21.0;73445.5;17608.0
1;30628.0;73435.0;15.0;73434.0;24.0;0.0;0.0;73448.0;15.0;73449.0;24.0;0.0;0.0;73441.5;18060.5
1;30629.0;73420.0;20.0;73419.0;17.0;0.0;0.0;73434.0;20.0;73435.0;17.0;0.0;0.0;73427.0;19599.5
1;30630.0;73413.0;2.0;73412.0;13.0;73411.0;25.0;73425.0;2.0;73426.0;13.0;73427.0;25.0;73419.0;20462.0
1;30631.0;73396.0;12.0;73395.0;20.0;0.0;0.0;73410.0;12.0;73411.0;20.0;0.0;0.0;73403.0;22186.0
1;30632.0;73403.0;17.0;73402.0;20.0;0.0;0.0;73417.0;17.0;73418.0;20.0;0.0;0.0;73410.0;21431.0
1;30633.0;73397.0;1.0;73396.0;15.0;73395.0;24.0;73409.0;1.0;73410.0;15.0;73411.0;24.0;73403.0;22176.0
1;30634.0;73403.0;13.0;73402.0;26.0;0.0;0.0;73416.0;13.0;73417.0;26.0;0.0;0.0;73409.5;21498.0
1;30635.0;73389.0;1.0;73384.0;2.0;73383.0;13.0;73395.0;2.0;73396.0;13.0;73397.0;25.0;73392.0;23620.5
1;30636.0;73379.0;10.0;73378.0;30.0;0.0;0.0;73393.0;10.0;73394.0;30.0;0.0;0.0;73386.0;24010.0
1;30637.0;73399.0;18.0;73398.0;28.0;0.0;0.0;73413.0;18.0;73414.0;28.0;0.0;0.0;73406.0;21873.0
1;30638.0;73398.0;14.0;73397.0;21.0;0.0;0.0;73411.0;14.0;73412.0;21.0;0.0;0.0;73404.5;22029.5
1;30639.0;73386.0;1.0;73384.0;18.0;73383.0;17.0;73397.0;1.0;73398.0;18.0;73399.0;17.0;73391.5;23447.5
1;30640.0;73378.0;20.0;73377.0;15.0;0.0;0.0;73392.0;20.0;73393.0;15.0;0.0;0.0;73385.0;24117.5
1;30641.0;73399.0;19.0;73398.0;28.0;0.0;0.0;73413.0;19.0;73414.0;28.0;0.0;0.0;73406.0;21850.5
1;30642.0;73396.0;2.0;73395.0;19.0;73394.0;15.0;73407.0;2.0;73408.0;19.0;73410.0;15.0;73401.5;22319.0
1;30643.0;73410.0;2.0;73409.0;13.0;73408.0;20.0;73421.0;2.0;73423.0;13.0;73424.0;20.0;73415.5;20815.0
1;30644.0;73408.0;2.0;73407.0;13.0;73406.0;25.0;73419.0;2.0;73420.0;13.0;73421.0;25.0;73413.5;21060.5
1;30645.0;73408.0;2.0;73407.0;16.0;73406.0;18.0;73419.0;2.0;73420.0;16.0;73421.0;18.0;73413.5;21069.0
1;30646.0;73405.0;2.0;73403.0;12.0;73402.0;29.0;73416.0;2.0;73417.0;12.0;73418.0;29.0;73410.5;21420.0
1;30647.0;73395.0;2.0;73394.0;13.0;73393.0;18.0;73406.0;2.0;73407.0;13.0;73409.0;18.0;73400.5;22426.5
1;30648.0;73384.0;1.0;73383.0;11.0;73382.0;23.0;73395.0;1.0;73396.0;11.0;73397.0;23.0;73389.5;23628.5
1;30649.0;73389.0;1.0;73388.0;16.0;73387.0;19.0;73400.0;1.0;73401.0;16.0;73402.0;19.0;73394.5;23093.5
1;30650.0;73390.0;2.0;73388.0;15.0;73387.0;24.0;73401.0;2.0;73402.0;15.0;73403.0;24.0;73395.5;23024.5
1;30651.0;73392.0;1.0;73390.0;20.0;73389.0;27.0;73403.0;1.0;73404.0;20.0;73405.0;27.0;73397.5;22811.0
1;30652.0;73405.0;1.0;73403.0;14.0;73402.0;18.0;73416.0;1.0;73417.0;14.0;73418.0;18.0;73410.5;21412.0
1;30653.0;73380.0;1.0;73379.0;13.0;73378.0;24.0;73392.0;1.0;73393.0;13.0;73394.0;24.0;73386.0;24015.5
1;30654.0;73379.0;20.0;73378.0;20.0;0.0;0.0;73393.0;20.0;73394.0;20.0;0.0;0.0;73386.0;24014.0
1;30655.0;73377.0;12.0;73376.0;20.0;0.0;0.0;73391.0;12.0;73392.0;20.0;0.0;0.0;73384.0;24198.0
1;30656.0;73380.0;13.0;73379.0;22.0;0.0;0.0;73394.0;13.0;73395.0;22.0;0.0;0.0;73387.0;23876.0
1;30657.0;73386.0;19.0;73385.0;29.0;0.0;0.0;73400.0;19.0;73401.0;29.0;0.0;0.0;73393.0;23275.0
1;30658.0;73381.0;14.0;73380.0;29.0;0.0;0.0;73387.0;6.0;73395.0;14.0;73396.0;29.0;73384.0;23791.0
1;30659.0;73397.0;11.0;73396.0;24.0;0.0;0.0;73411.0;11.0;73412.0;24.0;0.0;0.0;73404.0;22054.0
1;30660.0;73394.0;2.0;73393.0;20.0;73392.0;20.0;73405.0;2.0;73406.0;20.0;73407.0;20.0;73399.5;22548.5
1;30661.0;73393.0;1.0;73392.0;12.0;73391.0;24.0;73404.0;1.0;73406.0;12.0;73407.0;24.0;73398.5;22632.0
1;30662.0;73400.0;2.0;73399.0;12.0;73397.0;20.0;73411.0;2.0;73412.0;12.0;73413.0;20.0;73405.5;21938.5
1;30663.0;73398.0;1.0;73397.0;16.0;73395.0;28.0;73409.0;1.0;73410.0;16.0;73411.0;28.0;73403.5;22151.5
1;30664.0;73403.0;13.0;73402.0;25.0;0.0;0.0;73417.0;13.0;73418.0;25.0;0.0;0.0;73410.0;21428.5
1;30665.0;73418.0;2.0;73413.0;2.0;73412.0;12.0;73425.0;2.0;73426.0;12.0;73427.0;29.0;73421.5;20479.0
1;30666.0;73420.0;1.0;73419.0;10.0;73418.0;25.0;73432.0;1.0;73433.0;10.0;73434.0;25.0;73426.0;19724.0
1;30667.0;73434.0;2.0;73433.0;18.0;73432.0;21.0;73445.0;2.0;73446.0;18.0;73447.0;21.0;73439.5;18286.0
1;30668.0;73444.0;1.0;73443.0;16.0;73442.0;15.0;73456.0;1.0;73457.0;16.0;73458.0;15.0;73450.0;17168.5
1;30669.0;73448.0;1.0;73446.0;14.0;73445.0;16.0;73453.0;7.0;73459.0;1.0;73460.0;14.0;73450.5;16818.5
1;30670.0;73454.0;11.0;73453.0;26.0;0.0;0.0;73468.0;11.0;73469.0;26.0;0.0;0.0;73461.0;15982.5
1;30671.0;73444.0;2.0;73443.0;13.0;73442.0;30.0;73456.0;2.0;73457.0;13.0;73458.0;30.0;73450.0;17167.5
1;30672.0;73485.0;1.0;73484.0;17.0;73483.0;19.0;73497.0;1.0;73498.0;17.0;73499.0;19.0;73491.0;12765.0
1;30673.0;73478.0;17.0;73477.0;28.0;0.0;0.0;73492.0;17.0;73493.0;28.0;0.0;0.0;73485.0;13427.0
1;30674.0;73495.0;1.0;73494.0;12.0;73493.0;28.0;73507.0;1.0;73508.0;12.0;73509.0;28.0;73501.0;11697.5
1;30675.0;73503.0;1.0;73502.0;12.0;73501.0;21.0;73515.0;1.0;73516.0;12.0;73517.0;21.0;73509.0;10857.0
1;30676.0;73500.0;14.0;73499.0;24.0;0.0;0.0;73513.0;14.0;73514.0;24.0;0.0;0.0;73506.5;11120.5
1;30677.0;73514.0;1.0;73513.0;19.0;73512.0;18.0;73525.0;1.0;73526.0;19.0;73527.0;18.0;73519.5;9712.0
1;30678.0;73507.0;2.0;73506.0;11.0;73505.0;23.0;73519.0;2.0;73520.0;11.0;73521.0;23.0;73513.0;10401.5
1;30679.0;73509.0;2.0;73508.0;10.0;73507.0;22.0;73521.0;2.0;73522.0;10.0;73523.0;22.0;73515.0;10189.5
1;30680.0;73515.0;14.0;73514.0;27.0;0.0;0.0;73528.0;14.0;73529.0;27.0;0.0;0.0;73521.5;9514.0
1;30681.0;73512.0;20.0;73511.0;20.0;0.0;0.0;73526.0;20.0;73527.0;20.0;0.0;0.0;73519.0;9764.0
1;30682.0;73513.0;1.0;73511.0;17.0;73510.0;23.0;73524.0;1.0;73525.0;17.0;73526.0;23.0;73518.5;9856.5
1;30683.0;73503.0;1.0;73502.0;18.0;73501.0;28.0;73515.0;1.0;73516.0;18.0;73517.0;28.0;73509.0;10839.5
1;30684.0;73497.0;1.0;73496.0;19.0;73495.0;22.0;73509.0;1.0;73510.0;19.0;73511.0;22.0;73503.0;11495.0
1;30685.0;73506.0;1.0;73505.0;10.0;73504.0;18.0;73517.0;1.0;73518.0;10.0;73519.0;18.0;73511.5;10588.0
1;30686.0;73488.0;1.0;73487.0;19.0;73486.0;17.0;73500.0;1.0;73501.0;19.0;73502.0;17.0;73494.0;12441.5
1;30687.0;73489.0;14.0;73488.0;19.0;0.0;0.0;73502.0;19.0;73503.0;19.0;0.0;0.0;73495.5;12271.5
1;30688.0;73494.0;2.0;73493.0;16.0;73492.0;25.0;73505.0;2.0;73506.0;16.0;73507.0;25.0;73499.5;11803.5
1;30689.0;73517.0;1.0;73516.0;12.0;73515.0;21.0;73522.0;1.0;73528.0;1.0;73529.0;12.0;73519.5;9215.0
1;30690.0;73536.0;2.0;73534.0;16.0;73533.0;19.0;73547.0;2.0;73548.0;16.0;73549.0;19.0;73541.5;7140.0
1;30691.0;73543.0;1.0;73542.0;16.0;73541.0;17.0;73555.0;1.0;73556.0;16.0;73557.0;17.0;73549.0;6259.5
1;30692.0;73546.0;1.0;73545.0;16.0;73543.0;23.0;73557.0;1.0;73558.0;16.0;73559.0;23.0;73551.5;6005.0
1;30693.0;73569.0;2.0;73564.0;1.0;73563.0;15.0;73576.0;1.0;73577.0;15.0;73578.0;27.0;73572.5;3925.0
1;30694.0;73567.0;1.0;73566.0;15.0;73565.0;16.0;73579.0;1.0;73580.0;15.0;73581.0;16.0;73573.0;3591.0
1;30695.0;73538.0;14.0;73536.0;23.0;0.0;0.0;73551.0;14.0;73552.0;23.0;0.0;0.0;73544.5;6791.5
1;30696.0;73533.0;1.0;73532.0;18.0;73531.0;29.0;73544.0;1.0;73545.0;18.0;73546.0;29.0;73538.5;7444.0
1;30697.0;73542.0;2.0;73540.0;20.0;73539.0;19.0;73553.0;2.0;73554.0;20.0;73555.0;19.0;73547.5;6465.0
1;30698.0;73526.0;2.0;73525.0;17.0;73524.0;27.0;73538.0;2.0;73539.0;17.0;73540.0;27.0;73532.0;8157.5
1;30699.0;73531.0;1.0;73530.0;11.0;73528.0;19.0;73542.0;1.0;73543.0;11.0;73544.0;19.0;73536.5;7666.0
1;30700.0;73532.0;2.0;73531.0;16.0;73530.0;25.0;73544.0;2.0;73545.0;16.0;73546.0;25.0;73538.0;7465.0
1;30701.0;73536.0;2.0;73535.0;18.0;73534.0;26.0;73547.0;2.0;73548.0;18.0;73549.0;26.0;73541.5;7070.0
1;30702.0;73547.0;18.0;73546.0;17.0;0.0;0.0;73560.0;18.0;73562.0;17.0;0.0;0.0;73553.5;5677.5
1;30703.0;73565.0;2.0;73564.0;15.0;73563.0;25.0;73576.0;2.0;73577.0;15.0;73579.0;25.0;73570.5;3743.5
1;30704.0;73584.0;1.0;73583.0;17.0;73582.0;25.0;73595.0;1.0;73596.0;17.0;73598.0;25.0;73589.5;1572.0
1;30705.0;73600.0;2.0;73599.0;18.0;73598.0;21.0;73612.0;2.0;73613.0;18.0;73614.0;21.0;73606.0;-281.0
1;30706.0;73589.0;12.0;73588.0;29.0;0.0;0.0;73603.0;12.0;73604.0;29.0;0.0;0.0;73596.0;880.0
1;30707.0;73588.0;1.0;73586.0;17.0;73585.0;17.0;73599.0;1.0;73600.0;17.0;73601.0;17.0;73593.5;1213.0
1;30708.0;73584.0;11.0;73582.0;17.0;0.0;0.0;73597.0;11.0;73598.0;17.0;0.0;0.0;73590.5;1552.0
1;30709.0;73563.0;2.0;73562.0;14.0;73561.0;17.0;73575.0;2.0;73576.0;14.0;73577.0;17.0;73569.0;4025.0
1;30710.0;73569.0;17.0;73568.0;22.0;0.0;0.0;73575.0;5.0;73583.0;17.0;73584.0;22.0;73572.0;3216.0
1;30711.0;73596.0;3.0;73584.0;2.0;73583.0;20.0;73597.0;20.0;73598.0;18.0;0.0;0.0;73596.5;1583.0
1;30712.0;73592.0;5.0;73586.0;10.0;73585.0;18.0;73599.0;10.0;73600.0;18.0;0.0;0.0;73595.5;1321.0
1;30713.0;73611.0;1.0;73609.0;14.0;73608.0;24.0;73622.0;1.0;73623.0;14.0;73624.0;24.0;73616.5;-1494.0
1;30714.0;73588.0;2.0;73587.0;19.0;73586.0;28.0;73599.0;2.0;73600.0;19.0;73601.0;28.0;73593.5;1193.0
1;30715.0;73589.0;2.0;73588.0;14.0;73587.0;17.0;73600.0;2.0;73601.0;14.0;73602.0;17.0;73594.5;1052.0
1;30716.0;73583.0;14.0;73582.0;23.0;0.0;0.0;73597.0;14.0;73598.0;23.0;0.0;0.0;73590.0;1612.0
1;30717.0;73577.0;1.0;73572.0;2.0;73570.0;18.0;73583.0;2.0;73584.0;18.0;73585.0;22.0;73580.0;3115.0
1;30718.0;73567.0;1.0;73566.0;13.0;73565.0;21.0;73578.0;1.0;73579.0;13.0;73581.0;21.0;73572.5;3640.0
1;30719.0;73557.0;12.0;73556.0;19.0;0.0;0.0;73570.0;12.0;73571.0;19.0;0.0;0.0;73563.5;4731.0
1;30720.0;73540.0;2.0;73538.0;16.0;73537.0;18.0;73545.0;2.0;73551.0;2.0;73552.0;16.0;73542.5;6891.0
1;30721.0;73533.0;1.0;73532.0;16.0;73531.0;27.0;73544.0;1.0;73545.0;16.0;73546.0;27.0;73538.5;7688.0
1;30722.0;73550.0;2.0;73549.0;19.0;73548.0;17.0;73561.0;2.0;73563.0;19.0;73564.0;17.0;73555.5;5634.0
1;30723.0;73538.0;13.0;73536.0;26.0;0.0;0.0;73551.0;13.0;73552.0;26.0;0.0;0.0;73544.5;6995.0
1;30724.0;73538.0;1.0;73537.0;13.0;73535.0;24.0;73549.0;1.0;73550.0;13.0;73551.0;24.0;73543.5;7110.0
1;30725.0;73528.0;19.0;73527.0;17.0;0.0;0.0;73542.0;19.0;73543.0;17.0;0.0;0.0;73535.0;8107.0
1;30726.0;73518.0;2.0;73517.0;18.0;73516.0;21.0;73523.0;1.0;73529.0;2.0;73530.0;18.0;73520.5;9433.0
1;30727.0;73531.0;7.0;73530.0;30.0;0.0;0.0;73544.0;11.0;73545.0;30.0;0.0;0.0;73537.5;7778.0
1;30728.0;73544.0;11.0;73543.0;25.0;0.0;0.0;73558.0;11.0;73559.0;25.0;0.0;0.0;73551.0;6143.0
1;30729.0;73537.0;2.0;73536.0;20.0;73535.0;17.0;73542.0;2.0;73548.0;2.0;73549.0;20.0;73539.5;7145.0
1;30730.0;73541.0;1.0;73540.0;15.0;73539.0;22.0;73553.0;1.0;73554.0;15.0;73555.0;22.0;73547.0;6624.0
1;30731.0;73545.0;16.0;73543.0;25.0;0.0;0.0;73551.0;8.0;73558.0;16.0;73559.0;25.0;73548.0;6087.0
1;30732.0;73549.0;1.0;73548.0;17.0;73546.0;19.0;73560.0;1.0;73561.0;17.0;73562.0;19.0;73554.5;5714.0
1;30733.0;73547.0;1.0;73546.0;16.0;73544.0;18.0;73558.0;1.0;73559.0;16.0;73560.0;18.0;73552.5;5968.0
1;30734.0;73560.0;2.0;73558.0;13.0;73557.0;20.0;73571.0;2.0;73572.0;13.0;73573.0;20.0;73565.5;4389.0
1;30735.0;73568.0;20.0;73567.0;25.0;0.0;0.0;73581.0;20.0;73582.0;25.0;0.0;0.0;73574.5;3254.0
1;30736.0;73568.0;1.0;73567.0;18.0;73566.0;23.0;73580.0;1.0;73581.0;18.0;73582.0;23.0;73574.0;3309.0
1;30737.0;73566.0;19.0;73565.0;18.0;0.0;0.0;73579.0;19.0;73580.0;18.0;0.0;0.0;73572.5;3482.0
1;30738.0;73571.0;13.0;73570.0;26.0;0.0;0.0;73584.0;13.0;73585.0;26.0;0.0;0.0;73577.5;2903.0
1;30739.0;73571.0;1.0;73570.0;13.0;73569.0;16.0;73582.0;1.0;73584.0;13.0;73585.0;16.0;73576.5;2972.0
1;30740.0;73580.0;7.0;73573.0;13.0;73572.0;29.0;73587.0;13.0;73588.0;29.0;0.0;0.0;73583.5;2563.0
1;30741.0;73580.0;2.0;73579.0;11.0;73578.0;24.0;73591.0;2.0;73592.0;11.0;73593.0;24.0;73585.5;1919.0
1;30742.0;73581.0;1.0;73579.0;15.0;73578.0;19.0;73592.0;1.0;73593.0;15.0;73594.0;19.0;73586.5;1823.0
1;30743.0;73596.0;1.0;73595.0;11.0;73594.0;15.0;73607.0;1.0;73608.0;11.0;73609.0;15.0;73601.5;-50.0
1;30744.0;73586.0;1.0;73585.0;17.0;73584.0;20.0;73597.0;1.0;73598.0;17.0;73599.0;20.0;73591.5;1172.0
1;30745.0;73576.0;7.0;73571.0;2.0;73570.0;10.0;73583.0;2.0;73584.0;10.0;73585.0;25.0;73579.5;2958.0
1;30746.0;73571.0;2.0;73570.0;11.0;73568.0;16.0;73582.0;2.0;73583.0;11.0;73584.0;16.0;73576.5;3032.0
1;30747.0;73548.0;2.0;73547.0;11.0;73545.0;18.0;73559.0;2.0;73560.0;11.0;73561.0;18.0;73553.5;5845.0
1;30748.0;73550.0;1.0;73549.0;11.0;73547.0;29.0;73561.0;1.0;73562.0;11.0;73563.0;29.0;73555.5;5601.0
1;30749.0;73564.0;2.0;73563.0;15.0;73562.0;27.0;73575.0;2.0;73576.0;15.0;73578.0;27.0;73569.5;3839.0
1;30750.0;73558.0;1.0;73557.0;20.0;73556.0;24.0;73570.0;1.0;73571.0;20.0;73572.0;24.0;73564.0;4545.0
1;30751.0;73557.0;1.0;73556.0;20.0;73555.0;30.0;73568.0;1.0;73569.0;20.0;73571.0;30.0;73562.5;4693.0
1;30752.0;73550.0;2.0;73549.0;14.0;73548.0;25.0;73561.0;2.0;73562.0;14.0;73563.0;25.0;73555.5;5561.0
1;30753.0;73555.0;1.0;73554.0;13.0;73553.0;23.0;73566.0;1.0;73567.0;13.0;73569.0;23.0;73560.5;4938.0
1;30754.0;73544.0;1.0;73543.0;16.0;73542.0;15.0;73556.0;1.0;73557.0;16.0;73558.0;15.0;73550.0;6238.0
1;30755.0;73542.0;17.0;73541.0;25.0;0.0;0.0;73555.0;17.0;73556.0;25.0;0.0;0.0;73548.5;6414.0
1;30756.0;73552.0;1.0;73551.0;15.0;73550.0;16.0;73564.0;1.0;73565.0;15.0;73566.0;16.0;73558.0;5265.0
1;30757.0;73539.0;2.0;73538.0;13.0;73537.0;19.0;73550.0;2.0;73552.0;13.0;73553.0;19.0;73544.5;6876.0
1;30758.0;73546.0;2.0;73544.0;15.0;73543.0;27.0;73551.0;2.0;73557.0;2.0;73558.0;15.0;73548.5;6097.0
1;30759.0;73544.0;2.0;73543.0;13.0;73542.0;25.0;73556.0;2.0;73557.0;13.0;73558.0;25.0;73550.0;6242.0
1;30760.0;73538.0;2.0;73537.0;11.0;73536.0;20.0;73550.0;2.0;73551.0;11.0;73552.0;20.0;73544.0;6958.0
1;30761.0;73538.0;4.0;73527.0;1.0;73526.0;15.0;73539.0;15.0;73540.0;15.0;0.0;0.0;73538.5;8413.0
1;30762.0;73531.0;10.0;73530.0;19.0;0.0;0.0;73545.0;10.0;73546.0;19.0;0.0;0.0;73538.0;7694.0
1;30763.0;73527.0;12.0;73526.0;17.0;0.0;0.0;73533.0;7.0;73541.0;12.0;73542.0;17.0;73530.0;8238.0
1;30764.0;73505.0;1.0;73504.0;18.0;73503.0;22.0;73516.0;1.0;73517.0;18.0;73518.0;22.0;73510.5;11217.0
1;30765.0;73508.0;20.0;73507.0;30.0;0.0;0.0;73522.0;20.0;73523.0;30.0;0.0;0.0;73515.0;10626.0
1;30766.0;73506.0;19.0;73505.0;25.0;0.0;0.0;73519.0;19.0;73521.0;25.0;0.0;0.0;73512.5;10923.0
1;30767.0;73509.0;15.0;73507.0;23.0;0.0;0.0;73522.0;15.0;73523.0;23.0;0.0;0.0;73515.5;10594.0
1;30768.0;73489.0;1.0;73488.0;19.0;73487.0;24.0;73495.0;7.0;73501.0;1.0;73502.0;19.0;73492.0;13153.0
1;30769.0;73495.0;14.0;73494.0;24.0;0.0;0.0;73501.0;3.0;73509.0;14.0;73510.0;24.0;73498.0;12303.0
1;30770.0;73503.0;6.0;73492.0;2.0;73491.0;20.0;73504.0;2.0;73505.0;20.0;73506.0;27.0;73503.5;12795.0
1;30771.0;73504.0;20.0;73503.0;26.0;0.0;0.0;73517.0;20.0;73519.0;26.0;0.0;0.0;73510.5;11134.0
1;30772.0;73516.0;11.0;73515.0;19.0;0.0;0.0;73530.0;11.0;73531.0;19.0;0.0;0.0;73523.0;9493.0
1;30773.0;73514.0;12.0;73513.0;30.0;0.0;0.0;73527.0;12.0;73528.0;30.0;0.0;0.0;73520.5;9834.0
1;30774.0;73517.0;1.0;73516.0;15.0;73514.0;20.0;73528.0;1.0;73529.0;15.0;73530.0;20.0;73522.5;9588.0
1;30775.0;73524.0;2.0;73523.0;12.0;73522.0;18.0;73536.0;2.0;73537.0;12.0;73538.0;18.0;73530.0;8546.0
1;30776.0;73530.0;1.0;73529.0;20.0;73528.0;26.0;73541.0;1.0;73543.0;20.0;73544.0;26.0;73535.5;7792.0
1;30777.0;73515.0;11.0;73514.0;30.0;0.0;0.0;73528.0;11.0;73529.0;30.0;0.0;0.0;73521.5;9676.0
1;30778.0;73499.0;1.0;73498.0;18.0;73497.0;25.0;73510.0;1.0;73511.0;18.0;73512.0;25.0;73504.5;11940.0
1;30779.0;73514.0;2.0;73513.0;15.0;73512.0;25.0;73525.0;2.0;73526.0;15.0;73527.0;25.0;73519.5;9947.0
1;30780.0;73504.0;2.0;73503.0;10.0;73502.0;15.0;73516.0;2.0;73517.0;10.0;73518.0;15.0;73510.0;11226.0
1;30781.0;73488.0;14.0;73486.0;25.0;0.0;0.0;73501.0;14.0;73502.0;25.0;0.0;0.0;73494.5;13313.0
1;30782.0;73504.0;1.0;73498.0;16.0;73497.0;18.0;73512.0;16.0;73513.0;18.0;0.0;0.0;73508.0;11917.0
1;30783.0;73509.0;15.0;73508.0;26.0;0.0;0.0;73523.0;15.0;73524.0;26.0;0.0;0.0;73516.0;10407.0
1;30784.0;73504.0;12.0;73503.0;21.0;0.0;0.0;73518.0;12.0;73519.0;21.0;0.0;0.0;73511.0;11120.0
1;30785.0;73501.0;14.0;73500.0;18.0;0.0;0.0;73514.0;14.0;73515.0;18.0;0.0;0.0;73507.5;11569.0
1;30786.0;73517.0;2.0;73516.0;14.0;73515.0;21.0;73528.0;2.0;73529.0;14.0;73531.0;21.0;73522.5;9536.0
1;30787.0;73528.0;2.0;73527.0;12.0;73526.0;23.0;73540.0;2.0;73541.0;12.0;73542.0;23.0;73534.0;8044.0
1;30788.0;73521.0;1.0;73520.0;13.0;73519.0;23.0;73532.0;1.0;73533.0;13.0;73535.0;23.0;73526.5;8998.0
1;30789.0;73523.0;7.0;73516.0;12.0;73515.0;23.0;73530.0;12.0;73531.0;23.0;0.0;0.0;73526.5;9489.0
1;30790.0;73524.0;1.0;73523.0;19.0;73521.0;26.0;73535.0;1.0;73536.0;19.0;73537.0;26.0;73529.5;8657.0
1;30791.0;73518.0;1.0;73517.0;15.0;73516.0;16.0;73529.0;1.0;73531.0;15.0;73532.0;16.0;73523.5;9391.0
1;30792.0;73518.0;18.0;73517.0;23.0;0.0;0.0;73531.0;18.0;73532.0;23.0;0.0;0.0;73524.5;9297.0
1;30793.0;73536.0;2.0;73535.0;20.0;73534.0;21.0;73547.0;2.0;73548.0;20.0;73550.0;21.0;73541.5;6995.0
1;30794.0;73539.0;1.0;73538.0;12.0;73537.0;26.0;73550.0;1.0;73551.0;12.0;73552.0;26.0;73544.5;6619.0
1;30795.0;73552.0;2.0;73539.0;15.0;73538.0;17.0;73553.0;15.0;73554.0;17.0;0.0;0.0;73552.5;6388.0
1;30796.0;73527.0;2.0;73526.0;14.0;73525.0;25.0;73539.0;2.0;73540.0;14.0;73541.0;25.0;73533.0;8220.0
1;30797.0;73526.0;2.0;73525.0;15.0;73524.0;24.0;73537.0;2.0;73538.0;15.0;73539.0;24.0;73531.5;8456.0
1;30798.0;73527.0;8.0;73521.0;17.0;73520.0;26.0;73535.0;17.0;73536.0;26.0;0.0;0.0;73531.0;8955.0
1;30799.0;73510.0;17.0;73509.0;27.0;0.0;0.0;73523.0;17.0;73524.0;27.0;0.0;0.0;73516.5;10530.0
1;30800.0;73505.0;1.0;73500.0;1.0;73499.0;20.0;73511.0;1.0;73513.0;20.0;73514.0;18.0;73508.0;12043.0
1;30801.0;73493.0;2.0;73492.0;20.0;73491.0;17.0;73505.0;2.0;73506.0;20.0;73507.0;17.0;73499.0;13015.0
1;30802.0;73488.0;1.0;73487.0;19.0;73486.0;24.0;73499.0;1.0;73501.0;19.0;73502.0;24.0;73493.5;13721.0
1;30803.0;73458.0;19.0;73457.0;22.0;0.0;0.0;73471.0;19.0;73472.0;22.0;0.0;0.0;73464.5;17822.0
1;30804.0;73471.0;1.0;73470.0;14.0;73469.0;28.0;73482.0;1.0;73484.0;14.0;73485.0;28.0;73476.5;16106.0
1;30805.0;73478.0;2.0;73477.0;11.0;73476.0;27.0;73489.0;2.0;73490.0;11.0;73492.0;27.0;73483.5;15133.0
1;30806.0;73469.0;1.0;73468.0;17.0;73467.0;19.0;73480.0;1.0;73481.0;17.0;73482.0;19.0;73474.5;16435.0
1;30807.0;73458.0;1.0;73457.0;18.0;73456.0;22.0;73469.0;1.0;73470.0;18.0;73471.0;22.0;73463.5;17975.0
1;30808.0;73469.0;2.0;73468.0;17.0;73466.0;28.0;73480.0;2.0;73481.0;17.0;73482.0;28.0;73474.5;16458.0
1;30809.0;73482.0;2.0;73481.0;15.0;73480.0;16.0;73493.0;2.0;73494.0;15.0;73495.0;16.0;73487.5;14594.0
1;30810.0;73491.0;1.0;73490.0;17.0;73489.0;16.0;73502.0;1.0;73503.0;17.0;73504.0;16.0;73496.5;13324.0
1;30811.0;73490.0;1.0;73489.0;14.0;73488.0;29.0;73502.0;1.0;73503.0;14.0;73504.0;29.0;73496.0;13394.0
1;30812.0;73475.0;2.0;73474.0;11.0;73473.0;22.0;73487.0;2.0;73488.0;11.0;73489.0;22.0;73481.0;15507.0
1;30813.0;73475.0;1.0;73474.0;18.0;73473.0;24.0;73486.0;1.0;73487.0;18.0;73488.0;24.0;73480.5;15585.0
1;30814.0;73465.0;2.0;73464.0;10.0;73463.0;27.0;73476.0;2.0;73478.0;10.0;73479.0;27.0;73470.5;16954.0
1;30815.0;73471.0;1.0;73470.0;12.0;73469.0;16.0;73483.0;1.0;73484.0;12.0;73485.0;16.0;73477.0;16084.0
1;30816.0;73463.0;20.0;73462.0;15.0;0.0;0.0;73476.0;20.0;73478.0;15.0;0.0;0.0;73469.5;17113.0
1;30817.0;73476.0;19.0;73475.0;19.0;0.0;0.0;73482.0;1.0;73489.0;19.0;73491.0;19.0;73479.0;15271.0
1;30818.0;73479.0;2.0;73477.0;17.0;73476.0;27.0;73490.0;2.0;73491.0;17.0;73492.0;27.0;73484.5;15055.0
1;30819.0;73470.0;12.0;73469.0;28.0;0.0;0.0;73477.0;5.0;73484.0;12.0;73485.0;28.0;73473.5;16080.0
1;30820.0;73472.0;16.0;73471.0;20.0;0.0;0.0;73486.0;16.0;73487.0;20.0;0.0;0.0;73479.0;15826.0
1;30821.0;73458.0;1.0;73457.0;11.0;73456.0;23.0;73470.0;1.0;73471.0;11.0;73472.0;23.0;73464.0;17930.0
1;30822.0;73438.0;16.0;73436.0;26.0;0.0;0.0;73451.0;16.0;73452.0;26.0;0.0;0.0;73444.5;20725.0
1;30823.0;73441.0;10.0;73440.0;26.0;0.0;0.0;73455.0;10.0;73456.0;26.0;0.0;0.0;73448.0;20217.0
1;30824.0;73454.0;2.0;73453.0;16.0;73452.0;26.0;73465.0;2.0;73466.0;16.0;73467.0;26.0;73459.5;18587.0
1;30825.0;73457.0;1.0;73455.0;13.0;73454.0;28.0;73468.0;1.0;73469.0;13.0;73470.0;28.0;73462.5;18164.0
1;30826.0;73451.0;1.0;73449.0;14.0;73448.0;20.0;73462.0;1.0;73463.0;14.0;73464.0;20.0;73456.5;19040.0
1;30827.0;73431.0;2.0;73430.0;18.0;73429.0;18.0;73442.0;2.0;73443.0;18.0;73444.0;18.0;73436.5;21867.0
1;30828.0;73438.0;1.0;73437.0;20.0;73436.0;21.0;73449.0;1.0;73451.0;20.0;73452.0;21.0;73443.5;20816.0
1;30829.0;73424.0;13.0;73422.0;23.0;0.0;0.0;73437.0;13.0;73438.0;23.0;0.0;0.0;73430.5;22756.0
1;30830.0;73435.0;1.0;73434.0;16.0;73432.0;29.0;73446.0;1.0;73447.0;16.0;73448.0;29.0;73440.5;21321.0
1;30831.0;73433.0;2.0;73432.0;15.0;73431.0;29.0;73444.0;2.0;73445.0;15.0;73446.0;29.0;73438.5;21568.0
1;30832.0;73417.0;18.0;73416.0;30.0;0.0;0.0;73430.0;18.0;73431.0;30.0;0.0;0.0;73423.5;23738.0
1;30833.0;73431.0;2.0;73430.0;12.0;73429.0;20.0;73443.0;2.0;73444.0;12.0;73445.0;20.0;73437.0;21786.0
1;30834.0;73441.0;1.0;73440.0;19.0;73439.0;25.0;73452.0;1.0;73453.0;19.0;73454.0;25.0;73446.5;20416.0
1;30835.0;73439.0;1.0;73438.0;12.0;73437.0;30.0;73450.0;1.0;73451.0;12.0;73453.0;30.0;73444.5;20688.0
1;30836.0;73435.0;13.0;73434.0;15.0;0.0;0.0;73449.0;13.0;73450.0;15.0;0.0;0.0;73442.0;21048.0
1;30837.0;73423.0;20.0;73422.0;24.0;0.0;0.0;73437.0;20.0;73438.0;24.0;0.0;0.0;73430.0;22797.0
1;30838.0;73427.0;1.0;73426.0;10.0;73425.0;23.0;73439.0;1.0;73440.0;10.0;73441.0;23.0;73433.0;22374.0
1;30839.0;73415.0;11.0;73414.0;17.0;0.0;0.0;73428.0;11.0;73429.0;17.0;0.0;0.0;73421.5;24049.0
1;30840.0;73420.0;1.0;73419.0;13.0;73418.0;17.0;73431.0;1.0;73433.0;13.0;73434.0;17.0;73425.5;23407.0
1;30841.0;73417.0;1.0;73416.0;11.0;73415.0;22.0;73429.0;1.0;73430.0;11.0;73431.0;22.0;73423.0;23823.0
1;30842.0;73422.0;2.0;73421.0;11.0;73420.0;30.0;73433.0;2.0;73434.0;11.0;73435.0;30.0;73427.5;23153.0
1;30843.0;73419.0;2.0;73418.0;14.0;73417.0;21.0;73430.0;2.0;73431.0;14.0;73432.0;21.0;73424.5;23611.0
1;30844.0;73413.0;12.0;73412.0;25.0;0.0;0.0;73427.0;12.0;73428.0;25.0;0.0;0.0;73420.0;24278.0
1;30845.0;73420.0;2.0;73419.0;19.0;73418.0;17.0;73431.0;2.0;73433.0;19.0;73434.0;17.0;73425.5;23401.0
1;30846.0;73420.0;1.0;73419.0;20.0;73418.0;27.0;73431.0;1.0;73432.0;20.0;73433.0;27.0;73425.5;23464.0
1;30847.0;73425.0;14.0;73424.0;23.0;0.0;0.0;73439.0;14.0;73440.0;23.0;0.0;0.0;73432.0;22515.0
1;30848.0;73439.0;3.0;73434.0;2.0;73432.0;13.0;73445.0;2.0;73446.0;13.0;73447.0;15.0;73442.0;21479.0
1;30849.0;73419.0;18.0;73418.0;18.0;0.0;0.0;73432.0;18.0;73434.0;18.0;0.0;0.0;73425.5;23420.0
1;30850.0;73405.0;17.0;73404.0;25.0;0.0;0.0;73419.0;17.0;73420.0;25.0;0.0;0.0;73412.0;25415.0
1;30851.0;73412.0;1.0;73411.0;19.0;73410.0;16.0;73424.0;1.0;73425.0;19.0;73426.0;16.0;73418.0;24524.0
1;30852.0;73420.0;1.0;73419.0;10.0;73417.0;15.0;73431.0;1.0;73432.0;10.0;73433.0;15.0;73425.5;23485.0
1;30853.0;73414.0;11.0;73413.0;27.0;0.0;0.0;73428.0;11.0;73429.0;27.0;0.0;0.0;73421.0;24110.0
1;30854.0;73428.0;2.0;73427.0;11.0;73426.0;19.0;73439.0;2.0;73440.0;11.0;73442.0;19.0;73433.5;22265.0
1;30855.0;73431.0;1.0;73430.0;10.0;73429.0;17.0;73442.0;1.0;73443.0;10.0;73445.0;17.0;73436.5;21840.0
1;30856.0;73438.0;1.0;73437.0;19.0;73436.0;20.0;73449.0;1.0;73450.0;19.0;73451.0;20.0;73443.5;20856.0
1;30857.0;73453.0;12.0;73452.0;27.0;0.0;0.0;73467.0;12.0;73468.0;27.0;0.0;0.0;73460.0;18504.0
1;30858.0;73443.0;12.0;73442.0;23.0;0.0;0.0;73457.0;12.0;73458.0;23.0;0.0;0.0;73450.0;19914.0
1;30859.0;73434.0;2.0;73433.0;16.0;73432.0;27.0;73445.0;2.0;73447.0;16.0;73448.0;27.0;73439.5;21391.0
1;30860.0;73423.0;1.0;73422.0;11.0;73421.0;18.0;73434.0;1.0;73435.0;11.0;73436.0;18.0;73428.5;23019.0
1;30861.0;73433.0;15.0;73431.0;19.0;0.0;0.0;73446.0;15.0;73447.0;19.0;0.0;0.0;73439.5;21469.0
1;30862.0;73434.0;2.0;73429.0;2.0;73428.0;12.0;73440.0;2.0;73442.0;12.0;73443.0;28.0;73437.0;22106.0
1;30863.0;73444.0;1.0;73443.0;15.0;73441.0;20.0;73455.0;1.0;73456.0;15.0;73457.0;20.0;73449.5;20029.0
1;30864.0;73451.0;2.0;73450.0;16.0;73449.0;19.0;73463.0;2.0;73464.0;16.0;73465.0;19.0;73457.0;18906.0
1;30865.0;73448.0;2.0;73447.0;14.0;73446.0;25.0;73459.0;2.0;73460.0;14.0;73461.0;25.0;73453.5;19404.0
1;30866.0;73445.0;15.0;73444.0;22.0;0.0;0.0;73459.0;15.0;73460.0;22.0;0.0;0.0;73452.0;19626.0
1;30867.0;73458.0;16.0;73457.0;24.0;0.0;0.0;73471.0;16.0;73472.0;24.0;0.0;0.0;73464.5;17854.0
1;30868.0;73450.0;15.0;73449.0;21.0;0.0;0.0;73464.0;15.0;73465.0;21.0;0.0;0.0;73457.0;18950.0
1;30869.0;73441.0;13.0;73440.0;28.0;0.0;0.0;73454.0;13.0;73455.0;28.0;0.0;0.0;73447.5;20285.0
1;30870.0;73454.0;19.0;73452.0;24.0;0.0;0.0;73467.0;19.0;73468.0;24.0;0.0;0.0;73460.5;18448.0
1;30871.0;73433.0;1.0;73431.0;14.0;73430.0;29.0;73444.0;1.0;73445.0;14.0;73446.0;29.0;73438.5;21624.0
1;30872.0;73427.0;19.0;73425.0;18.0;0.0;0.0;73433.0;6.0;73440.0;19.0;73441.0;18.0;73430.0;22327.0
1;30873.0;73420.0;12.0;73419.0;24.0;0.0;0.0;73434.0;12.0;73435.0;24.0;0.0;0.0;73427.0;23238.0
1;30874.0;73424.0;2.0;73423.0;14.0;73421.0;25.0;73435.0;2.0;73436.0;14.0;73437.0;25.0;73429.5;22904.0
1;30875.0;73416.0;1.0;73415.0;10.0;73414.0;26.0;73428.0;1.0;73429.0;10.0;73430.0;26.0;73422.0;23960.0
1;30876.0;73432.0;1.0;73431.0;18.0;73430.0;17.0;73443.0;1.0;73444.0;18.0;73445.0;17.0;73437.5;21704.0
1;30877.0;73454.0;2.0;73453.0;12.0;73452.0;27.0;73466.0;2.0;73467.0;12.0;73468.0;27.0;73460.0;18496.0
1;30878.0;73462.0;2.0;73461.0;12.0;73460.0;26.0;73473.0;2.0;73475.0;12.0;73476.0;26.0;73467.5;17365.0
1;30879.0;73449.0;2.0;73448.0;15.0;73447.0;25.0;73460.0;2.0;73461.0;15.0;73462.0;25.0;73454.5;19267.0
1;30880.0;73445.0;2.0;73444.0;14.0;73443.0;28.0;73456.0;2.0;73457.0;14.0;73458.0;28.0;73450.5;19846.0
1;30881.0;73451.0;2.0;73450.0;18.0;73449.0;23.0;73463.0;2.0;73464.0;18.0;73465.0;23.0;73457.0;18919.0
1;30882.0;73462.0;1.0;73461.0;12.0;73460.0;23.0;73473.0;1.0;73474.0;12.0;73476.0;23.0;73467.5;17380.0
1;30883.0;73468.0;2.0;73467.0;17.0;73466.0;26.0;73479.0;2.0;73481.0;17.0;73482.0;26.0;73473.5;16494.0
1;30884.0;73465.0;1.0;73464.0;10.0;73463.0;18.0;73476.0;1.0;73477.0;10.0;73478.0;18.0;73470.5;16955.0
1;30885.0;73468.0;1.0;73467.0;18.0;73466.0;25.0;73479.0;1.0;73480.0;18.0;73481.0;25.0;73473.5;16552.0
1;30886.0;73471.0;19.0;73470.0;29.0;0.0;0.0;73485.0;19.0;73486.0;29.0;0.0;0.0;73478.0;15911.0
1;30887.0;73485.0;16.0;73483.0;27.0;0.0;0.0;73498.0;16.0;73499.0;27.0;0.0;0.0;73491.5;13978.0
1;30888.0;73493.0;2.0;73492.0;10.0;73490.0;29.0;73504.0;2.0;73505.0;10.0;73506.0;29.0;73498.5;12970.0
1;30889.0;73492.0;2.0;73491.0;15.0;73490.0;26.0;73504.0;2.0;73505.0;15.0;73506.0;26.0;73498.0;13001.0
1;30890.0;73499.0;1.0;73498.0;14.0;73497.0;28.0;73510.0;1.0;73511.0;14.0;73512.0;28.0;73504.5;12058.0
1;30891.0;73516.0;2.0;73515.0;16.0;73514.0;22.0;73528.0;2.0;73529.0;16.0;73530.0;22.0;73522.0;9547.0
1;30892.0;73509.0;17.0;73508.0;23.0;0.0;0.0;73522.0;17.0;73523.0;23.0;0.0;0.0;73515.5;10482.0
1;30893.0;73516.0;2.0;73515.0;17.0;73514.0;21.0;73528.0;2.0;73529.0;17.0;73530.0;21.0;73522.0;9538.0
1;30894.0;73510.0;6.0;73509.0;30.0;0.0;0.0;73524.0;14.0;73525.0;30.0;0.0;0.0;73517.0;10254.0
1;30895.0;73534.0;1.0;73533.0;16.0;73532.0;26.0;73545.0;1.0;73546.0;16.0;73547.0;26.0;73539.5;6821.0
1;30896.0;73548.0;2.0;73547.0;15.0;73546.0;26.0;73559.0;2.0;73560.0;15.0;73561.0;26.0;73553.5;4676.0
1;30897.0;73538.0;2.0;73537.0;17.0;73536.0;25.0;73549.0;2.0;73551.0;17.0;73552.0;25.0;73543.5;6153.0
1;30898.0;73538.0;2.0;73537.0;17.0;73536.0;23.0;73549.0;2.0;73550.0;17.0;73551.0;23.0;73543.5;6180.0
1;30899.0;73542.0;18.0;73541.0;29.0;0.0;0.0;73556.0;18.0;73557.0;29.0;0.0;0.0;73549.0;5352.0
1;30900.0;73522.0;2.0;73521.0;16.0;73520.0;22.0;73534.0;2.0;73535.0;16.0;73536.0;22.0;73528.0;8561.0
1;30901.0;73523.0;19.0;73522.0;15.0;0.0;0.0;73536.0;19.0;73537.0;15.0;0.0;0.0;73529.5;8306.0
1;30902.0;73511.0;1.0;73510.0;12.0;73509.0;29.0;73522.0;1.0;73523.0;12.0;73524.0;29.0;73516.5;10281.0
1;30903.0;73511.0;2.0;73510.0;19.0;73509.0;16.0;73522.0;2.0;73523.0;19.0;73524.0;16.0;73516.5;10297.0
1;30904.0;73507.0;17.0;73506.0;22.0;0.0;0.0;73521.0;17.0;73522.0;22.0;0.0;0.0;73514.0;10662.0
1;30905.0;73499.0;20.0;73498.0;15.0;0.0;0.0;73513.0;20.0;73514.0;15.0;0.0;0.0;73506.0;11903.0
1;30906.0;73509.0;1.0;73508.0;13.0;73507.0;26.0;73521.0;1.0;73522.0;13.0;73523.0;26.0;73515.0;10537.0
1;30907.0;73513.0;2.0;73512.0;19.0;73511.0;20.0;73524.0;2.0;73525.0;19.0;73526.0;20.0;73518.5;9994.0
1;30908.0;73512.0;15.0;73511.0;21.0;0.0;0.0;73526.0;15.0;73527.0;21.0;0.0;0.0;73519.0;9890.0
1;30909.0;73508.0;1.0;73507.0;10.0;73506.0;30.0;73519.0;1.0;73520.0;10.0;73521.0;30.0;73513.5;10729.0
1;30910.0;73520.0;10.0;73519.0;16.0;0.0;0.0;73534.0;10.0;73535.0;16.0;0.0;0.0;73527.0;8720.0
1;30911.0;73517.0;2.0;73516.0;20.0;73515.0;28.0;73528.0;2.0;73529.0;20.0;73531.0;28.0;73522.5;9351.0
1;30912.0;73528.0;5.0;73522.0;20.0;73520.0;30.0;73535.0;20.0;73536.0;30.0;0.0;0.0;73531.5;8509.0
1;30913.0;73525.0;1.0;73523.0;15.0;73522.0;27.0;73536.0;1.0;73537.0;15.0;73538.0;27.0;73530.5;8210.0
1;30914.0;73526.0;15.0;73525.0;30.0;0.0;0.0;73539.0;15.0;73540.0;30.0;0.0;0.0;73532.5;7870.0
1;30915.0;73535.0;2.0;73534.0;17.0;73533.0;20.0;73546.0;2.0;73548.0;17.0;73549.0;20.0;73540.5;6604.0
1;30916.0;73552.0;1.0;73550.0;10.0;73549.0;18.0;73563.0;1.0;73564.0;10.0;73565.0;18.0;73557.5;4107.0
1;30917.0;73549.0;2.0;73548.0;17.0;73546.0;27.0;73560.0;2.0;73561.0;17.0;73562.0;27.0;73554.5;4553.0
1;30918.0;73561.0;15.0;73560.0;17.0;0.0;0.0;73575.0;15.0;73576.0;17.0;0.0;0.0;73568.0;2434.0
1;30919.0;73562.0;1.0;73561.0;13.0;73560.0;17.0;73573.0;1.0;73574.0;13.0;73575.0;17.0;73567.5;2527.0
1;30920.0;73547.0;1.0;73546.0;10.0;73545.0;30.0;73559.0;1.0;73560.0;10.0;73561.0;30.0;73553.0;4727.0
1;30921.0;73553.0;1.0;73552.0;11.0;73551.0;18.0;73564.0;1.0;73566.0;11.0;73567.0;18.0;73558.5;3872.0
1;30922.0;73540.0;10.0;73538.0;28.0;0.0;0.0;73552.0;2.0;73553.0;11.0;73554.0;28.0;73546.0;5742.0
1;30923.0;73553.0;10.0;73551.0;25.0;0.0;0.0;73566.0;10.0;73567.0;25.0;0.0;0.0;73559.5;3740.0
1;30924.0;73550.0;1.0;73549.0;14.0;73547.0;29.0;73561.0;1.0;73562.0;14.0;73563.0;29.0;73555.5;4351.0
1;30925.0;73548.0;10.0;73547.0;20.0;0.0;0.0;73562.0;10.0;73563.0;20.0;0.0;0.0;73555.0;4423.0
1;30926.0;73555.0;2.0;73554.0;19.0;73552.0;27.0;73566.0;2.0;73567.0;19.0;73568.0;27.0;73560.5;3585.0
1;30927.0;73551.0;13.0;73550.0;21.0;0.0;0.0;73564.0;13.0;73565.0;21.0;0.0;0.0;73557.5;4051.0
1;30928.0;73562.0;2.0;73560.0;11.0;73559.0;26.0;73573.0;2.0;73574.0;11.0;73575.0;26.0;73567.5;2512.0
1;30929.0;73560.0;3.0;73549.0;1.0;73548.0;10.0;73561.0;10.0;73562.0;27.0;0.0;0.0;73560.5;4487.0
1;30930.0;73528.0;2.0;73527.0;10.0;73526.0;20.0;73539.0;2.0;73540.0;10.0;73541.0;20.0;73533.5;7892.0
1;30931.0;73514.0;12.0;73512.0;20.0;0.0;0.0;73527.0;12.0;73528.0;20.0;0.0;0.0;73520.5;10031.0
1;30932.0;73515.0;2.0;73514.0;11.0;73513.0;25.0;73526.0;2.0;73527.0;11.0;73528.0;25.0;73520.5;10018.0
1;30933.0;73517.0;13.0;73516.0;26.0;0.0;0.0;73531.0;13.0;73532.0;26.0;0.0;0.0;73524.0;9424.0
1;30934.0;73525.0;12.0;73524.0;16.0;0.0;0.0;73539.0;12.0;73540.0;16.0;0.0;0.0;73532.0;8160.0
1;30935.0;73534.0;18.0;73533.0;19.0;0.0;0.0;73548.0;18.0;73549.0;19.0;0.0;0.0;73541.0;6721.0
1;30936.0;73543.0;1.0;73542.0;12.0;73541.0;22.0;73554.0;1.0;73555.0;12.0;73556.0;22.0;73548.5;5495.0
1;30937.0;73567.0;17.0;73565.0;18.0;0.0;0.0;73580.0;17.0;73581.0;18.0;0.0;0.0;73573.5;1500.0
1;30938.0;73586.0;1.0;73585.0;16.0;73584.0;26.0;73597.0;1.0;73598.0;16.0;73599.0;26.0;73591.5;-1423.0
1;30939.0;73574.0;1.0;73573.0;11.0;73571.0;26.0;73585.0;1.0;73586.0;11.0;73587.0;26.0;73579.5;526.0
1;30940.0;73551.0;2.0;73550.0;12.0;73549.0;30.0;73563.0;2.0;73564.0;12.0;73565.0;30.0;73557.0;4106.0
1;30941.0;73559.0;11.0;73558.0;19.0;0.0;0.0;73573.0;11.0;73574.0;19.0;0.0;0.0;73566.0;2690.0
1;30942.0;73556.0;1.0;73555.0;15.0;73554.0;22.0;73567.0;1.0;73568.0;15.0;73569.0;22.0;73561.5;3388.0
1;30943.0;73540.0;11.0;73539.0;25.0;0.0;0.0;73554.0;11.0;73555.0;25.0;0.0;0.0;73547.0;5765.0
1;30944.0;73531.0;2.0;73529.0;17.0;73528.0;30.0;73542.0;2.0;73543.0;17.0;73544.0;30.0;73536.5;7474.0
1;30945.0;73534.0;1.0;73533.0;12.0;73532.0;21.0;73539.0;4.0;73545.0;1.0;73546.0;12.0;73536.5;6955.0
1;30946.0;73521.0;18.0;73520.0;20.0;0.0;0.0;73534.0;18.0;73536.0;20.0;0.0;0.0;73527.5;8843.0
1;30947.0;73531.0;13.0;73530.0;20.0;0.0;0.0;73545.0;13.0;73546.0;20.0;0.0;0.0;73538.0;7196.0
1;30948.0;73524.0;1.0;73523.0;15.0;73522.0;26.0;73535.0;1.0;73537.0;15.0;73538.0;26.0;73529.5;8497.0
1;30949.0;73542.0;1.0;73541.0;14.0;73540.0;25.0;73554.0;1.0;73555.0;14.0;73556.0;25.0;73548.0;5578.0
1;30950.0;73549.0;2.0;73548.0;18.0;73547.0;21.0;73560.0;2.0;73561.0;18.0;73563.0;21.0;73554.5;4493.0
1;30951.0;73552.0;1.0;73551.0;16.0;73550.0;27.0;73563.0;1.0;73564.0;16.0;73565.0;27.0;73557.5;4042.0
1;30952.0;73574.0;2.0;73572.0;16.0;73571.0;15.0;73585.0;2.0;73586.0;16.0;73587.0;15.0;73579.5;551.0
1;30953.0;73583.0;16.0;73582.0;26.0;0.0;0.0;73597.0;16.0;73598.0;26.0;0.0;0.0;73590.0;-1207.0
1;30954.0;73580.0;14.0;73579.0;30.0;0.0;0.0;73593.0;14.0;73595.0;30.0;0.0;0.0;73586.5;-666.0
1;30955.0;73595.0;2.0;73594.0;11.0;73593.0;29.0;73601.0;5.0;73607.0;2.0;73608.0;11.0;73598.0;-2966.0
1;30956.0;73596.0;20.0;73595.0;27.0;0.0;0.0;73610.0;20.0;73611.0;27.0;0.0;0.0;73603.0;-3306.0
1;30957.0;73602.0;1.0;73596.0;20.0;73595.0;24.0;73609.0;20.0;73610.0;24.0;0.0;0.0;73605.5;-3186.0
1;30958.0;73599.0;2.0;73598.0;11.0;73597.0;27.0;73611.0;2.0;73612.0;11.0;73613.0;27.0;73605.0;-3627.0
1;30959.0;73598.0;1.0;73597.0;20.0;73596.0;30.0;73609.0;1.0;73610.0;20.0;73612.0;30.0;73603.5;-3389.0
1;30960.0;73594.0;2.0;73593.0;17.0;73592.0;28.0;73606.0;2.0;73607.0;17.0;73608.0;28.0;73600.0;-2813.0
1;30961.0;73594.0;1.0;73592.0;20.0;73591.0;23.0;73605.0;1.0;73606.0;20.0;73607.0;23.0;73599.5;-2679.0
1;30962.0;73600.0;1.0;73598.0;20.0;73597.0;22.0;73611.0;1.0;73612.0;20.0;73613.0;22.0;73605.5;-3642.0
1;30963.0;73575.0;1.0;73574.0;10.0;73573.0;23.0;73586.0;1.0;73587.0;10.0;73588.0;23.0;73580.5;341.0
1;30964.0;73578.0;12.0;73577.0;22.0;0.0;0.0;73592.0;12.0;73593.0;22.0;0.0;0.0;73585.0;-381.0
1;30965.0;73570.0;2.0;73568.0;10.0;73567.0;20.0;73581.0;2.0;73582.0;10.0;73583.0;20.0;73575.5;1190.0
1;30966.0;73575.0;7.0;73570.0;2.0;73569.0;16.0;73581.0;2.0;73583.0;16.0;73584.0;24.0;73578.0;1090.0
1;30967.0;73572.0;1.0;73571.0;18.0;73570.0;29.0;73583.0;1.0;73584.0;18.0;73585.0;29.0;73577.5;836.0
1;30968.0;73578.0;2.0;73577.0;10.0;73576.0;26.0;73589.0;2.0;73590.0;10.0;73591.0;26.0;73583.5;-130.0
1;30969.0;73568.0;2.0;73567.0;18.0;73566.0;25.0;73579.0;2.0;73580.0;18.0;73582.0;25.0;73573.5;1438.0
1;30970.0;73575.0;1.0;73574.0;11.0;73573.0;16.0;73586.0;1.0;73587.0;11.0;73588.0;16.0;73580.5;322.0
1;30971.0;73574.0;1.0;73573.0;13.0;73572.0;22.0;73586.0;1.0;73587.0;13.0;73588.0;22.0;73580.0;422.0
1;30972.0;73585.0;16.0;73584.0;20.0;0.0;0.0;73599.0;16.0;73600.0;20.0;0.0;0.0;73592.0;-1514.0
1;30973.0;73590.0;11.0;73589.0;17.0;0.0;0.0;73603.0;11.0;73605.0;17.0;0.0;0.0;73596.5;-2265.0
1;30974.0;73605.0;10.0;73604.0;18.0;0.0;0.0;73618.0;10.0;73619.0;18.0;0.0;0.0;73611.5;-4636.0
1;30975.0;73617.0;17.0;73616.0;24.0;0.0;0.0;73631.0;17.0;73632.0;24.0;0.0;0.0;73624.0;-6632.0
1;30976.0;73611.0;18.0;73610.0;20.0;0.0;0.0;73624.0;18.0;73626.0;20.0;0.0;0.0;73617.5;-5646.0
1;30977.0;73611.0;2.0;73610.0;10.0;73609.0;30.0;73623.0;2.0;73624.0;10.0;73625.0;30.0;73617.0;-5534.0
1;30978.0;73616.0;2.0;73615.0;17.0;73614.0;18.0;73628.0;2.0;73629.0;17.0;73630.0;18.0;73622.0;-6354.0
1;30979.0;73617.0;2.0;73616.0;20.0;73615.0;19.0;73629.0;2.0;73630.0;20.0;73631.0;19.0;73623.0;-6518.0
1;30980.0;73607.0;14.0;73606.0;16.0;0.0;0.0;73621.0;14.0;73622.0;16.0;0.0;0.0;73614.0;-5030.0
1;30981.0;73594.0;2.0;73593.0;16.0;73592.0;25.0;73606.0;2.0;73607.0;16.0;73608.0;25.0;73600.0;-2767.0
1;30982.0;73600.0;13.0;73599.0;18.0;0.0;0.0;73614.0;13.0;73615.0;18.0;0.0;0.0;73607.0;-3905.0
1;30983.0;73598.0;16.0;73597.0;16.0;0.0;0.0;73611.0;16.0;73612.0;16.0;0.0;0.0;73604.5;-3479.0
1;30984.0;73604.0;13.0;73603.0;23.0;0.0;0.0;73617.0;13.0;73618.0;23.0;0.0;0.0;73610.5;-4595.0
1;30985.0;73580.0;1.0;73579.0;16.0;73578.0;26.0;73592.0;1.0;73593.0;16.0;73594.0;26.0;73586.0;-341.0
1;30986.0;73565.0;2.0;73564.0;10.0;73563.0;25.0;73576.0;2.0;73578.0;10.0;73579.0;25.0;73570.5;2283.0
1;30987.0;73578.0;20.0;73576.0;26.0;0.0;0.0;73584.0;3.0;73591.0;20.0;73592.0;26.0;73581.0;-41.0
1;30988.0;73590.0;1.0;73589.0;17.0;73588.0;26.0;73601.0;1.0;73603.0;17.0;73604.0;26.0;73595.5;-2031.0
1;30989.0;73585.0;2.0;73584.0;19.0;73583.0;26.0;73597.0;2.0;73598.0;19.0;73599.0;26.0;73591.0;-1210.0
1;30990.0;73591.0;1.0;73589.0;17.0;73588.0;22.0;73602.0;1.0;73603.0;17.0;73604.0;22.0;73596.5;-2098.0
1;30991.0;73595.0;1.0;73594.0;14.0;73593.0;29.0;73606.0;1.0;73607.0;14.0;73608.0;29.0;73600.5;-2852.0
1;30992.0;73593.0;16.0;73592.0;23.0;0.0;0.0;73607.0;16.0;73608.0;23.0;0.0;0.0;73600.0;-2806.0
1;30993.0;73619.0;5.0;73607.0;18.0;73606.0;22.0;73621.0;18.0;73622.0;22.0;0.0;0.0;73620.0;-5193.0
1;30994.0;73615.0;2.0;73614.0;12.0;73613.0;19.0;73627.0;2.0;73628.0;12.0;73629.0;19.0;73621.0;-6406.0
1;30995.0;73623.0;1.0;73622.0;20.0;73621.0;28.0;73634.0;1.0;73635.0;20.0;73636.0;28.0;73628.5;-7713.0
1;30996.0;73626.0;13.0;73625.0;23.0;0.0;0.0;73639.0;13.0;73641.0;23.0;0.0;0.0;73632.5;-8428.0
1;30997.0;73633.0;13.0;73632.0;21.0;0.0;0.0;73640.0;5.0;73647.0;13.0;73648.0;21.0;73636.5;-9727.0
1;30998.0;73642.0;12.0;73641.0;29.0;0.0;0.0;73655.0;12.0;73656.0;29.0;0.0;0.0;73648.5;-11164.0
1;30999.0;73647.0;1.0;73646.0;14.0;73645.0;24.0;73658.0;1.0;73659.0;14.0;73660.0;24.0;73652.5;-11824.0
1;31000.0;73638.0;1.0;73637.0;13.0;73636.0;25.0;73650.0;1.0;73651.0;13.0;73652.0;25.0;73644.0;-10376.0
1;31001.0;73640.0;1.0;73639.0;13.0;73638.0;28.0;73652.0;1.0;73653.0;13.0;73654.0;28.0;73646.0;-10730.0
1;31002.0;73630.0;2.0;73629.0;19.0;73628.0;19.0;73642.0;2.0;73643.0;19.0;73644.0;19.0;73636.0;-9008.0
1;31003.0;73617.0;15.0;73615.0;30.0;0.0;0.0;73630.0;15.0;73631.0;30.0;0.0;0.0;73623.5;-6805.0
1;31004.0;73610.0;2.0;73609.0;17.0;73608.0;30.0;73621.0;2.0;73622.0;17.0;73623.0;30.0;73615.5;-5466.0
