day;timestamp;buyer;seller;currency;price;quantity
0;20001.0;Paris;Camilla;SEASHELLS;4003.0;6
0;20008.0;Camilla;Penelope;SEASHELLS;3997.0;11
0;20029.0;Penelope;Camilla;SEASHELLS;4004.0;14
0;20044.0;Camilla;Gary;SEASHELLS;3998.0;10
0;20055.0;Camilla;Olivia;SEASHELLS;4000.0;17
0;20064.0;Pablo;Peter;SEASHELLS;4003.0;1
0;20074.0;Camilla;Paris;SEASHELLS;3999.0;5
0;20084.0;Penelope;Camilla;SEASHELLS;4004.0;15
0;20120.0;Camilla;Penelope;SEASHELLS;3993.0;10
0;20124.0;Paris;Camilla;SEASHELLS;4001.0;5
0;20198.0;Paris;Camilla;SEASHELLS;3996.0;4
0;20220.0;Camilla;Penelope;SEASHELLS;3988.0;13
0;20230.0;Paris;Camilla;SEASHELLS;3994.0;1
0;20296.0;Camilla;Penelope;SEASHELLS;3983.0;10
0;20299.0;Paris;Camilla;SEASHELLS;3990.0;8
0;20302.0;Paris;Camilla;SEASHELLS;3991.0;4
0;20313.0;Paris;Camilla;SEASHELLS;3990.0;1
0;20316.0;Camilla;Penelope;SEASHELLS;3984.0;11
0;20320.0;Penelope;Camilla;SEASHELLS;3990.0;11
0;20329.0;Camilla;Paris;SEASHELLS;3983.0;1
0;20347.0;Camilla;Paris;SEASHELLS;3984.0;3
0;20359.0;Camilla;Paris;SEASHELLS;3984.0;10
0;20380.0;Camilla;Penelope;SEASHELLS;3985.0;10
0;20416.0;Camilla;Paris;SEASHELLS;3986.0;3
0;20432.0;Penelope;Camilla;SEASHELLS;3991.0;13
0;20438.0;Camilla;Penelope;SEASHELLS;3983.0;13
0;20458.0;Paris;Camilla;SEASHELLS;3993.0;9
0;20480.0;Camilla;Paris;SEASHELLS;3986.0;1
0;20483.0;Camilla;Penelope;SEASHELLS;3985.0;14
0;20516.0;Camilla;Paris;SEASHELLS;3987.0;4
0;20519.0;Gina;Peter;SEASHELLS;3989.0;3
0;20545.0;Camilla;Paris;SEASHELLS;3985.0;1
0;20565.0;Penelope;Camilla;SEASHELLS;3990.0;10
0;20579.0;Camilla;Paris;SEASHELLS;3983.0;4
0;20617.0;Paris;Camilla;SEASHELLS;3993.0;7
0;20624.0;Camilla;Paris;SEASHELLS;3986.0;4
0;20632.0;Camilla;Gary;SEASHELLS;3984.0;19
0;20658.0;Camilla;Penelope;SEASHELLS;3987.0;12
0;20660.0;Paris;Camilla;SEASHELLS;3994.0;10
0;20667.0;Camilla;Gary;SEASHELLS;3985.0;16
0;20671.0;Penelope;Camilla;SEASHELLS;3991.0;10
0;20686.0;Paris;Penelope;SEASHELLS;3985.0;4
0;20686.0;Camilla;Penelope;SEASHELLS;3985.0;11
0;20691.0;Camilla;Penelope;SEASHELLS;3984.0;11
0;20695.0;Camilla;Paris;SEASHELLS;3985.0;2
0;20698.0;Paris;Camilla;SEASHELLS;3992.0;1
0;20719.0;Penelope;Camilla;SEASHELLS;3991.0;12
0;20738.0;Camilla;Paris;SEASHELLS;3980.0;10
0;20774.0;Camilla;Gary;SEASHELLS;3976.0;13
0;20790.0;Penelope;Camilla;SEASHELLS;3982.0;10
0;20804.0;Penelope;Camilla;SEASHELLS;3979.0;11
0;20837.0;Penelope;Camilla;SEASHELLS;3977.0;11
0;20855.0;Paris;Camilla;SEASHELLS;3976.0;7
0;20897.0;Camilla;Paris;SEASHELLS;3969.0;10
0;20913.0;Gary;Camilla;SEASHELLS;3979.0;19
0;20938.0;Pablo;Peter;SEASHELLS;3974.0;4
0;20970.0;Paris;Camilla;SEASHELLS;3977.0;7
0;20992.0;Camilla;Paris;SEASHELLS;3972.0;2
0;21002.0;Peter;Pablo;SEASHELLS;3972.0;5
0;21002.0;Camilla;Paris;SEASHELLS;3970.0;7
0;21013.0;Camilla;Penelope;SEASHELLS;3970.0;14
0;21017.0;Penelope;Camilla;SEASHELLS;3978.0;13
0;21020.0;Camilla;Paris;SEASHELLS;3971.0;2
0;21029.0;Camilla;Penelope;SEASHELLS;3971.0;11
0;21036.0;Camilla;Penelope;SEASHELLS;3969.0;13
0;21044.0;Paris;Camilla;SEASHELLS;3973.0;10
0;21059.0;Peter;Paris;SEASHELLS;3966.0;3
0;21104.0;Camilla;Paris;SEASHELLS;3957.0;10
0;21144.0;Paris;Camilla;SEASHELLS;3965.0;4
0;21154.0;Paris;Camilla;SEASHELLS;3963.0;1
0;21168.0;Camilla;Paris;SEASHELLS;3958.0;10
0;21201.0;Penelope;Camilla;SEASHELLS;3970.0;14
0;21209.0;Gary;Camilla;SEASHELLS;3970.0;11
0;21213.0;Paris;Camilla;SEASHELLS;3970.0;5
0;21256.0;Camilla;Penelope;SEASHELLS;3961.0;10
0;21261.0;Pablo;Peter;SEASHELLS;3964.0;3
0;21293.0;Camilla;Paris;SEASHELLS;3958.0;10
0;21300.0;Penelope;Camilla;SEASHELLS;3964.0;12
0;21334.0;Paris;Camilla;SEASHELLS;3964.0;2
0;21337.0;Paris;Camilla;SEASHELLS;3964.0;5
0;21338.0;Paris;Camilla;SEASHELLS;3964.0;6
0;21358.0;Gary;Camilla;SEASHELLS;3965.0;15
0;21379.0;Camilla;Paris;SEASHELLS;3961.0;5
0;21384.0;Camilla;Paris;SEASHELLS;3961.0;6
0;21407.0;Paris;Camilla;SEASHELLS;3969.0;1
0;21410.0;Camilla;Paris;SEASHELLS;3962.0;3
0;21440.0;Camilla;Paris;SEASHELLS;3967.0;3
0;21440.0;Camilla;Penelope;SEASHELLS;3967.0;11
0;21458.0;Camilla;Penelope;SEASHELLS;3970.0;10
0;21465.0;Pablo;Peter;SEASHELLS;3975.0;3
0;21515.0;Paris;Camilla;SEASHELLS;3981.0;9
0;21525.0;Camilla;Paris;SEASHELLS;3973.0;4
0;21531.0;Camilla;Paris;SEASHELLS;3972.0;4
0;21554.0;Paris;Camilla;SEASHELLS;3978.0;6
0;21595.0;Camilla;Penelope;SEASHELLS;3972.0;11
0;21603.0;Gary;Camilla;SEASHELLS;3978.0;19
0;21608.0;Camilla;Paris;SEASHELLS;3973.0;10
0;21626.0;Paris;Camilla;SEASHELLS;3978.0;9
0;21640.0;Paris;Camilla;SEASHELLS;3978.0;2
0;21650.0;Camilla;Penelope;SEASHELLS;3971.0;13
0;21661.0;Paris;Camilla;SEASHELLS;3979.0;7
0;21681.0;Camilla;Paris;SEASHELLS;3972.0;1
0;21684.0;Paris;Camilla;SEASHELLS;3978.0;8
0;21695.0;Penelope;Camilla;SEASHELLS;3977.0;12
0;21702.0;Paris;Camilla;SEASHELLS;3975.0;5
0;21708.0;Camilla;Penelope;SEASHELLS;3967.0;12
0;21708.0;Camilla;Paris;SEASHELLS;3967.0;5
0;21723.0;Camilla;Gary;SEASHELLS;3967.0;15
0;21729.0;Paris;Camilla;SEASHELLS;3972.0;5
0;21730.0;Penelope;Camilla;SEASHELLS;3971.0;12
0;21738.0;Camilla;Paris;SEASHELLS;3966.0;4
0;21739.0;Camilla;Paris;SEASHELLS;3966.0;6
0;21759.0;Camilla;Gary;SEASHELLS;3960.0;10
0;21762.0;Gary;Camilla;SEASHELLS;3967.0;11
0;21797.0;Camilla;Paris;SEASHELLS;3957.0;2
0;21815.0;Paris;Camilla;SEASHELLS;3968.0;5
0;21817.0;Paris;Camilla;SEASHELLS;3969.0;7
0;21827.0;Gary;Camilla;SEASHELLS;3971.0;15
0;21832.0;Paris;Camilla;SEASHELLS;3970.0;1
0;21851.0;Gary;Camilla;SEASHELLS;3972.0;13
0;21867.0;Camilla;Paris;SEASHELLS;3964.0;10
0;21882.0;Paris;Camilla;SEASHELLS;3970.0;3
0;21885.0;Penelope;Camilla;SEASHELLS;3970.0;13
0;21917.0;Camilla;Penelope;SEASHELLS;3962.0;11
0;21935.0;Paris;Camilla;SEASHELLS;3969.0;10
0;21955.0;Penelope;Camilla;SEASHELLS;3969.0;12
0;21979.0;Camilla;Paris;SEASHELLS;3967.0;7
0;21984.0;Peter;Paris;SEASHELLS;3972.0;2
0;22061.0;Gary;Camilla;SEASHELLS;3974.0;12
0;22073.0;Paris;Camilla;SEASHELLS;3974.0;7
0;22117.0;Penelope;Camilla;SEASHELLS;3974.0;11
0;22129.0;Paris;Pablo;SEASHELLS;3967.0;5
0;22138.0;Camilla;Paris;SEASHELLS;3967.0;9
0;22143.0;Camilla;Paris;SEASHELLS;3966.0;6
0;22147.0;Peter;Penelope;SEASHELLS;3969.0;1
0;22178.0;Paris;Camilla;SEASHELLS;3976.0;10
0;22188.0;Gary;Camilla;SEASHELLS;3976.0;11
0;22194.0;Paris;Camilla;SEASHELLS;3976.0;7
0;22205.0;Camilla;Paris;SEASHELLS;3970.0;10
0;22212.0;Paris;Camilla;SEASHELLS;3976.0;6
0;22234.0;Pablo;Paris;SEASHELLS;3971.0;2
0;22258.0;Camilla;Gary;SEASHELLS;3963.0;10
0;22262.0;Camilla;Penelope;SEASHELLS;3963.0;14
0;22292.0;Paris;Camilla;SEASHELLS;3968.0;5
0;22298.0;Penelope;Camilla;SEASHELLS;3967.0;11
0;22327.0;Paris;Camilla;SEASHELLS;3963.0;1
0;22336.0;Penelope;Camilla;SEASHELLS;3963.0;14
0;22344.0;Camilla;Paris;SEASHELLS;3955.0;9
0;22346.0;Camilla;Paris;SEASHELLS;3955.0;9
0;22354.0;Camilla;Penelope;SEASHELLS;3955.0;10
0;22388.0;Paris;Camilla;SEASHELLS;3969.0;3
0;22397.0;Penelope;Camilla;SEASHELLS;3969.0;12
0;22410.0;Camilla;Gary;SEASHELLS;3960.0;19
0;22428.0;Paris;Camilla;SEASHELLS;3968.0;5
0;22484.0;Paris;Camilla;SEASHELLS;3969.0;1
0;22491.0;Gary;Camilla;SEASHELLS;3971.0;18
0;22510.0;Camilla;Penelope;SEASHELLS;3961.0;10
0;22511.0;Camilla;Penelope;SEASHELLS;3961.0;15
0;22527.0;Penelope;Camilla;SEASHELLS;3971.0;15
0;22527.0;Paris;Camilla;SEASHELLS;3971.0;1
0;22536.0;Paris;Camilla;SEASHELLS;3971.0;7
0;22546.0;Camilla;Paris;SEASHELLS;3965.0;8
0;22587.0;Camilla;Penelope;SEASHELLS;3962.0;15
0;22604.0;Penelope;Camilla;SEASHELLS;3972.0;11
0;22614.0;Penelope;Camilla;SEASHELLS;3975.0;11
0;22634.0;Penelope;Camilla;SEASHELLS;3977.0;13
0;22648.0;Gary;Camilla;SEASHELLS;3978.0;16
0;22649.0;Gary;Camilla;SEASHELLS;3977.0;20
0;22650.0;Camilla;Paris;SEASHELLS;3969.0;4
0;22695.0;Camilla;Paris;SEASHELLS;3968.0;10
0;22702.0;Camilla;Paris;SEASHELLS;3969.0;2
0;22707.0;Paris;Camilla;SEASHELLS;3976.0;1
0;22716.0;Camilla;Penelope;SEASHELLS;3964.0;15
0;22720.0;Camilla;Paris;SEASHELLS;3964.0;7
0;22764.0;Camilla;Gary;SEASHELLS;3963.0;18
0;22777.0;Camilla;Paris;SEASHELLS;3965.0;10
0;22785.0;Camilla;Gary;SEASHELLS;3967.0;16
0;22786.0;Camilla;Penelope;SEASHELLS;3968.0;14
0;22799.0;Paris;Camilla;SEASHELLS;3973.0;8
0;22800.0;Penelope;Camilla;SEASHELLS;3973.0;12
0;22813.0;Camilla;Penelope;SEASHELLS;3961.0;10
0;22847.0;Paris;Camilla;SEASHELLS;3973.0;3
0;22860.0;Gary;Camilla;SEASHELLS;3973.0;15
0;22861.0;Gary;Camilla;SEASHELLS;3974.0;15
0;22869.0;Camilla;Paris;SEASHELLS;3967.0;6
0;22891.0;Penelope;Camilla;SEASHELLS;3975.0;11
0;22911.0;Camilla;Gary;SEASHELLS;3969.0;12
0;22919.0;Camilla;Gary;SEASHELLS;3969.0;17
0;22948.0;Camilla;Penelope;SEASHELLS;3966.0;12
0;22949.0;Penelope;Camilla;SEASHELLS;3973.0;11
0;22955.0;Camilla;Paris;SEASHELLS;3966.0;1
0;22979.0;Camilla;Paris;SEASHELLS;3964.0;1
0;22991.0;Paris;Camilla;SEASHELLS;3970.0;9
0;23032.0;Camilla;Paris;SEASHELLS;3961.0;1
0;23038.0;Camilla;Paris;SEASHELLS;3964.0;9
0;23047.0;Paris;Camilla;SEASHELLS;3971.0;8
0;23075.0;Penelope;Camilla;SEASHELLS;3967.0;12
0;23076.0;Paris;Camilla;SEASHELLS;3967.0;3
0;23090.0;Paris;Camilla;SEASHELLS;3969.0;3
0;23093.0;Camilla;Penelope;SEASHELLS;3963.0;12
0;23110.0;Camilla;Paris;SEASHELLS;3964.0;5
0;23176.0;Charlie;Paris;SEASHELLS;3960.0;7
0;23176.0;Camilla;Gary;SEASHELLS;3961.0;15
0;23211.0;Paris;Camilla;SEASHELLS;3969.0;3
0;23218.0;Paris;Camilla;SEASHELLS;3970.0;3
0;23228.0;Paris;Camilla;SEASHELLS;3969.0;8
0;23276.0;Paris;Camilla;SEASHELLS;3974.0;7
0;23281.0;Paris;Camilla;SEASHELLS;3975.0;9
0;23311.0;Camilla;Penelope;SEASHELLS;3966.0;11
0;23318.0;Camilla;Paris;SEASHELLS;3966.0;4
0;23324.0;Camilla;Paris;SEASHELLS;3965.0;10
0;23334.0;Camilla;Penelope;SEASHELLS;3967.0;10
0;23338.0;Camilla;Penelope;SEASHELLS;3966.0;10
0;23346.0;Camilla;Paris;SEASHELLS;3965.0;3
0;23357.0;Paris;Camilla;SEASHELLS;3972.0;2
0;23361.0;Paris;Camilla;SEASHELLS;3972.0;2
0;23365.0;Camilla;Gary;SEASHELLS;3965.0;14
0;23372.0;Penelope;Camilla;SEASHELLS;3972.0;11
0;23378.0;Penelope;Camilla;SEASHELLS;3971.0;15
0;23405.0;Penelope;Camilla;SEASHELLS;3972.0;13
0;23414.0;Paris;Camilla;SEASHELLS;3972.0;7
0;23525.0;Camilla;Paris;SEASHELLS;3958.0;1
0;23540.0;Camilla;Paris;SEASHELLS;3959.0;7
0;23555.0;Gary;Camilla;SEASHELLS;3965.0;10
0;23569.0;Paris;Camilla;SEASHELLS;3964.0;3
0;23581.0;Camilla;Paris;SEASHELLS;3958.0;4
0;23585.0;Camilla;Paris;SEASHELLS;3960.0;2
0;23592.0;Paris;Camilla;SEASHELLS;3966.0;7
0;23603.0;Camilla;Penelope;SEASHELLS;3959.0;15
0;23605.0;Camilla;Penelope;SEASHELLS;3959.0;14
0;23623.0;Camilla;Paris;SEASHELLS;3957.0;3
0;23647.0;Penelope;Camilla;SEASHELLS;3964.0;10
0;23667.0;Penelope;Camilla;SEASHELLS;3964.0;12
0;23672.0;Penelope;Camilla;SEASHELLS;3962.0;10
0;23684.0;Paris;Camilla;SEASHELLS;3963.0;4
0;23717.0;Camilla;Paris;SEASHELLS;3956.0;4
0;23723.0;Paris;Camilla;SEASHELLS;3966.0;4
0;23740.0;Camilla;Paris;SEASHELLS;3957.0;5
0;23744.0;Camilla;Gary;SEASHELLS;3957.0;10
0;23753.0;Paris;Camilla;SEASHELLS;3963.0;3
0;23796.0;Penelope;Camilla;SEASHELLS;3965.0;15
0;23800.0;Camilla;Gary;SEASHELLS;3957.0;11
0;23828.0;Camilla;Paris;SEASHELLS;3957.0;7
0;23853.0;Camilla;Gary;SEASHELLS;3957.0;10
0;23858.0;Camilla;Penelope;SEASHELLS;3956.0;13
0;23865.0;Penelope;Camilla;SEASHELLS;3965.0;12
0;23868.0;Camilla;Paris;SEASHELLS;3957.0;10
0;23869.0;Camilla;Gary;SEASHELLS;3957.0;17
0;23882.0;Penelope;Pablo;SEASHELLS;3958.0;10
0;23898.0;Penelope;Camilla;SEASHELLS;3966.0;14
0;23901.0;Gary;Peter;SEASHELLS;3963.0;4
0;23912.0;Penelope;Camilla;SEASHELLS;3965.0;10
0;23932.0;Camilla;Paris;SEASHELLS;3959.0;2
0;23946.0;Camilla;Gary;SEASHELLS;3961.0;19
0;23948.0;Gary;Camilla;SEASHELLS;3968.0;11
0;23950.0;Paris;Camilla;SEASHELLS;3969.0;6
0;23966.0;Camilla;Paris;SEASHELLS;3962.0;1
0;23986.0;Paris;Camilla;SEASHELLS;3970.0;5
0;24020.0;Camilla;Paris;SEASHELLS;3963.0;7
0;24020.0;Penelope;Camilla;SEASHELLS;3970.0;12
0;24037.0;Paris;Peter;SEASHELLS;3969.0;3
0;24064.0;Gary;Camilla;SEASHELLS;3971.0;12
0;24091.0;Penelope;Camilla;SEASHELLS;3975.0;15
0;24095.0;Camilla;Paris;SEASHELLS;3967.0;9
0;24106.0;Camilla;Paris;SEASHELLS;3968.0;3
0;24110.0;Camilla;Paris;SEASHELLS;3969.0;4
0;24139.0;Penelope;Camilla;SEASHELLS;3976.0;10
0;24205.0;Camilla;Gary;SEASHELLS;3976.0;20
0;24206.0;Camilla;Paris;SEASHELLS;3975.0;6
0;24241.0;Penelope;Camilla;SEASHELLS;3984.0;15
0;24247.0;Paris;Camilla;SEASHELLS;3984.0;6
0;24266.0;Penelope;Camilla;SEASHELLS;3981.0;12
0;24282.0;Penelope;Camilla;SEASHELLS;3979.0;12
0;24286.0;Penelope;Camilla;SEASHELLS;3979.0;10
0;24314.0;Gary;Peter;SEASHELLS;3971.0;4
0;24318.0;Camilla;Penelope;SEASHELLS;3968.0;10
0;24375.0;Penelope;Camilla;SEASHELLS;3976.0;11
0;24376.0;Camilla;Paris;SEASHELLS;3969.0;2
0;24427.0;Camilla;Paris;SEASHELLS;3973.0;2
0;24486.0;Penelope;Camilla;SEASHELLS;3985.0;11
0;24497.0;Paris;Camilla;SEASHELLS;3987.0;3
0;24509.0;Camilla;Paris;SEASHELLS;3979.0;5
0;24511.0;Gary;Camilla;SEASHELLS;3985.0;18
0;24528.0;Camilla;Penelope;SEASHELLS;3980.0;14
0;24531.0;Camilla;Paris;SEASHELLS;3980.0;3
0;24534.0;Paris;Camilla;SEASHELLS;3987.0;5
0;24543.0;Penelope;Camilla;SEASHELLS;3987.0;10
0;24590.0;Camilla;Gary;SEASHELLS;3982.0;19
0;24625.0;Paris;Gina;SEASHELLS;3986.0;5
0;24634.0;Gary;Pablo;SEASHELLS;3987.0;9
0;24639.0;Paris;Camilla;SEASHELLS;3994.0;5
0;24694.0;Gary;Peter;SEASHELLS;3990.0;1
0;24702.0;Camilla;Paris;SEASHELLS;3986.0;10
0;24738.0;Gary;Peter;SEASHELLS;3988.0;1
0;24747.0;Camilla;Penelope;SEASHELLS;3987.0;12
0;24748.0;Paris;Camilla;SEASHELLS;3995.0;2
0;24751.0;Camilla;Gary;SEASHELLS;3987.0;16
0;24764.0;Camilla;Paris;SEASHELLS;3984.0;10
0;24767.0;Paris;Camilla;SEASHELLS;3991.0;3
0;24779.0;Camilla;Gary;SEASHELLS;3983.0;18
0;24813.0;Paris;Camilla;SEASHELLS;3990.0;2
0;24821.0;Camilla;Paris;SEASHELLS;3982.0;4
0;24853.0;Camilla;Penelope;SEASHELLS;3981.0;10
0;24869.0;Penelope;Camilla;SEASHELLS;3990.0;11
0;24903.0;Penelope;Camilla;SEASHELLS;3990.0;10
0;24910.0;Penelope;Camilla;SEASHELLS;3988.0;10
0;24921.0;Paris;Camilla;SEASHELLS;3990.0;4
0;24969.0;Paris;Camilla;SEASHELLS;3991.0;9
0;24981.0;Paris;Camilla;SEASHELLS;3992.0;10
0;24989.0;Paris;Camilla;SEASHELLS;3992.0;6
0;24992.0;Camilla;Penelope;SEASHELLS;3985.0;12
0;25028.0;Camilla;Penelope;SEASHELLS;3987.0;10
0;25052.0;Camilla;Paris;SEASHELLS;3985.0;2
0;25056.0;Camilla;Paris;SEASHELLS;3986.0;4
0;25066.0;Camilla;Paris;SEASHELLS;3985.0;10
0;25067.0;Gary;Camilla;SEASHELLS;3992.0;17
0;25101.0;Camilla;Penelope;SEASHELLS;3988.0;12
0;25127.0;Camilla;Paris;SEASHELLS;3986.0;6
0;25128.0;Camilla;Paris;SEASHELLS;3986.0;6
0;25134.0;Camilla;Paris;SEASHELLS;3988.0;3
0;25163.0;Paris;Camilla;SEASHELLS;3997.0;6
0;25176.0;Camilla;Gary;SEASHELLS;3991.0;12
0;25185.0;Camilla;Paris;SEASHELLS;3995.0;6
0;25227.0;Camilla;Gary;SEASHELLS;3992.0;11
0;25246.0;Penelope;Camilla;SEASHELLS;3999.0;12
0;25273.0;Penelope;Camilla;SEASHELLS;3999.0;14
0;25278.0;Camilla;Penelope;SEASHELLS;3993.0;12
0;25290.0;Paris;Camilla;SEASHELLS;3997.0;8
0;25357.0;Paris;Camilla;SEASHELLS;4004.0;1
0;25362.0;Paris;Camilla;SEASHELLS;4003.0;6
0;25389.0;Paris;Camilla;SEASHELLS;4004.0;1
0;25389.0;Penelope;Camilla;SEASHELLS;4004.0;11
0;25396.0;Paris;Camilla;SEASHELLS;4002.0;5
0;25428.0;Camilla;Gary;SEASHELLS;3994.0;12
0;25444.0;Gary;Camilla;SEASHELLS;3998.0;13
0;25456.0;Camilla;Penelope;SEASHELLS;3991.0;12
0;25467.0;Paris;Camilla;SEASHELLS;3998.0;10
0;25469.0;Paris;Camilla;SEASHELLS;3997.0;7
0;25481.0;Camilla;Paris;SEASHELLS;3990.0;9
0;25492.0;Camilla;Paris;SEASHELLS;3989.0;8
0;25542.0;Camilla;Paris;SEASHELLS;3988.0;10
0;25550.0;Camilla;Gary;SEASHELLS;3990.0;10
0;25567.0;Camilla;Penelope;SEASHELLS;3986.0;15
0;25603.0;Pablo;Gary;SEASHELLS;3991.0;13
0;25617.0;Camilla;Penelope;SEASHELLS;3989.0;11
0;25650.0;Penelope;Camilla;SEASHELLS;3993.0;12
0;25679.0;Gary;Camilla;SEASHELLS;3991.0;15
0;25773.0;Gary;Camilla;SEASHELLS;3984.0;12
0;25774.0;Penelope;Camilla;SEASHELLS;3984.0;11
0;25778.0;Gary;Camilla;SEASHELLS;3983.0;20
0;25830.0;Camilla;Penelope;SEASHELLS;3972.0;11
0;25836.0;Camilla;Paris;SEASHELLS;3971.0;10
0;25846.0;Paris;Camilla;SEASHELLS;3978.0;5
0;25848.0;Paris;Camilla;SEASHELLS;3978.0;1
0;25868.0;Camilla;Paris;SEASHELLS;3970.0;8
0;25874.0;Camilla;Gary;SEASHELLS;3971.0;20
0;25899.0;Camilla;Gary;SEASHELLS;3971.0;11
0;25924.0;Camilla;Paris;SEASHELLS;3971.0;2
0;26003.0;Paris;Camilla;SEASHELLS;3978.0;3
0;26005.0;Paris;Camilla;SEASHELLS;3977.0;2
0;26008.0;Paris;Camilla;SEASHELLS;3977.0;5
0;26010.0;Camilla;Gary;SEASHELLS;3970.0;16
0;26024.0;Camilla;Paris;SEASHELLS;3965.0;6
0;26046.0;Camilla;Paris;SEASHELLS;3967.0;2
0;26052.0;Peter;Pablo;SEASHELLS;3971.0;5
0;26074.0;Camilla;Gary;SEASHELLS;3971.0;11
0;26108.0;Paris;Camilla;SEASHELLS;3977.0;1
0;26127.0;Gary;Camilla;SEASHELLS;3974.0;11
0;26129.0;Camilla;Paris;SEASHELLS;3968.0;4
0;26134.0;Camilla;Gary;SEASHELLS;3967.0;11
0;26144.0;Paris;Pablo;SEASHELLS;3969.0;1
0;26157.0;Paris;Camilla;SEASHELLS;3973.0;2
0;26174.0;Penelope;Camilla;SEASHELLS;3975.0;12
0;26182.0;Camilla;Paris;SEASHELLS;3968.0;6
0;26200.0;Paris;Peter;SEASHELLS;3968.0;4
0;26240.0;Paris;Camilla;SEASHELLS;3975.0;10
0;26270.0;Paris;Camilla;SEASHELLS;3971.0;3
0;26327.0;Paris;Camilla;SEASHELLS;3971.0;5
0;26360.0;Gary;Camilla;SEASHELLS;3964.0;15
0;26387.0;Paris;Camilla;SEASHELLS;3963.0;5
0;26403.0;Camilla;Penelope;SEASHELLS;3958.0;14
0;26406.0;Camilla;Penelope;SEASHELLS;3958.0;10
0;26432.0;Paris;Camilla;SEASHELLS;3969.0;10
0;26467.0;Penelope;Camilla;SEASHELLS;3966.0;10
0;26474.0;Camilla;Paris;SEASHELLS;3957.0;6
0;26506.0;Paris;Camilla;SEASHELLS;3968.0;4
0;26523.0;Paris;Camilla;SEASHELLS;3969.0;3
0;26529.0;Penelope;Camilla;SEASHELLS;3969.0;14
0;26536.0;Paris;Camilla;SEASHELLS;3967.0;2
0;26539.0;Paris;Camilla;SEASHELLS;3968.0;4
0;26562.0;Camilla;Paris;SEASHELLS;3955.0;8
0;26577.0;Camilla;Penelope;SEASHELLS;3952.0;11
0;26579.0;Camilla;Gary;SEASHELLS;3952.0;16
0;26610.0;Camilla;Paris;SEASHELLS;3954.0;8
0;26636.0;Camilla;Paris;SEASHELLS;3954.0;8
0;26650.0;Camilla;Gary;SEASHELLS;3952.0;10
0;26661.0;Paris;Camilla;SEASHELLS;3960.0;10
0;26671.0;Penelope;Paris;SEASHELLS;3959.0;2
0;26671.0;Penelope;Camilla;SEASHELLS;3959.0;10
0;26676.0;Camilla;Paris;SEASHELLS;3953.0;6
0;26694.0;Camilla;Paris;SEASHELLS;3952.0;4
0;26703.0;Camilla;Penelope;SEASHELLS;3952.0;15
0;26709.0;Pablo;Gina;SEASHELLS;3954.0;9
0;26714.0;Peter;Pablo;SEASHELLS;3954.0;3
0;26734.0;Gary;Pablo;SEASHELLS;3956.0;15
0;26736.0;Paris;Camilla;SEASHELLS;3961.0;5
0;26740.0;Camilla;Paris;SEASHELLS;3954.0;6
0;26779.0;Penelope;Camilla;SEASHELLS;3959.0;10
0;26787.0;Camilla;Penelope;SEASHELLS;3954.0;11
0;26802.0;Camilla;Penelope;SEASHELLS;3954.0;15
0;26824.0;Camilla;Penelope;SEASHELLS;3949.0;15
0;26832.0;Paris;Camilla;SEASHELLS;3957.0;6
0;26839.0;Camilla;Paris;SEASHELLS;3950.0;9
0;26845.0;Penelope;Camilla;SEASHELLS;3957.0;13
0;26848.0;Penelope;Camilla;SEASHELLS;3957.0;13
0;26852.0;Camilla;Paris;SEASHELLS;3950.0;4
0;26853.0;Camilla;Paris;SEASHELLS;3950.0;8
0;26856.0;Camilla;Penelope;SEASHELLS;3949.0;11
0;26891.0;Camilla;Gary;SEASHELLS;3949.0;13
0;26892.0;Gary;Camilla;SEASHELLS;3956.0;14
0;26894.0;Camilla;Penelope;SEASHELLS;3950.0;10
0;26921.0;Paris;Camilla;SEASHELLS;3958.0;3
0;26948.0;Gary;Camilla;SEASHELLS;3957.0;13
0;27010.0;Paris;Camilla;SEASHELLS;3954.0;4
0;27049.0;Paris;Camilla;SEASHELLS;3952.0;6
0;27066.0;Paris;Camilla;SEASHELLS;3954.0;6
0;27068.0;Camilla;Paris;SEASHELLS;3947.0;2
0;27069.0;Paris;Camilla;SEASHELLS;3954.0;7
0;27073.0;Camilla;Paris;SEASHELLS;3948.0;7
0;27119.0;Penelope;Camilla;SEASHELLS;3951.0;10
0;27175.0;Penelope;Camilla;SEASHELLS;3958.0;13
0;27213.0;Paris;Peter;SEASHELLS;3953.0;4
0;27223.0;Paris;Camilla;SEASHELLS;3958.0;5
0;27226.0;Camilla;Paris;SEASHELLS;3953.0;8
0;27247.0;Gary;Camilla;SEASHELLS;3961.0;13
0;27251.0;Camilla;Gary;SEASHELLS;3954.0;12
0;27281.0;Gary;Camilla;SEASHELLS;3962.0;18
0;27311.0;Camilla;Paris;SEASHELLS;3958.0;2
0;27320.0;Camilla;Paris;SEASHELLS;3959.0;9
0;27356.0;Paris;Camilla;SEASHELLS;3964.0;1
0;27362.0;Camilla;Gary;SEASHELLS;3959.0;19
0;27384.0;Camilla;Paris;SEASHELLS;3958.0;5
0;27387.0;Paris;Camilla;SEASHELLS;3963.0;6
0;27409.0;Paris;Camilla;SEASHELLS;3961.0;5
0;27442.0;Penelope;Camilla;SEASHELLS;3959.0;12
0;27452.0;Paris;Camilla;SEASHELLS;3960.0;2
0;27457.0;Camilla;Paris;SEASHELLS;3953.0;9
0;27500.0;Paris;Camilla;SEASHELLS;3953.0;8
0;27504.0;Camilla;Paris;SEASHELLS;3946.0;10
0;27516.0;Penelope;Camilla;SEASHELLS;3952.0;11
0;27551.0;Paris;Camilla;SEASHELLS;3949.0;6
0;27552.0;Paris;Camilla;SEASHELLS;3949.0;5
0;27562.0;Camilla;Paris;SEASHELLS;3943.0;8
0;27591.0;Camilla;Penelope;SEASHELLS;3948.0;12
0;27597.0;Camilla;Paris;SEASHELLS;3948.0;7
0;27620.0;Camilla;Paris;SEASHELLS;3950.0;10
0;27640.0;Camilla;Paris;SEASHELLS;3951.0;6
0;27703.0;Camilla;Paris;SEASHELLS;3953.0;10
0;27715.0;Camilla;Paris;SEASHELLS;3952.0;6
0;27718.0;Penelope;Camilla;SEASHELLS;3958.0;14
0;27742.0;Camilla;Gary;SEASHELLS;3953.0;18
0;27868.0;Camilla;Penelope;SEASHELLS;3962.0;13
0;27889.0;Camilla;Paris;SEASHELLS;3964.0;1
0;27899.0;Gary;Charlie;SEASHELLS;3972.0;27
0;27905.0;Gary;Camilla;SEASHELLS;3971.0;18
0;27935.0;Gary;Camilla;SEASHELLS;3974.0;13
0;27936.0;Paris;Camilla;SEASHELLS;3974.0;3
0;27988.0;Paris;Camilla;SEASHELLS;3974.0;10
0;28015.0;Gary;Camilla;SEASHELLS;3976.0;19
0;28030.0;Camilla;Gary;SEASHELLS;3971.0;19
0;28037.0;Camilla;Gary;SEASHELLS;3970.0;10
0;28048.0;Gary;Camilla;SEASHELLS;3979.0;19
0;28050.0;Camilla;Paris;SEASHELLS;3972.0;3
0;28060.0;Penelope;Camilla;SEASHELLS;3979.0;14
0;28065.0;Camilla;Gary;SEASHELLS;3971.0;18
0;28069.0;Camilla;Paris;SEASHELLS;3969.0;4
0;28079.0;Camilla;Penelope;SEASHELLS;3970.0;14
0;28083.0;Camilla;Paris;SEASHELLS;3969.0;2
0;28105.0;Paris;Camilla;SEASHELLS;3973.0;10
0;28120.0;Camilla;Paris;SEASHELLS;3969.0;9
0;28141.0;Paris;Camilla;SEASHELLS;3975.0;10
0;28149.0;Paris;Camilla;SEASHELLS;3977.0;8
0;28258.0;Camilla;Gary;SEASHELLS;3969.0;20
0;28276.0;Camilla;Paris;SEASHELLS;3969.0;5
0;28278.0;Paris;Camilla;SEASHELLS;3977.0;7
0;28313.0;Pablo;Peter;SEASHELLS;3974.0;4
0;28333.0;Camilla;Paris;SEASHELLS;3971.0;7
0;28334.0;Paris;Camilla;SEASHELLS;3978.0;5
0;28350.0;Paris;Camilla;SEASHELLS;3978.0;9
0;28380.0;Paris;Peter;SEASHELLS;3975.0;5
0;28414.0;Paris;Camilla;SEASHELLS;3978.0;6
0;28434.0;Camilla;Penelope;SEASHELLS;3967.0;10
0;28454.0;Peter;Gary;SEASHELLS;3968.0;5
0;28460.0;Camilla;Paris;SEASHELLS;3963.0;6
0;28481.0;Camilla;Penelope;SEASHELLS;3965.0;11
0;28490.0;Penelope;Camilla;SEASHELLS;3970.0;10
0;28556.0;Penelope;Camilla;SEASHELLS;3967.0;10
0;28603.0;Penelope;Camilla;SEASHELLS;3966.0;13
0;28613.0;Camilla;Paris;SEASHELLS;3961.0;6
0;28651.0;Pablo;Peter;SEASHELLS;3958.0;4
0;28674.0;Paris;Camilla;SEASHELLS;3964.0;6
0;28676.0;Camilla;Paris;SEASHELLS;3957.0;6
0;28677.0;Penelope;Camilla;SEASHELLS;3964.0;14
0;28691.0;Camilla;Penelope;SEASHELLS;3956.0;12
0;28702.0;Paris;Camilla;SEASHELLS;3963.0;9
0;28759.0;Paris;Camilla;SEASHELLS;3966.0;7
0;28796.0;Camilla;Paris;SEASHELLS;3960.0;6
0;28801.0;Paris;Camilla;SEASHELLS;3966.0;3
0;28831.0;Camilla;Penelope;SEASHELLS;3959.0;10
0;28841.0;Penelope;Camilla;SEASHELLS;3966.0;13
0;28850.0;Camilla;Paris;SEASHELLS;3960.0;3
0;28870.0;Gary;Camilla;SEASHELLS;3968.0;19
0;28891.0;Penelope;Camilla;SEASHELLS;3969.0;11
0;28962.0;Penelope;Camilla;SEASHELLS;3970.0;13
0;28972.0;Penelope;Camilla;SEASHELLS;3971.0;13
0;28977.0;Camilla;Paris;SEASHELLS;3964.0;7
0;28984.0;Camilla;Paris;SEASHELLS;3964.0;8
0;28989.0;Paris;Pablo;SEASHELLS;3965.0;5
0;29012.0;Penelope;Camilla;SEASHELLS;3966.0;12
0;29041.0;Camilla;Paris;SEASHELLS;3960.0;6
0;29065.0;Paris;Camilla;SEASHELLS;3962.0;10
0;29071.0;Camilla;Paris;SEASHELLS;3952.0;3
0;29075.0;Camilla;Penelope;SEASHELLS;3952.0;14
0;29079.0;Gary;Camilla;SEASHELLS;3958.0;19
0;29110.0;Paris;Camilla;SEASHELLS;3959.0;10
0;29141.0;Camilla;Paris;SEASHELLS;3957.0;7
0;29142.0;Camilla;Gary;SEASHELLS;3957.0;14
0;29157.0;Camilla;Paris;SEASHELLS;3953.0;9
0;29188.0;Paris;Camilla;SEASHELLS;3957.0;9
0;29216.0;Camilla;Penelope;SEASHELLS;3953.0;11
0;29253.0;Camilla;Penelope;SEASHELLS;3953.0;14
0;29263.0;Gary;Camilla;SEASHELLS;3957.0;11
0;29264.0;Penelope;Camilla;SEASHELLS;3957.0;11
0;29292.0;Camilla;Paris;SEASHELLS;3953.0;9
0;29327.0;Gina;Pablo;SEASHELLS;3956.0;10
0;29333.0;Camilla;Gary;SEASHELLS;3950.0;19
0;29389.0;Pablo;Peter;SEASHELLS;3954.0;2
0;29405.0;Camilla;Gary;SEASHELLS;3951.0;20
0;29412.0;Pablo;Gina;SEASHELLS;3953.0;15
0;29450.0;Paris;Camilla;SEASHELLS;3952.0;1
0;29456.0;Camilla;Paris;SEASHELLS;3944.0;6
0;29467.0;Penelope;Camilla;SEASHELLS;3948.0;11
0;29471.0;Paris;Camilla;SEASHELLS;3949.0;2
0;29500.0;Camilla;Gary;SEASHELLS;3943.0;12
0;29505.0;Camilla;Penelope;SEASHELLS;3944.0;10
0;29537.0;Camilla;Penelope;SEASHELLS;3940.0;11
0;29540.0;Camilla;Penelope;SEASHELLS;3939.0;13
0;29578.0;Camilla;Penelope;SEASHELLS;3939.0;14
0;29583.0;Paris;Camilla;SEASHELLS;3946.0;2
0;29589.0;Penelope;Camilla;SEASHELLS;3944.0;10
0;29594.0;Pablo;Paris;SEASHELLS;3940.0;3
0;29617.0;Paris;Camilla;SEASHELLS;3945.0;7
0;29618.0;Paris;Camilla;SEASHELLS;3947.0;10
0;29626.0;Camilla;Paris;SEASHELLS;3942.0;10
0;29646.0;Pablo;Paris;SEASHELLS;3945.0;1
0;29672.0;Paris;Camilla;SEASHELLS;3946.0;1
0;29673.0;Paris;Camilla;SEASHELLS;3945.0;10
0;29720.0;Paris;Camilla;SEASHELLS;3938.0;10
0;29770.0;Gary;Camilla;SEASHELLS;3939.0;12
0;29777.0;Penelope;Camilla;SEASHELLS;3940.0;14
0;29792.0;Camilla;Paris;SEASHELLS;3932.0;2
0;29809.0;Camilla;Paris;SEASHELLS;3935.0;5
0;29819.0;Gary;Camilla;SEASHELLS;3942.0;19
0;29819.0;Penelope;Charlie;SEASHELLS;3943.0;12
0;29825.0;Penelope;Camilla;SEASHELLS;3942.0;11
0;29851.0;Camilla;Paris;SEASHELLS;3934.0;8
0;29866.0;Camilla;Paris;SEASHELLS;3930.0;10
0;29867.0;Camilla;Penelope;SEASHELLS;3930.0;13
0;29867.0;Camilla;Paris;SEASHELLS;3930.0;1
0;29885.0;Camilla;Penelope;SEASHELLS;3930.0;11
0;29888.0;Camilla;Paris;SEASHELLS;3930.0;1
0;29906.0;Gary;Camilla;SEASHELLS;3931.0;11
0;29914.0;Paris;Camilla;SEASHELLS;3928.0;9
0;29915.0;Camilla;Penelope;SEASHELLS;3920.0;10
0;29916.0;Penelope;Camilla;SEASHELLS;3926.0;14
0;29951.0;Peter;Paris;SEASHELLS;3922.0;1
0;29979.0;Olivia;Camilla;SEASHELLS;3921.0;16
0;29979.0;Olivia;Charlie;SEASHELLS;3922.0;1
0;29990.0;Gary;Camilla;SEASHELLS;3923.0;17
0;29995.0;Camilla;Penelope;SEASHELLS;3917.0;12
0;30000.0;Penelope;Charlie;SEASHELLS;3924.0;13
1;30033.0;Paris;Camilla;SEASHELLS;3921.0;9
1;30036.0;Camilla;Paris;SEASHELLS;3914.0;6
1;30038.0;Camilla;Penelope;SEASHELLS;3914.0;10
1;30055.0;Paris;Camilla;SEASHELLS;3920.0;4
1;30058.0;Gary;Camilla;SEASHELLS;3920.0;19
1;30070.0;Gary;Camilla;SEASHELLS;3920.0;19
1;30082.0;Paris;Camilla;SEASHELLS;3922.0;4
1;30090.0;Paris;Camilla;SEASHELLS;3923.0;1
1;30109.0;Camilla;Penelope;SEASHELLS;3915.0;14
1;30116.0;Camilla;Gary;SEASHELLS;3916.0;18
1;30129.0;Gary;Camilla;SEASHELLS;3918.0;11
1;30169.0;Paris;Camilla;SEASHELLS;3918.0;5
1;30174.0;Gary;Camilla;SEASHELLS;3917.0;10
1;30206.0;Camilla;Paris;SEASHELLS;3911.0;4
1;30218.0;Camilla;Penelope;SEASHELLS;3915.0;13
1;30220.0;Penelope;Camilla;SEASHELLS;3922.0;14
1;30255.0;Camilla;Gary;SEASHELLS;3917.0;10
1;30256.0;Pablo;Peter;SEASHELLS;3921.0;3
1;30260.0;Camilla;Paris;SEASHELLS;3917.0;2
1;30321.0;Paris;Camilla;SEASHELLS;3929.0;3
1;30326.0;Penelope;Camilla;SEASHELLS;3929.0;13
1;30329.0;Camilla;Gary;SEASHELLS;3921.0;14
1;30338.0;Camilla;Gary;SEASHELLS;3920.0;16
1;30341.0;Gary;Camilla;SEASHELLS;3926.0;20
1;30352.0;Paris;Camilla;SEASHELLS;3924.0;3
1;30392.0;Peter;Paris;SEASHELLS;3921.0;2
1;30398.0;Penelope;Camilla;SEASHELLS;3925.0;11
1;30403.0;Camilla;Paris;SEASHELLS;3916.0;2
1;30429.0;Camilla;Paris;SEASHELLS;3916.0;1
1;30444.0;Camilla;Paris;SEASHELLS;3917.0;9
1;30445.0;Camilla;Paris;SEASHELLS;3917.0;7
1;30448.0;Paris;Camilla;SEASHELLS;3924.0;5
1;30451.0;Penelope;Camilla;SEASHELLS;3924.0;12
1;30473.0;Gary;Camilla;SEASHELLS;3922.0;19
1;30478.0;Paris;Camilla;SEASHELLS;3922.0;6
1;30485.0;Camilla;Paris;SEASHELLS;3915.0;2
1;30525.0;Pablo;Gina;SEASHELLS;3916.0;9
1;30562.0;Gary;Camilla;SEASHELLS;3919.0;10
1;30576.0;Camilla;Paris;SEASHELLS;3912.0;10
1;30584.0;Paris;Camilla;SEASHELLS;3919.0;3
1;30592.0;Paris;Camilla;SEASHELLS;3918.0;3
1;30607.0;Penelope;Camilla;SEASHELLS;3918.0;11
1;30622.0;Penelope;Peter;SEASHELLS;3910.0;5
1;30628.0;Penelope;Camilla;SEASHELLS;3913.0;13
1;30639.0;Peter;Penelope;SEASHELLS;3910.0;2
1;30667.0;Gary;Camilla;SEASHELLS;3917.0;18
1;30681.0;Camilla;Penelope;SEASHELLS;3910.0;14
1;30683.0;Gary;Charlie;SEASHELLS;3916.0;27
1;30719.0;Camilla;Gary;SEASHELLS;3904.0;12
1;30734.0;Camilla;Paris;SEASHELLS;3904.0;7
1;30748.0;Gary;Peter;SEASHELLS;3907.0;3
1;30770.0;Paris;Camilla;SEASHELLS;3906.0;9
1;30796.0;Charlie;Paris;SEASHELLS;3901.0;8
1;30839.0;Gary;Camilla;SEASHELLS;3908.0;11
1;30849.0;Gary;Camilla;SEASHELLS;3907.0;18
1;30862.0;Penelope;Camilla;SEASHELLS;3908.0;12
1;30897.0;Camilla;Penelope;SEASHELLS;3901.0;11
1;30925.0;Camilla;Paris;SEASHELLS;3902.0;4
1;30936.0;Camilla;Paris;SEASHELLS;3898.0;5
1;30946.0;Camilla;Paris;SEASHELLS;3897.0;3
1;30958.0;Camilla;Paris;SEASHELLS;3897.0;3
1;30982.0;Camilla;Paris;SEASHELLS;3894.0;6
1;30989.0;Paris;Camilla;SEASHELLS;3902.0;1
1;30997.0;Paris;Camilla;SEASHELLS;3901.0;4
1;31006.0;Camilla;Gary;SEASHELLS;3894.0;12
1;31015.0;Camilla;Paris;SEASHELLS;3892.0;1
1;31026.0;Camilla;Paris;SEASHELLS;3893.0;7
1;31049.0;Paris;Camilla;SEASHELLS;3903.0;1
1;31055.0;Paris;Camilla;SEASHELLS;3905.0;4
1;31067.0;Paris;Camilla;SEASHELLS;3907.0;9
1;31070.0;Paris;Camilla;SEASHELLS;3908.0;4
1;31080.0;Camilla;Penelope;SEASHELLS;3900.0;12
1;31106.0;Paris;Camilla;SEASHELLS;3900.0;7
1;31111.0;Camilla;Penelope;SEASHELLS;3891.0;13
1;31211.0;Penelope;Camilla;SEASHELLS;3898.0;12
1;31216.0;Camilla;Penelope;SEASHELLS;3889.0;10
1;31240.0;Gary;Camilla;SEASHELLS;3895.0;20
1;31248.0;Pablo;Peter;SEASHELLS;3893.0;4
1;31266.0;Camilla;Paris;SEASHELLS;3886.0;7
1;31269.0;Penelope;Camilla;SEASHELLS;3893.0;11
1;31288.0;Peter;Penelope;SEASHELLS;3892.0;4
1;31307.0;Paris;Camilla;SEASHELLS;3894.0;8
1;31309.0;Gary;Camilla;SEASHELLS;3894.0;10
1;31347.0;Paris;Camilla;SEASHELLS;3891.0;2
1;31357.0;Camilla;Paris;SEASHELLS;3887.0;6
1;31436.0;Penelope;Camilla;SEASHELLS;3900.0;11
1;31455.0;Camilla;Penelope;SEASHELLS;3895.0;13
1;31460.0;Paris;Camilla;SEASHELLS;3902.0;10
1;31470.0;Camilla;Gary;SEASHELLS;3896.0;16
1;31475.0;Paris;Camilla;SEASHELLS;3905.0;4
1;31518.0;Paris;Camilla;SEASHELLS;3905.0;4
1;31531.0;Camilla;Paris;SEASHELLS;3899.0;2
1;31535.0;Camilla;Paris;SEASHELLS;3899.0;2
1;31546.0;Paris;Camilla;SEASHELLS;3904.0;10
1;31569.0;Penelope;Camilla;SEASHELLS;3904.0;11
1;31581.0;Camilla;Paris;SEASHELLS;3897.0;6
1;31585.0;Camilla;Penelope;SEASHELLS;3896.0;15
1;31605.0;Camilla;Penelope;SEASHELLS;3895.0;14
1;31606.0;Paris;Camilla;SEASHELLS;3903.0;7
1;31612.0;Penelope;Camilla;SEASHELLS;3903.0;11
1;31618.0;Paris;Camilla;SEASHELLS;3906.0;10
1;31626.0;Camilla;Paris;SEASHELLS;3899.0;10
1;31651.0;Camilla;Paris;SEASHELLS;3899.0;7
1;31682.0;Penelope;Camilla;SEASHELLS;3900.0;15
1;31691.0;Penelope;Camilla;SEASHELLS;3902.0;12
1;31699.0;Camilla;Gary;SEASHELLS;3895.0;10
1;31783.0;Camilla;Penelope;SEASHELLS;3904.0;13
1;31808.0;Camilla;Paris;SEASHELLS;3904.0;1
1;31815.0;Camilla;Paris;SEASHELLS;3907.0;5
1;31822.0;Camilla;Penelope;SEASHELLS;3907.0;11
1;31823.0;Camilla;Paris;SEASHELLS;3907.0;10
1;31849.0;Paris;Camilla;SEASHELLS;3912.0;4
1;31851.0;Camilla;Paris;SEASHELLS;3906.0;4
1;31852.0;Paris;Camilla;SEASHELLS;3913.0;7
1;31867.0;Gary;Camilla;SEASHELLS;3912.0;16
1;31869.0;Penelope;Camilla;SEASHELLS;3912.0;11
1;31885.0;Penelope;Camilla;SEASHELLS;3912.0;11
1;31901.0;Gary;Camilla;SEASHELLS;3910.0;12
1;31907.0;Camilla;Penelope;SEASHELLS;3903.0;11
1;31909.0;Paris;Camilla;SEASHELLS;3911.0;5
1;31955.0;Camilla;Paris;SEASHELLS;3898.0;2
1;31993.0;Gary;Camilla;SEASHELLS;3909.0;15
1;31996.0;Paris;Gary;SEASHELLS;3903.0;6
1;31996.0;Camilla;Gary;SEASHELLS;3903.0;17
1;31999.0;Paris;Camilla;SEASHELLS;3910.0;9
1;32010.0;Paris;Camilla;SEASHELLS;3910.0;10
1;32019.0;Penelope;Camilla;SEASHELLS;3912.0;12
1;32024.0;Gary;Camilla;SEASHELLS;3912.0;12
1;32025.0;Camilla;Gary;SEASHELLS;3905.0;10
1;32051.0;Camilla;Penelope;SEASHELLS;3901.0;13
1;32082.0;Paris;Charlie;SEASHELLS;3905.0;4
1;32107.0;Paris;Camilla;SEASHELLS;3904.0;2
1;32157.0;Paris;Camilla;SEASHELLS;3905.0;2
1;32177.0;Penelope;Camilla;SEASHELLS;3909.0;10
1;32202.0;Charlie;Gary;SEASHELLS;3894.0;26
1;32228.0;Penelope;Camilla;SEASHELLS;3905.0;11
1;32295.0;Camilla;Penelope;SEASHELLS;3897.0;12
1;32305.0;Camilla;Paris;SEASHELLS;3899.0;9
1;32306.0;Gary;Peter;SEASHELLS;3902.0;5
1;32329.0;Paris;Camilla;SEASHELLS;3907.0;10
1;32356.0;Paris;Camilla;SEASHELLS;3907.0;3
1;32406.0;Paris;Camilla;SEASHELLS;3905.0;3
1;32418.0;Pablo;Paris;SEASHELLS;3902.0;8
1;32434.0;Camilla;Gary;SEASHELLS;3902.0;20
1;32439.0;Paris;Camilla;SEASHELLS;3907.0;1
1;32464.0;Penelope;Camilla;SEASHELLS;3908.0;14
1;32505.0;Penelope;Camilla;SEASHELLS;3909.0;11
1;32513.0;Peter;Paris;SEASHELLS;3906.0;3
1;32514.0;Penelope;Camilla;SEASHELLS;3909.0;10
1;32520.0;Paris;Camilla;SEASHELLS;3909.0;1
1;32526.0;Gary;Camilla;SEASHELLS;3911.0;17
1;32535.0;Paris;Camilla;SEASHELLS;3912.0;2
1;32548.0;Camilla;Gary;SEASHELLS;3903.0;13
1;32557.0;Camilla;Paris;SEASHELLS;3903.0;6
1;32560.0;Paris;Camilla;SEASHELLS;3909.0;5
1;32589.0;Camilla;Paris;SEASHELLS;3904.0;5
1;32606.0;Penelope;Camilla;SEASHELLS;3912.0;14
1;32626.0;Penelope;Camilla;SEASHELLS;3913.0;14
1;32635.0;Camilla;Paris;SEASHELLS;3906.0;3
1;32636.0;Peter;Gary;SEASHELLS;3910.0;4
1;32643.0;Camilla;Penelope;SEASHELLS;3906.0;12
1;32649.0;Camilla;Paris;SEASHELLS;3907.0;9
1;32660.0;Paris;Camilla;SEASHELLS;3913.0;3
1;32670.0;Camilla;Paris;SEASHELLS;3910.0;1
1;32721.0;Camilla;Paris;SEASHELLS;3910.0;1
1;32726.0;Paris;Peter;SEASHELLS;3915.0;1
1;32770.0;Gary;Camilla;SEASHELLS;3919.0;13
1;32771.0;Paris;Camilla;SEASHELLS;3920.0;5
1;32808.0;Camilla;Paris;SEASHELLS;3913.0;7
1;32860.0;Camilla;Gary;SEASHELLS;3909.0;20
1;32884.0;Pablo;Paris;SEASHELLS;3912.0;1
1;32899.0;Camilla;Penelope;SEASHELLS;3908.0;12
1;32906.0;Penelope;Camilla;SEASHELLS;3914.0;10
1;32906.0;Paris;Charlie;SEASHELLS;3915.0;5
1;32910.0;Camilla;Paris;SEASHELLS;3907.0;9
1;32922.0;Camilla;Paris;SEASHELLS;3906.0;1
1;32935.0;Camilla;Gary;SEASHELLS;3908.0;11
1;32940.0;Camilla;Paris;SEASHELLS;3907.0;7
1;32943.0;Gary;Camilla;SEASHELLS;3914.0;18
1;32958.0;Camilla;Paris;SEASHELLS;3909.0;10
1;32960.0;Penelope;Camilla;SEASHELLS;3916.0;15
1;32974.0;Gary;Camilla;SEASHELLS;3918.0;18
1;32978.0;Paris;Camilla;SEASHELLS;3919.0;1
1;32979.0;Gary;Camilla;SEASHELLS;3919.0;13
1;33014.0;Penelope;Camilla;SEASHELLS;3922.0;10
1;33055.0;Camilla;Paris;SEASHELLS;3913.0;9
1;33084.0;Camilla;Gary;SEASHELLS;3914.0;17
1;33109.0;Camilla;Penelope;SEASHELLS;3913.0;10
1;33109.0;Paris;Penelope;SEASHELLS;3913.0;2
1;33118.0;Paris;Camilla;SEASHELLS;3920.0;1
1;33128.0;Peter;Gina;SEASHELLS;3915.0;4
1;33130.0;Paris;Camilla;SEASHELLS;3919.0;8
1;33153.0;Camilla;Gary;SEASHELLS;3914.0;15
1;33160.0;Paris;Camilla;SEASHELLS;3920.0;1
1;33164.0;Camilla;Paris;SEASHELLS;3912.0;5
1;33179.0;Camilla;Paris;SEASHELLS;3911.0;3
1;33189.0;Camilla;Paris;SEASHELLS;3908.0;7
1;33193.0;Camilla;Penelope;SEASHELLS;3910.0;11
1;33219.0;Gina;Peter;SEASHELLS;3910.0;3
1;33231.0;Penelope;Camilla;SEASHELLS;3914.0;12
1;33235.0;Paris;Camilla;SEASHELLS;3912.0;2
1;33237.0;Penelope;Camilla;SEASHELLS;3912.0;11
1;33243.0;Pablo;Paris;SEASHELLS;3907.0;1
1;33262.0;Penelope;Camilla;SEASHELLS;3913.0;14
1;33274.0;Camilla;Penelope;SEASHELLS;3907.0;10
1;33279.0;Camilla;Penelope;SEASHELLS;3909.0;13
1;33329.0;Camilla;Penelope;SEASHELLS;3910.0;11
1;33366.0;Peter;Penelope;SEASHELLS;3909.0;5
1;33389.0;Camilla;Penelope;SEASHELLS;3905.0;12
1;33419.0;Penelope;Camilla;SEASHELLS;3913.0;11
1;33420.0;Penelope;Camilla;SEASHELLS;3913.0;12
1;33437.0;Camilla;Penelope;SEASHELLS;3907.0;10
1;33460.0;Penelope;Camilla;SEASHELLS;3913.0;10
1;33460.0;Camilla;Paris;SEASHELLS;3906.0;8
1;33482.0;Gary;Camilla;SEASHELLS;3913.0;14
1;33488.0;Paris;Camilla;SEASHELLS;3912.0;1
1;33505.0;Penelope;Camilla;SEASHELLS;3913.0;10
1;33506.0;Camilla;Paris;SEASHELLS;3906.0;10
1;33537.0;Camilla;Gary;SEASHELLS;3907.0;20
1;33568.0;Paris;Camilla;SEASHELLS;3911.0;9
1;33707.0;Camilla;Gary;SEASHELLS;3899.0;10
1;33729.0;Camilla;Paris;SEASHELLS;3901.0;8
1;33736.0;Paris;Camilla;SEASHELLS;3910.0;4
1;33789.0;Paris;Camilla;SEASHELLS;3913.0;8
1;33791.0;Paris;Camilla;SEASHELLS;3913.0;3
1;33792.0;Paris;Camilla;SEASHELLS;3912.0;10
1;33808.0;Paris;Camilla;SEASHELLS;3910.0;3
1;33820.0;Camilla;Paris;SEASHELLS;3903.0;7
1;33828.0;Camilla;Paris;SEASHELLS;3901.0;9
1;33832.0;Camilla;Gary;SEASHELLS;3902.0;20
1;33857.0;Paris;Camilla;SEASHELLS;3912.0;3
1;33891.0;Penelope;Charlie;SEASHELLS;3909.0;14
1;33900.0;Camilla;Penelope;SEASHELLS;3905.0;12
1;33920.0;Camilla;Penelope;SEASHELLS;3904.0;10
1;33952.0;Camilla;Penelope;SEASHELLS;3904.0;10
1;33960.0;Camilla;Paris;SEASHELLS;3908.0;9
1;33968.0;Paris;Camilla;SEASHELLS;3914.0;9
1;33980.0;Paris;Camilla;SEASHELLS;3914.0;2
1;34000.0;Camilla;Gary;SEASHELLS;3907.0;15
1;34007.0;Peter;Paris;SEASHELLS;3909.0;3
1;34020.0;Penelope;Camilla;SEASHELLS;3912.0;10
1;34054.0;Penelope;Camilla;SEASHELLS;3913.0;10
1;34067.0;Camilla;Paris;SEASHELLS;3909.0;6
1;34148.0;Camilla;Paris;SEASHELLS;3918.0;4
1;34153.0;Camilla;Gary;SEASHELLS;3918.0;15
1;34221.0;Camilla;Penelope;SEASHELLS;3916.0;12
1;34236.0;Camilla;Paris;SEASHELLS;3917.0;1
1;34274.0;Pablo;Penelope;SEASHELLS;3922.0;12
1;34282.0;Gina;Paris;SEASHELLS;3924.0;7
1;34285.0;Paris;Camilla;SEASHELLS;3927.0;4
1;34286.0;Paris;Camilla;SEASHELLS;3928.0;2
1;34299.0;Paris;Camilla;SEASHELLS;3931.0;3
1;34329.0;Penelope;Camilla;SEASHELLS;3932.0;12
1;34330.0;Camilla;Penelope;SEASHELLS;3925.0;13
1;34332.0;Peter;Gina;SEASHELLS;3927.0;4
1;34343.0;Penelope;Camilla;SEASHELLS;3933.0;10
1;34346.0;Paris;Camilla;SEASHELLS;3935.0;9
1;34362.0;Camilla;Gary;SEASHELLS;3927.0;11
1;34366.0;Paris;Camilla;SEASHELLS;3935.0;1
1;34378.0;Camilla;Paris;SEASHELLS;3928.0;9
1;34383.0;Penelope;Camilla;SEASHELLS;3937.0;10
1;34391.0;Paris;Camilla;SEASHELLS;3937.0;9
1;34406.0;Camilla;Penelope;SEASHELLS;3930.0;10
1;34407.0;Camilla;Paris;SEASHELLS;3929.0;1
1;34413.0;Penelope;Camilla;SEASHELLS;3934.0;10
1;34452.0;Camilla;Paris;SEASHELLS;3930.0;6
1;34458.0;Camilla;Gary;SEASHELLS;3929.0;19
1;34462.0;Penelope;Camilla;SEASHELLS;3935.0;11
1;34484.0;Camilla;Paris;SEASHELLS;3931.0;9
1;34504.0;Gary;Camilla;SEASHELLS;3936.0;14
1;34510.0;Peter;Paris;SEASHELLS;3931.0;3
1;34513.0;Camilla;Paris;SEASHELLS;3928.0;8
1;34535.0;Camilla;Paris;SEASHELLS;3924.0;6
1;34537.0;Camilla;Paris;SEASHELLS;3924.0;7
1;34548.0;Paris;Camilla;SEASHELLS;3931.0;8
1;34596.0;Gary;Charlie;SEASHELLS;3936.0;30
1;34600.0;Paris;Camilla;SEASHELLS;3936.0;7
1;34603.0;Paris;Camilla;SEASHELLS;3934.0;7
1;34606.0;Camilla;Penelope;SEASHELLS;3927.0;13
1;34621.0;Camilla;Paris;SEASHELLS;3925.0;3
1;34621.0;Penelope;Camilla;SEASHELLS;3932.0;10
1;34626.0;Penelope;Camilla;SEASHELLS;3933.0;11
1;34655.0;Camilla;Penelope;SEASHELLS;3927.0;12
1;34687.0;Camilla;Penelope;SEASHELLS;3928.0;13
1;34714.0;Gary;Camilla;SEASHELLS;3928.0;18
1;34724.0;Camilla;Paris;SEASHELLS;3922.0;9
1;34730.0;Paris;Camilla;SEASHELLS;3928.0;1
1;34736.0;Camilla;Gary;SEASHELLS;3921.0;20
1;34753.0;Camilla;Penelope;SEASHELLS;3924.0;12
1;34827.0;Penelope;Camilla;SEASHELLS;3935.0;10
1;34831.0;Camilla;Gary;SEASHELLS;3928.0;13
1;34831.0;Paris;Gary;SEASHELLS;3928.0;10
1;34865.0;Camilla;Paris;SEASHELLS;3930.0;10
1;34869.0;Camilla;Penelope;SEASHELLS;3930.0;11
1;34883.0;Camilla;Penelope;SEASHELLS;3933.0;15
1;34893.0;Gary;Camilla;SEASHELLS;3937.0;19
1;34928.0;Camilla;Paris;SEASHELLS;3931.0;8
1;34943.0;Paris;Camilla;SEASHELLS;3939.0;3
1;34968.0;Camilla;Penelope;SEASHELLS;3932.0;10
1;34990.0;Charlie;Olivia;SEASHELLS;3934.0;4
1;34990.0;Camilla;Olivia;SEASHELLS;3935.0;13
1;35016.0;Camilla;Paris;SEASHELLS;3933.0;1
1;35078.0;Camilla;Paris;SEASHELLS;3932.0;10
1;35100.0;Paris;Peter;SEASHELLS;3935.0;1
1;35129.0;Paris;Camilla;SEASHELLS;3938.0;4
1;35134.0;Penelope;Camilla;SEASHELLS;3937.0;12
1;35149.0;Charlie;Paris;SEASHELLS;3929.0;8
1;35154.0;Paris;Camilla;SEASHELLS;3935.0;1
1;35168.0;Camilla;Paris;SEASHELLS;3930.0;8
1;35169.0;Paris;Peter;SEASHELLS;3932.0;1
1;35190.0;Gina;Peter;SEASHELLS;3931.0;5
1;35203.0;Paris;Camilla;SEASHELLS;3935.0;9
1;35205.0;Paris;Camilla;SEASHELLS;3935.0;2
1;35226.0;Camilla;Paris;SEASHELLS;3926.0;10
1;35258.0;Paris;Peter;SEASHELLS;3926.0;2
1;35266.0;Camilla;Paris;SEASHELLS;3922.0;9
1;35295.0;Paris;Pablo;SEASHELLS;3923.0;7
1;35296.0;Paris;Camilla;SEASHELLS;3927.0;4
1;35317.0;Paris;Camilla;SEASHELLS;3926.0;9
1;35322.0;Camilla;Paris;SEASHELLS;3919.0;7
1;35333.0;Penelope;Camilla;SEASHELLS;3924.0;13
1;35336.0;Camilla;Penelope;SEASHELLS;3918.0;11
1;35342.0;Camilla;Penelope;SEASHELLS;3918.0;10
1;35360.0;Gary;Camilla;SEASHELLS;3924.0;10
1;35374.0;Camilla;Penelope;SEASHELLS;3917.0;13
1;35391.0;Paris;Camilla;SEASHELLS;3925.0;2
1;35396.0;Paris;Camilla;SEASHELLS;3924.0;3
1;35397.0;Camilla;Paris;SEASHELLS;3917.0;4
1;35416.0;Paris;Camilla;SEASHELLS;3925.0;1
1;35425.0;Camilla;Penelope;SEASHELLS;3916.0;13
1;35435.0;Camilla;Penelope;SEASHELLS;3917.0;15
1;35461.0;Penelope;Camilla;SEASHELLS;3918.0;11
1;35539.0;Camilla;Gary;SEASHELLS;3911.0;18
1;35551.0;Paris;Camilla;SEASHELLS;3916.0;4
1;35579.0;Camilla;Paris;SEASHELLS;3908.0;8
1;35606.0;Gary;Camilla;SEASHELLS;3915.0;11
1;35638.0;Paris;Camilla;SEASHELLS;3914.0;5
1;35656.0;Penelope;Camilla;SEASHELLS;3910.0;11
1;35675.0;Gary;Camilla;SEASHELLS;3910.0;12
1;35692.0;Gary;Pablo;SEASHELLS;3907.0;7
1;35695.0;Paris;Camilla;SEASHELLS;3912.0;9
1;35711.0;Penelope;Camilla;SEASHELLS;3913.0;11
1;35714.0;Paris;Camilla;SEASHELLS;3914.0;8
1;35718.0;Paris;Charlie;SEASHELLS;3915.0;9
1;35739.0;Paris;Camilla;SEASHELLS;3912.0;8
1;35759.0;Penelope;Camilla;SEASHELLS;3912.0;10
1;35765.0;Penelope;Camilla;SEASHELLS;3911.0;12
1;35770.0;Camilla;Penelope;SEASHELLS;3903.0;11
1;35771.0;Paris;Camilla;SEASHELLS;3909.0;2
1;35788.0;Gary;Camilla;SEASHELLS;3908.0;12
1;35788.0;Paris;Charlie;SEASHELLS;3909.0;3
1;35855.0;Camilla;Gary;SEASHELLS;3892.0;20
1;35860.0;Paris;Camilla;SEASHELLS;3897.0;10
1;35922.0;Camilla;Paris;SEASHELLS;3889.0;3
1;35936.0;Penelope;Camilla;SEASHELLS;3894.0;14
1;35949.0;Camilla;Paris;SEASHELLS;3889.0;7
1;35962.0;Camilla;Paris;SEASHELLS;3892.0;2
1;35969.0;Gary;Camilla;SEASHELLS;3899.0;11
1;35992.0;Penelope;Camilla;SEASHELLS;3898.0;15
1;36012.0;Camilla;Paris;SEASHELLS;3891.0;10
1;36028.0;Penelope;Camilla;SEASHELLS;3900.0;15
1;36031.0;Camilla;Penelope;SEASHELLS;3890.0;13
1;36046.0;Penelope;Camilla;SEASHELLS;3897.0;12
1;36054.0;Camilla;Paris;SEASHELLS;3890.0;8
1;36091.0;Paris;Camilla;SEASHELLS;3896.0;1
1;36101.0;Gary;Camilla;SEASHELLS;3898.0;16
1;36108.0;Paris;Camilla;SEASHELLS;3898.0;9
1;36155.0;Penelope;Camilla;SEASHELLS;3897.0;10
1;36172.0;Camilla;Paris;SEASHELLS;3890.0;7
1;36181.0;Camilla;Paris;SEASHELLS;3891.0;2
1;36186.0;Peter;Gina;SEASHELLS;3893.0;2
1;36205.0;Paris;Camilla;SEASHELLS;3896.0;3
1;36210.0;Paris;Camilla;SEASHELLS;3895.0;4
1;36224.0;Paris;Camilla;SEASHELLS;3895.0;4
1;36228.0;Camilla;Paris;SEASHELLS;3886.0;2
1;36229.0;Camilla;Paris;SEASHELLS;3886.0;10
1;36231.0;Gary;Camilla;SEASHELLS;3893.0;15
1;36246.0;Paris;Camilla;SEASHELLS;3891.0;5
1;36249.0;Paris;Camilla;SEASHELLS;3890.0;2
1;36267.0;Pablo;Peter;SEASHELLS;3886.0;4
1;36296.0;Camilla;Paris;SEASHELLS;3884.0;6
1;36298.0;Penelope;Camilla;SEASHELLS;3891.0;13
1;36325.0;Camilla;Paris;SEASHELLS;3886.0;8
1;36351.0;Camilla;Gary;SEASHELLS;3887.0;10
1;36378.0;Paris;Camilla;SEASHELLS;3892.0;4
1;36399.0;Peter;Penelope;SEASHELLS;3888.0;5
1;36407.0;Paris;Camilla;SEASHELLS;3891.0;10
1;36418.0;Camilla;Penelope;SEASHELLS;3883.0;14
1;36420.0;Paris;Camilla;SEASHELLS;3891.0;9
1;36496.0;Gary;Camilla;SEASHELLS;3895.0;10
1;36499.0;Penelope;Camilla;SEASHELLS;3895.0;15
1;36514.0;Paris;Camilla;SEASHELLS;3896.0;7
1;36524.0;Paris;Camilla;SEASHELLS;3896.0;10
1;36534.0;Camilla;Gary;SEASHELLS;3888.0;19
1;36547.0;Camilla;Paris;SEASHELLS;3885.0;5
1;36624.0;Camilla;Paris;SEASHELLS;3882.0;1
1;36627.0;Paris;Camilla;SEASHELLS;3888.0;9
1;36658.0;Paris;Charlie;SEASHELLS;3882.0;6
1;36660.0;Camilla;Paris;SEASHELLS;3875.0;6
1;36680.0;Camilla;Paris;SEASHELLS;3877.0;10
1;36694.0;Peter;Pablo;SEASHELLS;3876.0;3
1;36712.0;Gary;Camilla;SEASHELLS;3878.0;19
1;36749.0;Camilla;Paris;SEASHELLS;3874.0;8
1;36753.0;Camilla;Paris;SEASHELLS;3873.0;8
1;36770.0;Paris;Camilla;SEASHELLS;3877.0;9
1;36805.0;Camilla;Penelope;SEASHELLS;3873.0;11
1;36847.0;Gary;Camilla;SEASHELLS;3876.0;11
1;36881.0;Camilla;Paris;SEASHELLS;3865.0;5
1;36890.0;Penelope;Camilla;SEASHELLS;3870.0;15
1;36912.0;Paris;Camilla;SEASHELLS;3871.0;5
1;36922.0;Camilla;Gary;SEASHELLS;3864.0;17
1;36927.0;Camilla;Paris;SEASHELLS;3862.0;6
1;36945.0;Peter;Gary;SEASHELLS;3865.0;5
1;36982.0;Camilla;Penelope;SEASHELLS;3860.0;10
1;36986.0;Camilla;Penelope;SEASHELLS;3860.0;12
1;37017.0;Camilla;Paris;SEASHELLS;3857.0;3
1;37031.0;Paris;Camilla;SEASHELLS;3863.0;1
1;37033.0;Camilla;Paris;SEASHELLS;3855.0;4
1;37059.0;Penelope;Camilla;SEASHELLS;3859.0;11
1;37060.0;Paris;Camilla;SEASHELLS;3859.0;9
1;37071.0;Peter;Gary;SEASHELLS;3859.0;3
1;37073.0;Paris;Camilla;SEASHELLS;3863.0;3
1;37077.0;Gary;Camilla;SEASHELLS;3863.0;15
1;37082.0;Paris;Charlie;SEASHELLS;3863.0;7
1;37100.0;Camilla;Penelope;SEASHELLS;3856.0;10
1;37119.0;Camilla;Paris;SEASHELLS;3857.0;6
1;37130.0;Paris;Camilla;SEASHELLS;3864.0;6
1;37137.0;Penelope;Camilla;SEASHELLS;3865.0;12
1;37145.0;Paris;Camilla;SEASHELLS;3867.0;9
1;37164.0;Camilla;Paris;SEASHELLS;3861.0;1
1;37175.0;Camilla;Gary;SEASHELLS;3860.0;12
1;37176.0;Pablo;Gina;SEASHELLS;3863.0;11
1;37199.0;Paris;Camilla;SEASHELLS;3869.0;6
1;37220.0;Charlie;Paris;SEASHELLS;3860.0;2
1;37266.0;Camilla;Paris;SEASHELLS;3863.0;7
1;37273.0;Gary;Camilla;SEASHELLS;3871.0;17
1;37286.0;Paris;Peter;SEASHELLS;3866.0;5
1;37297.0;Camilla;Penelope;SEASHELLS;3861.0;11
1;37300.0;Penelope;Charlie;SEASHELLS;3868.0;10
1;37334.0;Paris;Camilla;SEASHELLS;3870.0;8
1;37339.0;Pablo;Peter;SEASHELLS;3866.0;4
1;37352.0;Gary;Paris;SEASHELLS;3871.0;4
1;37352.0;Gary;Camilla;SEASHELLS;3871.0;11
1;37357.0;Camilla;Penelope;SEASHELLS;3865.0;14
1;37396.0;Camilla;Paris;SEASHELLS;3864.0;6
1;37475.0;Paris;Camilla;SEASHELLS;3876.0;3
1;37479.0;Paris;Camilla;SEASHELLS;3876.0;10
1;37483.0;Paris;Camilla;SEASHELLS;3876.0;3
1;37498.0;Paris;Camilla;SEASHELLS;3873.0;6
1;37499.0;Camilla;Paris;SEASHELLS;3866.0;7
1;37505.0;Camilla;Penelope;SEASHELLS;3867.0;10
1;37519.0;Paris;Camilla;SEASHELLS;3870.0;5
1;37519.0;Penelope;Camilla;SEASHELLS;3870.0;11
1;37543.0;Penelope;Camilla;SEASHELLS;3873.0;10
1;37569.0;Camilla;Paris;SEASHELLS;3866.0;10
1;37579.0;Camilla;Paris;SEASHELLS;3866.0;10
1;37590.0;Camilla;Paris;SEASHELLS;3866.0;8
1;37609.0;Paris;Camilla;SEASHELLS;3872.0;4
1;37618.0;Paris;Camilla;SEASHELLS;3875.0;7
1;37671.0;Camilla;Paris;SEASHELLS;3865.0;9
1;37690.0;Paris;Camilla;SEASHELLS;3875.0;9
1;37699.0;Paris;Camilla;SEASHELLS;3873.0;6
1;37740.0;Penelope;Charlie;SEASHELLS;3876.0;12
1;37754.0;Camilla;Penelope;SEASHELLS;3869.0;10
1;37755.0;Camilla;Paris;SEASHELLS;3869.0;3
1;37761.0;Gary;Camilla;SEASHELLS;3876.0;14
1;37761.0;Penelope;Charlie;SEASHELLS;3877.0;11
1;37774.0;Camilla;Paris;SEASHELLS;3868.0;5
1;37807.0;Penelope;Camilla;SEASHELLS;3871.0;11
1;37813.0;Paris;Camilla;SEASHELLS;3871.0;3
1;37823.0;Camilla;Paris;SEASHELLS;3865.0;6
1;37834.0;Paris;Camilla;SEASHELLS;3873.0;6
1;37836.0;Paris;Gary;SEASHELLS;3867.0;5
1;37836.0;Camilla;Gary;SEASHELLS;3867.0;14
1;37874.0;Camilla;Penelope;SEASHELLS;3871.0;10
1;37888.0;Penelope;Camilla;SEASHELLS;3878.0;11
1;37911.0;Paris;Peter;SEASHELLS;3872.0;1
1;37926.0;Pablo;Paris;SEASHELLS;3873.0;6
1;37956.0;Camilla;Paris;SEASHELLS;3867.0;7
1;37974.0;Penelope;Camilla;SEASHELLS;3875.0;13
1;38005.0;Pablo;Gary;SEASHELLS;3868.0;14
1;38011.0;Camilla;Paris;SEASHELLS;3865.0;9
1;38012.0;Camilla;Gary;SEASHELLS;3866.0;11
1;38023.0;Camilla;Gary;SEASHELLS;3868.0;11
1;38030.0;Paris;Peter;SEASHELLS;3871.0;1
1;38042.0;Gary;Camilla;SEASHELLS;3876.0;18
1;38088.0;Camilla;Paris;SEASHELLS;3862.0;9
1;38090.0;Camilla;Penelope;SEASHELLS;3862.0;14
1;38107.0;Camilla;Paris;SEASHELLS;3861.0;6
1;38114.0;Paris;Camilla;SEASHELLS;3866.0;8
1;38139.0;Camilla;Paris;SEASHELLS;3859.0;5
1;38184.0;Camilla;Penelope;SEASHELLS;3855.0;11
1;38203.0;Camilla;Penelope;SEASHELLS;3855.0;14
1;38240.0;Camilla;Gary;SEASHELLS;3857.0;10
1;38242.0;Paris;Camilla;SEASHELLS;3864.0;10
1;38258.0;Camilla;Penelope;SEASHELLS;3854.0;15
1;38289.0;Camilla;Paris;SEASHELLS;3856.0;2
1;38294.0;Penelope;Camilla;SEASHELLS;3863.0;12
1;38305.0;Paris;Camilla;SEASHELLS;3862.0;10
1;38325.0;Camilla;Paris;SEASHELLS;3857.0;4
1;38356.0;Penelope;Camilla;SEASHELLS;3867.0;10
1;38359.0;Camilla;Paris;SEASHELLS;3860.0;6
1;38376.0;Peter;Paris;SEASHELLS;3864.0;3
1;38391.0;Paris;Camilla;SEASHELLS;3867.0;7
1;38462.0;Penelope;Camilla;SEASHELLS;3862.0;11
1;38483.0;Camilla;Gary;SEASHELLS;3854.0;20
1;38492.0;Paris;Camilla;SEASHELLS;3861.0;3
1;38503.0;Peter;Paris;SEASHELLS;3858.0;2
1;38526.0;Paris;Camilla;SEASHELLS;3861.0;7
1;38542.0;Penelope;Camilla;SEASHELLS;3862.0;10
1;38547.0;Penelope;Camilla;SEASHELLS;3864.0;11
1;38556.0;Paris;Camilla;SEASHELLS;3864.0;6
1;38596.0;Paris;Camilla;SEASHELLS;3859.0;6
1;38617.0;Paris;Gina;SEASHELLS;3854.0;10
1;38619.0;Camilla;Paris;SEASHELLS;3851.0;1
1;38628.0;Camilla;Gary;SEASHELLS;3851.0;12
1;38658.0;Paris;Camilla;SEASHELLS;3859.0;7
1;38660.0;Paris;Camilla;SEASHELLS;3860.0;3
1;38675.0;Camilla;Gary;SEASHELLS;3852.0;11
1;38688.0;Charlie;Paris;SEASHELLS;3850.0;9
1;38692.0;Camilla;Paris;SEASHELLS;3851.0;3
1;38741.0;Camilla;Paris;SEASHELLS;3851.0;8
1;38743.0;Penelope;Camilla;SEASHELLS;3858.0;11
1;38746.0;Camilla;Gary;SEASHELLS;3852.0;19
1;38758.0;Camilla;Paris;SEASHELLS;3853.0;8
1;38772.0;Camilla;Penelope;SEASHELLS;3852.0;11
1;38787.0;Peter;Gary;SEASHELLS;3854.0;4
1;38810.0;Camilla;Paris;SEASHELLS;3852.0;3
1;38839.0;Camilla;Gary;SEASHELLS;3849.0;18
1;38851.0;Camilla;Paris;SEASHELLS;3852.0;10
1;38869.0;Gary;Camilla;SEASHELLS;3862.0;18
1;38878.0;Camilla;Gary;SEASHELLS;3855.0;14
1;38899.0;Camilla;Gary;SEASHELLS;3853.0;16
1;38913.0;Camilla;Gary;SEASHELLS;3853.0;15
1;38922.0;Camilla;Paris;SEASHELLS;3852.0;5
1;38924.0;Paris;Camilla;SEASHELLS;3859.0;3
1;38954.0;Charlie;Paris;SEASHELLS;3850.0;10
1;38958.0;Paris;Camilla;SEASHELLS;3858.0;8
1;38963.0;Paris;Camilla;SEASHELLS;3859.0;3
1;38984.0;Penelope;Camilla;SEASHELLS;3864.0;10
1;39003.0;Paris;Charlie;SEASHELLS;3864.0;10
1;39013.0;Gary;Camilla;SEASHELLS;3863.0;18
1;39032.0;Camilla;Paris;SEASHELLS;3854.0;3
1;39040.0;Gary;Camilla;SEASHELLS;3860.0;14
1;39044.0;Camilla;Paris;SEASHELLS;3855.0;9
1;39051.0;Paris;Charlie;SEASHELLS;3860.0;6
1;39052.0;Penelope;Camilla;SEASHELLS;3859.0;10
1;39059.0;Paris;Camilla;SEASHELLS;3859.0;7
1;39065.0;Paris;Peter;SEASHELLS;3853.0;5
1;39076.0;Paris;Charlie;SEASHELLS;3857.0;9
1;39100.0;Penelope;Peter;SEASHELLS;3854.0;3
1;39102.0;Camilla;Paris;SEASHELLS;3851.0;6
1;39105.0;Paris;Camilla;SEASHELLS;3859.0;10
1;39115.0;Paris;Camilla;SEASHELLS;3858.0;7
1;39139.0;Pablo;Paris;SEASHELLS;3853.0;2
1;39143.0;Penelope;Camilla;SEASHELLS;3856.0;11
1;39174.0;Paris;Camilla;SEASHELLS;3857.0;2
1;39189.0;Paris;Camilla;SEASHELLS;3853.0;8
1;39195.0;Penelope;Camilla;SEASHELLS;3854.0;12
1;39204.0;Penelope;Camilla;SEASHELLS;3854.0;12
1;39205.0;Camilla;Paris;SEASHELLS;3847.0;3
1;39222.0;Peter;Pablo;SEASHELLS;3850.0;1
1;39248.0;Paris;Camilla;SEASHELLS;3856.0;7
1;39266.0;Paris;Camilla;SEASHELLS;3856.0;5
1;39275.0;Paris;Camilla;SEASHELLS;3857.0;3
1;39278.0;Camilla;Penelope;SEASHELLS;3850.0;12
1;39306.0;Camilla;Gary;SEASHELLS;3854.0;17
1;39320.0;Camilla;Paris;SEASHELLS;3854.0;5
1;39359.0;Gary;Camilla;SEASHELLS;3861.0;10
1;39411.0;Camilla;Penelope;SEASHELLS;3853.0;13
1;39451.0;Paris;Camilla;SEASHELLS;3862.0;3
1;39466.0;Paris;Camilla;SEASHELLS;3862.0;5
1;39491.0;Camilla;Paris;SEASHELLS;3855.0;4
1;39493.0;Paris;Camilla;SEASHELLS;3861.0;6
1;39498.0;Camilla;Penelope;SEASHELLS;3853.0;10
1;39511.0;Penelope;Camilla;SEASHELLS;3859.0;10
1;39521.0;Peter;Gina;SEASHELLS;3853.0;2
1;39526.0;Camilla;Paris;SEASHELLS;3851.0;8
1;39565.0;Camilla;Paris;SEASHELLS;3850.0;4
1;39569.0;Camilla;Paris;SEASHELLS;3850.0;5
1;39575.0;Paris;Camilla;SEASHELLS;3858.0;3
1;39588.0;Charlie;Paris;SEASHELLS;3850.0;8
1;39594.0;Camilla;Paris;SEASHELLS;3852.0;5
1;39611.0;Gary;Camilla;SEASHELLS;3861.0;17
1;39634.0;Paris;Camilla;SEASHELLS;3859.0;4
1;39718.0;Charlie;Paris;SEASHELLS;3847.0;2
1;39739.0;Paris;Gina;SEASHELLS;3848.0;6
1;39743.0;Camilla;Paris;SEASHELLS;3846.0;4
1;39746.0;Camilla;Penelope;SEASHELLS;3845.0;11
1;39770.0;Paris;Charlie;SEASHELLS;3851.0;10
1;39770.0;Camilla;Penelope;SEASHELLS;3844.0;14
1;39793.0;Camilla;Paris;SEASHELLS;3841.0;7
1;39810.0;Paris;Camilla;SEASHELLS;3846.0;5
1;39829.0;Gina;Penelope;SEASHELLS;3842.0;10
1;39833.0;Olivia;Camilla;SEASHELLS;3844.0;12
1;39833.0;Olivia;Peter;SEASHELLS;3839.0;5
1;39845.0;Gary;Peter;SEASHELLS;3843.0;5
1;39869.0;Penelope;Camilla;SEASHELLS;3850.0;12
1;39891.0;Peter;Paris;SEASHELLS;3845.0;2
1;39896.0;Gary;Camilla;SEASHELLS;3848.0;19
1;39915.0;Camilla;Paris;SEASHELLS;3842.0;5
1;39951.0;Paris;Camilla;SEASHELLS;3847.0;8
1;39952.0;Camilla;Penelope;SEASHELLS;3840.0;12
1;39986.0;Camilla;Paris;SEASHELLS;3845.0;4
1;39995.0;Camilla;Penelope;SEASHELLS;3846.0;12
2;40002.0;Gary;Camilla;SEASHELLS;3854.0;19
2;40006.0;Paris;Camilla;SEASHELLS;3854.0;6
2;40044.0;Camilla;Paris;SEASHELLS;3847.0;4
2;40066.0;Camilla;Gary;SEASHELLS;3847.0;13
2;40082.0;Camilla;Gary;SEASHELLS;3845.0;11
2;40110.0;Paris;Camilla;SEASHELLS;3851.0;9
2;40145.0;Penelope;Camilla;SEASHELLS;3848.0;10
2;40157.0;Olivia;Camilla;SEASHELLS;3846.0;17
2;40158.0;Camilla;Penelope;SEASHELLS;3840.0;10
2;40175.0;Camilla;Penelope;SEASHELLS;3841.0;11
2;40219.0;Paris;Camilla;SEASHELLS;3850.0;9
2;40256.0;Camilla;Gary;SEASHELLS;3844.0;16
2;40263.0;Camilla;Gary;SEASHELLS;3844.0;15
2;40272.0;Paris;Camilla;SEASHELLS;3850.0;10
2;40274.0;Camilla;Paris;SEASHELLS;3842.0;1
2;40275.0;Paris;Camilla;SEASHELLS;3849.0;9
2;40286.0;Paris;Camilla;SEASHELLS;3849.0;2
2;40313.0;Gary;Camilla;SEASHELLS;3852.0;11
2;40318.0;Camilla;Penelope;SEASHELLS;3845.0;12
2;40329.0;Camilla;Penelope;SEASHELLS;3844.0;13
2;40361.0;Gary;Camilla;SEASHELLS;3853.0;13
2;40368.0;Paris;Camilla;SEASHELLS;3851.0;5
2;40382.0;Penelope;Camilla;SEASHELLS;3851.0;13
2;40386.0;Camilla;Gary;SEASHELLS;3844.0;16
2;40402.0;Camilla;Penelope;SEASHELLS;3846.0;15
2;40407.0;Penelope;Camilla;SEASHELLS;3855.0;12
2;40427.0;Paris;Charlie;SEASHELLS;3856.0;7
2;40430.0;Paris;Gina;SEASHELLS;3852.0;4
2;40430.0;Peter;Gina;SEASHELLS;3852.0;3
2;40433.0;Camilla;Gary;SEASHELLS;3849.0;19
2;40447.0;Camilla;Penelope;SEASHELLS;3848.0;11
2;40469.0;Camilla;Penelope;SEASHELLS;3847.0;11
2;40486.0;Camilla;Penelope;SEASHELLS;3848.0;14
2;40488.0;Camilla;Paris;SEASHELLS;3849.0;7
2;40511.0;Camilla;Paris;SEASHELLS;3853.0;1
2;40546.0;Paris;Camilla;SEASHELLS;3861.0;10
2;40561.0;Camilla;Penelope;SEASHELLS;3854.0;15
2;40567.0;Penelope;Camilla;SEASHELLS;3860.0;10
2;40572.0;Camilla;Paris;SEASHELLS;3854.0;4
2;40576.0;Pablo;Peter;SEASHELLS;3856.0;4
2;40617.0;Camilla;Paris;SEASHELLS;3855.0;4
2;40621.0;Camilla;Penelope;SEASHELLS;3855.0;10
2;40635.0;Camilla;Penelope;SEASHELLS;3856.0;11
2;40646.0;Paris;Peter;SEASHELLS;3860.0;1
2;40652.0;Camilla;Paris;SEASHELLS;3857.0;2
2;40657.0;Paris;Camilla;SEASHELLS;3862.0;2
2;40676.0;Paris;Camilla;SEASHELLS;3858.0;8
2;40692.0;Pablo;Gary;SEASHELLS;3855.0;7
2;40734.0;Camilla;Penelope;SEASHELLS;3850.0;11
2;40749.0;Paris;Camilla;SEASHELLS;3859.0;10
2;40760.0;Paris;Camilla;SEASHELLS;3863.0;7
2;40778.0;Paris;Camilla;SEASHELLS;3864.0;6
2;40785.0;Camilla;Penelope;SEASHELLS;3860.0;14
2;40811.0;Paris;Camilla;SEASHELLS;3865.0;2
2;40821.0;Penelope;Camilla;SEASHELLS;3866.0;11
2;40831.0;Camilla;Penelope;SEASHELLS;3859.0;14
2;40842.0;Penelope;Camilla;SEASHELLS;3864.0;13
2;40848.0;Paris;Camilla;SEASHELLS;3863.0;7
2;40870.0;Camilla;Penelope;SEASHELLS;3857.0;14
2;40900.0;Peter;Penelope;SEASHELLS;3858.0;3
2;40930.0;Camilla;Penelope;SEASHELLS;3855.0;13
2;40954.0;Paris;Camilla;SEASHELLS;3862.0;9
2;40956.0;Camilla;Paris;SEASHELLS;3856.0;1
2;40975.0;Gary;Camilla;SEASHELLS;3864.0;20
2;40996.0;Camilla;Gary;SEASHELLS;3854.0;10
2;41003.0;Camilla;Gary;SEASHELLS;3854.0;17
2;41022.0;Peter;Pablo;SEASHELLS;3856.0;3
2;41063.0;Camilla;Paris;SEASHELLS;3856.0;2
2;41081.0;Gina;Peter;SEASHELLS;3861.0;5
2;41141.0;Penelope;Camilla;SEASHELLS;3865.0;11
2;41147.0;Camilla;Paris;SEASHELLS;3858.0;5
2;41157.0;Camilla;Paris;SEASHELLS;3858.0;1
2;41178.0;Paris;Charlie;SEASHELLS;3864.0;8
2;41199.0;Paris;Camilla;SEASHELLS;3859.0;8
2;41209.0;Camilla;Penelope;SEASHELLS;3855.0;12
2;41219.0;Camilla;Penelope;SEASHELLS;3856.0;15
2;41250.0;Pablo;Paris;SEASHELLS;3860.0;8
2;41268.0;Paris;Camilla;SEASHELLS;3863.0;8
2;41269.0;Paris;Camilla;SEASHELLS;3863.0;10
2;41299.0;Paris;Camilla;SEASHELLS;3861.0;1
2;41305.0;Paris;Pablo;SEASHELLS;3857.0;3
2;41307.0;Camilla;Paris;SEASHELLS;3855.0;8
2;41330.0;Penelope;Camilla;SEASHELLS;3861.0;10
2;41347.0;Paris;Camilla;SEASHELLS;3860.0;4
2;41357.0;Camilla;Gary;SEASHELLS;3856.0;11
2;41372.0;Paris;Camilla;SEASHELLS;3863.0;2
2;41381.0;Camilla;Paris;SEASHELLS;3858.0;2
2;41395.0;Paris;Camilla;SEASHELLS;3864.0;7
2;41400.0;Camilla;Gary;SEASHELLS;3860.0;13
2;41411.0;Camilla;Penelope;SEASHELLS;3857.0;12
2;41420.0;Camilla;Paris;SEASHELLS;3856.0;6
2;41423.0;Paris;Camilla;SEASHELLS;3861.0;3
2;41425.0;Gary;Peter;SEASHELLS;3856.0;2
2;41465.0;Camilla;Gary;SEASHELLS;3855.0;10
2;41480.0;Camilla;Penelope;SEASHELLS;3858.0;10
2;41485.0;Camilla;Paris;SEASHELLS;3857.0;5
2;41488.0;Penelope;Gina;SEASHELLS;3861.0;14
2;41541.0;Penelope;Camilla;SEASHELLS;3866.0;10
2;41562.0;Paris;Camilla;SEASHELLS;3863.0;1
2;41585.0;Paris;Camilla;SEASHELLS;3863.0;2
2;41597.0;Paris;Camilla;SEASHELLS;3864.0;7
2;41612.0;Penelope;Camilla;SEASHELLS;3868.0;14
2;41632.0;Paris;Camilla;SEASHELLS;3870.0;8
2;41633.0;Camilla;Paris;SEASHELLS;3862.0;4
2;41657.0;Gary;Camilla;SEASHELLS;3867.0;14
2;41659.0;Camilla;Paris;SEASHELLS;3861.0;9
2;41687.0;Camilla;Paris;SEASHELLS;3858.0;10
2;41715.0;Penelope;Peter;SEASHELLS;3858.0;3
2;41720.0;Camilla;Paris;SEASHELLS;3855.0;4
2;41725.0;Penelope;Camilla;SEASHELLS;3862.0;13
2;41735.0;Camilla;Paris;SEASHELLS;3857.0;5
2;41759.0;Paris;Camilla;SEASHELLS;3869.0;5
2;41783.0;Paris;Charlie;SEASHELLS;3874.0;5
2;41796.0;Camilla;Paris;SEASHELLS;3870.0;10
2;41857.0;Paris;Camilla;SEASHELLS;3874.0;7
2;41859.0;Camilla;Penelope;SEASHELLS;3867.0;10
2;41879.0;Camilla;Paris;SEASHELLS;3865.0;5
2;41880.0;Penelope;Camilla;SEASHELLS;3873.0;12
2;41902.0;Camilla;Paris;SEASHELLS;3867.0;6
2;41924.0;Penelope;Camilla;SEASHELLS;3875.0;12
2;41987.0;Camilla;Paris;SEASHELLS;3862.0;4
2;41989.0;Camilla;Paris;SEASHELLS;3862.0;1
2;42014.0;Camilla;Paris;SEASHELLS;3868.0;2
2;42017.0;Camilla;Paris;SEASHELLS;3867.0;2
2;42032.0;Gary;Camilla;SEASHELLS;3874.0;15
2;42039.0;Penelope;Camilla;SEASHELLS;3874.0;14
2;42077.0;Camilla;Paris;SEASHELLS;3866.0;1
2;42084.0;Penelope;Camilla;SEASHELLS;3874.0;12
2;42091.0;Camilla;Penelope;SEASHELLS;3868.0;14
2;42096.0;Penelope;Camilla;SEASHELLS;3874.0;12
2;42105.0;Paris;Camilla;SEASHELLS;3874.0;5
2;42120.0;Gary;Camilla;SEASHELLS;3875.0;11
2;42123.0;Gary;Peter;SEASHELLS;3870.0;1
2;42154.0;Paris;Camilla;SEASHELLS;3874.0;1
2;42207.0;Paris;Camilla;SEASHELLS;3878.0;2
2;42230.0;Paris;Camilla;SEASHELLS;3879.0;7
2;42267.0;Pablo;Paris;SEASHELLS;3873.0;3
2;42267.0;Pablo;Peter;SEASHELLS;3873.0;1
2;42268.0;Camilla;Paris;SEASHELLS;3870.0;10
2;42272.0;Paris;Camilla;SEASHELLS;3877.0;1
2;42281.0;Peter;Pablo;SEASHELLS;3873.0;3
2;42284.0;Paris;Camilla;SEASHELLS;3878.0;4
2;42326.0;Penelope;Camilla;SEASHELLS;3875.0;13
2;42336.0;Camilla;Paris;SEASHELLS;3865.0;10
2;42363.0;Camilla;Gary;SEASHELLS;3865.0;10
2;42383.0;Camilla;Gary;SEASHELLS;3862.0;11
2;42402.0;Paris;Camilla;SEASHELLS;3869.0;4
2;42418.0;Camilla;Penelope;SEASHELLS;3863.0;14
2;42428.0;Camilla;Penelope;SEASHELLS;3863.0;15
2;42430.0;Penelope;Camilla;SEASHELLS;3869.0;10
2;42460.0;Camilla;Penelope;SEASHELLS;3862.0;12
2;42475.0;Paris;Camilla;SEASHELLS;3867.0;7
2;42480.0;Paris;Camilla;SEASHELLS;3867.0;6
2;42485.0;Penelope;Camilla;SEASHELLS;3869.0;14
2;42524.0;Paris;Camilla;SEASHELLS;3866.0;2
2;42547.0;Paris;Camilla;SEASHELLS;3867.0;5
2;42550.0;Camilla;Paris;SEASHELLS;3861.0;1
2;42570.0;Penelope;Camilla;SEASHELLS;3866.0;10
2;42626.0;Camilla;Gary;SEASHELLS;3857.0;16
2;42632.0;Camilla;Penelope;SEASHELLS;3856.0;11
2;42648.0;Gary;Camilla;SEASHELLS;3868.0;15
2;42652.0;Camilla;Gary;SEASHELLS;3860.0;11
2;42667.0;Paris;Camilla;SEASHELLS;3869.0;6
2;42687.0;Paris;Camilla;SEASHELLS;3870.0;3
2;42711.0;Paris;Camilla;SEASHELLS;3869.0;2
2;42740.0;Paris;Camilla;SEASHELLS;3869.0;4
2;42764.0;Paris;Camilla;SEASHELLS;3869.0;9
2;42770.0;Paris;Camilla;SEASHELLS;3869.0;10
2;42809.0;Camilla;Gary;SEASHELLS;3856.0;20
2;42820.0;Penelope;Camilla;SEASHELLS;3860.0;12
2;42842.0;Camilla;Gary;SEASHELLS;3853.0;10
2;42854.0;Penelope;Charlie;SEASHELLS;3859.0;13
2;42861.0;Penelope;Camilla;SEASHELLS;3858.0;12
2;42877.0;Paris;Camilla;SEASHELLS;3860.0;3
2;42950.0;Camilla;Paris;SEASHELLS;3851.0;1
2;42964.0;Paris;Camilla;SEASHELLS;3858.0;2
2;43014.0;Camilla;Penelope;SEASHELLS;3850.0;15
2;43032.0;Camilla;Penelope;SEASHELLS;3850.0;14
2;43045.0;Paris;Camilla;SEASHELLS;3856.0;10
2;43048.0;Camilla;Gary;SEASHELLS;3851.0;18
2;43054.0;Camilla;Paris;SEASHELLS;3850.0;5
2;43060.0;Peter;Gina;SEASHELLS;3853.0;1
2;43063.0;Gary;Camilla;SEASHELLS;3857.0;17
2;43063.0;Penelope;Charlie;SEASHELLS;3858.0;11
2;43071.0;Paris;Camilla;SEASHELLS;3856.0;6
2;43075.0;Paris;Camilla;SEASHELLS;3855.0;3
2;43087.0;Penelope;Camilla;SEASHELLS;3855.0;10
2;43106.0;Camilla;Gary;SEASHELLS;3850.0;12
2;43106.0;Charlie;Paris;SEASHELLS;3849.0;9
2;43111.0;Paris;Camilla;SEASHELLS;3857.0;8
2;43116.0;Camilla;Paris;SEASHELLS;3851.0;1
2;43162.0;Gary;Camilla;SEASHELLS;3864.0;19
2;43179.0;Camilla;Penelope;SEASHELLS;3858.0;15
2;43186.0;Paris;Camilla;SEASHELLS;3866.0;9
2;43191.0;Camilla;Paris;SEASHELLS;3861.0;2
2;43204.0;Camilla;Paris;SEASHELLS;3860.0;6
2;43211.0;Paris;Camilla;SEASHELLS;3868.0;8
2;43233.0;Paris;Camilla;SEASHELLS;3868.0;9
2;43252.0;Camilla;Paris;SEASHELLS;3859.0;3
2;43280.0;Camilla;Paris;SEASHELLS;3861.0;8
2;43321.0;Penelope;Camilla;SEASHELLS;3872.0;11
2;43373.0;Camilla;Paris;SEASHELLS;3860.0;7
2;43374.0;Gary;Camilla;SEASHELLS;3868.0;17
2;43397.0;Camilla;Paris;SEASHELLS;3861.0;2
2;43401.0;Paris;Camilla;SEASHELLS;3869.0;7
2;43462.0;Camilla;Paris;SEASHELLS;3866.0;3
2;43497.0;Penelope;Camilla;SEASHELLS;3873.0;10
2;43503.0;Penelope;Peter;SEASHELLS;3866.0;1
2;43514.0;Paris;Camilla;SEASHELLS;3870.0;1
2;43530.0;Camilla;Paris;SEASHELLS;3862.0;9
2;43548.0;Paris;Camilla;SEASHELLS;3870.0;10
2;43554.0;Penelope;Peter;SEASHELLS;3866.0;4
2;43567.0;Gina;Peter;SEASHELLS;3868.0;1
2;43570.0;Camilla;Paris;SEASHELLS;3866.0;10
2;43573.0;Paris;Camilla;SEASHELLS;3874.0;3
2;43605.0;Penelope;Camilla;SEASHELLS;3880.0;13
2;43608.0;Camilla;Penelope;SEASHELLS;3873.0;12
2;43649.0;Penelope;Camilla;SEASHELLS;3881.0;13
2;43683.0;Peter;Paris;SEASHELLS;3883.0;4
2;43684.0;Camilla;Paris;SEASHELLS;3881.0;7
2;43738.0;Penelope;Camilla;SEASHELLS;3891.0;10
2;43743.0;Gary;Camilla;SEASHELLS;3890.0;19
2;43749.0;Penelope;Camilla;SEASHELLS;3890.0;12
2;43792.0;Camilla;Penelope;SEASHELLS;3886.0;13
2;43803.0;Camilla;Penelope;SEASHELLS;3888.0;12
2;43833.0;Camilla;Paris;SEASHELLS;3889.0;1
2;43846.0;Camilla;Paris;SEASHELLS;3890.0;1
2;43858.0;Camilla;Paris;SEASHELLS;3892.0;4
2;43859.0;Paris;Camilla;SEASHELLS;3899.0;7
2;43891.0;Paris;Camilla;SEASHELLS;3901.0;2
2;43915.0;Penelope;Camilla;SEASHELLS;3898.0;12
2;43915.0;Paris;Charlie;SEASHELLS;3899.0;9
2;43942.0;Penelope;Camilla;SEASHELLS;3897.0;11
2;43946.0;Paris;Camilla;SEASHELLS;3898.0;7
2;43953.0;Gary;Camilla;SEASHELLS;3899.0;20
2;43982.0;Camilla;Penelope;SEASHELLS;3893.0;12
2;44029.0;Paris;Camilla;SEASHELLS;3900.0;6
2;44031.0;Paris;Camilla;SEASHELLS;3900.0;6
2;44039.0;Camilla;Gary;SEASHELLS;3893.0;19
2;44053.0;Camilla;Gary;SEASHELLS;3893.0;20
2;44076.0;Camilla;Paris;SEASHELLS;3893.0;7
2;44078.0;Paris;Camilla;SEASHELLS;3899.0;9
2;44083.0;Paris;Camilla;SEASHELLS;3897.0;10
2;44121.0;Camilla;Penelope;SEASHELLS;3895.0;15
2;44135.0;Paris;Camilla;SEASHELLS;3905.0;8
2;44140.0;Paris;Camilla;SEASHELLS;3905.0;2
2;44144.0;Camilla;Gary;SEASHELLS;3897.0;11
2;44179.0;Paris;Camilla;SEASHELLS;3908.0;6
2;44195.0;Camilla;Penelope;SEASHELLS;3900.0;12
2;44197.0;Camilla;Paris;SEASHELLS;3899.0;9
2;44217.0;Camilla;Paris;SEASHELLS;3904.0;6
2;44224.0;Paris;Camilla;SEASHELLS;3909.0;8
2;44253.0;Paris;Camilla;SEASHELLS;3915.0;4
2;44260.0;Paris;Camilla;SEASHELLS;3916.0;8
2;44269.0;Penelope;Camilla;SEASHELLS;3917.0;12
2;44270.0;Penelope;Camilla;SEASHELLS;3918.0;11
2;44291.0;Gary;Camilla;SEASHELLS;3923.0;16
2;44316.0;Penelope;Camilla;SEASHELLS;3925.0;11
2;44330.0;Paris;Camilla;SEASHELLS;3927.0;5
2;44352.0;Camilla;Gary;SEASHELLS;3916.0;11
2;44367.0;Camilla;Gary;SEASHELLS;3918.0;10
2;44375.0;Paris;Camilla;SEASHELLS;3925.0;5
2;44379.0;Camilla;Penelope;SEASHELLS;3919.0;10
2;44387.0;Paris;Camilla;SEASHELLS;3926.0;5
2;44403.0;Camilla;Paris;SEASHELLS;3923.0;9
2;44408.0;Gary;Camilla;SEASHELLS;3929.0;13
2;44439.0;Paris;Camilla;SEASHELLS;3931.0;10
2;44441.0;Paris;Camilla;SEASHELLS;3930.0;9
2;44445.0;Camilla;Gary;SEASHELLS;3924.0;11
2;44451.0;Paris;Camilla;SEASHELLS;3929.0;4
2;44463.0;Paris;Camilla;SEASHELLS;3931.0;5
2;44472.0;Gary;Camilla;SEASHELLS;3931.0;12
2;44477.0;Camilla;Paris;SEASHELLS;3924.0;6
2;44501.0;Camilla;Paris;SEASHELLS;3922.0;3
2;44513.0;Camilla;Paris;SEASHELLS;3922.0;2
2;44594.0;Camilla;Penelope;SEASHELLS;3922.0;13
2;44638.0;Gina;Pablo;SEASHELLS;3929.0;8
2;44652.0;Paris;Camilla;SEASHELLS;3934.0;2
2;44655.0;Peter;Pablo;SEASHELLS;3930.0;1
2;44664.0;Camilla;Gary;SEASHELLS;3925.0;14
2;44666.0;Camilla;Gary;SEASHELLS;3926.0;17
2;44666.0;Charlie;Paris;SEASHELLS;3925.0;9
2;44680.0;Penelope;Camilla;SEASHELLS;3932.0;10
2;44684.0;Camilla;Paris;SEASHELLS;3925.0;2
2;44703.0;Camilla;Penelope;SEASHELLS;3925.0;10
2;44705.0;Camilla;Paris;SEASHELLS;3926.0;5
2;44711.0;Paris;Camilla;SEASHELLS;3933.0;6
2;44744.0;Gary;Camilla;SEASHELLS;3935.0;17
2;44756.0;Gary;Camilla;SEASHELLS;3937.0;17
2;44770.0;Paris;Camilla;SEASHELLS;3939.0;10
2;44772.0;Paris;Peter;SEASHELLS;3934.0;3
2;44797.0;Paris;Camilla;SEASHELLS;3938.0;9
2;44834.0;Camilla;Paris;SEASHELLS;3936.0;6
2;44855.0;Paris;Camilla;SEASHELLS;3940.0;1
2;44875.0;Camilla;Paris;SEASHELLS;3934.0;5
2;44915.0;Paris;Camilla;SEASHELLS;3943.0;5
2;44925.0;Penelope;Camilla;SEASHELLS;3943.0;15
2;44953.0;Camilla;Penelope;SEASHELLS;3938.0;11
2;44972.0;Paris;Camilla;SEASHELLS;3945.0;6
2;44991.0;Camilla;Paris;SEASHELLS;3942.0;10
2;44995.0;Camilla;Paris;SEASHELLS;3942.0;10
2;45021.0;Penelope;Camilla;SEASHELLS;3951.0;12
2;45028.0;Camilla;Paris;SEASHELLS;3944.0;9
2;45046.0;Paris;Camilla;SEASHELLS;3953.0;7
2;45067.0;Paris;Camilla;SEASHELLS;3952.0;2
2;45105.0;Paris;Camilla;SEASHELLS;3953.0;3
2;45125.0;Gary;Camilla;SEASHELLS;3952.0;12
2;45133.0;Paris;Peter;SEASHELLS;3949.0;1
2;45140.0;Charlie;Olivia;SEASHELLS;3947.0;7
2;45140.0;Camilla;Olivia;SEASHELLS;3948.0;10
2;45152.0;Paris;Pablo;SEASHELLS;3948.0;5
2;45161.0;Camilla;Paris;SEASHELLS;3945.0;3
2;45174.0;Paris;Camilla;SEASHELLS;3949.0;5
2;45176.0;Camilla;Gary;SEASHELLS;3941.0;16
2;45179.0;Gary;Camilla;SEASHELLS;3948.0;10
2;45185.0;Penelope;Camilla;SEASHELLS;3947.0;11
2;45213.0;Camilla;Paris;SEASHELLS;3938.0;7
2;45224.0;Paris;Camilla;SEASHELLS;3945.0;10
2;45237.0;Camilla;Paris;SEASHELLS;3937.0;9
2;45309.0;Penelope;Camilla;SEASHELLS;3943.0;10
2;45315.0;Paris;Camilla;SEASHELLS;3942.0;8
2;45326.0;Gary;Camilla;SEASHELLS;3943.0;13
2;45345.0;Camilla;Penelope;SEASHELLS;3935.0;11
2;45353.0;Camilla;Paris;SEASHELLS;3934.0;5
2;45358.0;Camilla;Penelope;SEASHELLS;3933.0;14
2;45359.0;Paris;Camilla;SEASHELLS;3939.0;5
2;45467.0;Camilla;Paris;SEASHELLS;3931.0;9
2;45471.0;Paris;Camilla;SEASHELLS;3938.0;4
2;45511.0;Camilla;Paris;SEASHELLS;3932.0;7
2;45530.0;Pablo;Paris;SEASHELLS;3937.0;7
2;45551.0;Paris;Camilla;SEASHELLS;3937.0;8
2;45554.0;Paris;Camilla;SEASHELLS;3938.0;2
2;45574.0;Paris;Camilla;SEASHELLS;3939.0;1
2;45589.0;Penelope;Camilla;SEASHELLS;3941.0;10
2;45594.0;Gary;Camilla;SEASHELLS;3941.0;12
2;45607.0;Paris;Camilla;SEASHELLS;3942.0;8
2;45608.0;Camilla;Gary;SEASHELLS;3936.0;20
2;45614.0;Camilla;Paris;SEASHELLS;3934.0;2
2;45619.0;Gary;Camilla;SEASHELLS;3943.0;17
2;45651.0;Camilla;Paris;SEASHELLS;3933.0;3
2;45655.0;Paris;Camilla;SEASHELLS;3940.0;6
2;45665.0;Penelope;Camilla;SEASHELLS;3941.0;10
2;45697.0;Camilla;Penelope;SEASHELLS;3929.0;12
2;45704.0;Camilla;Paris;SEASHELLS;3925.0;4
2;45708.0;Paris;Camilla;SEASHELLS;3932.0;5
2;45727.0;Gary;Camilla;SEASHELLS;3936.0;16
2;45743.0;Paris;Camilla;SEASHELLS;3934.0;1
2;45750.0;Penelope;Camilla;SEASHELLS;3933.0;10
2;45792.0;Paris;Camilla;SEASHELLS;3933.0;4
2;45812.0;Camilla;Penelope;SEASHELLS;3927.0;15
2;45836.0;Paris;Camilla;SEASHELLS;3933.0;10
2;45840.0;Camilla;Gary;SEASHELLS;3926.0;13
2;45843.0;Paris;Camilla;SEASHELLS;3934.0;7
2;45854.0;Gary;Camilla;SEASHELLS;3935.0;13
2;45859.0;Camilla;Penelope;SEASHELLS;3930.0;15
2;45891.0;Camilla;Paris;SEASHELLS;3924.0;10
2;45923.0;Gary;Camilla;SEASHELLS;3929.0;10
2;45928.0;Camilla;Paris;SEASHELLS;3922.0;7
2;45942.0;Gary;Camilla;SEASHELLS;3931.0;16
2;45950.0;Camilla;Penelope;SEASHELLS;3923.0;10
2;45957.0;Gary;Camilla;SEASHELLS;3929.0;16
2;45969.0;Gary;Camilla;SEASHELLS;3931.0;20
2;46000.0;Gary;Camilla;SEASHELLS;3928.0;18
2;46020.0;Paris;Charlie;SEASHELLS;3929.0;10
2;46135.0;Camilla;Paris;SEASHELLS;3918.0;7
2;46143.0;Camilla;Paris;SEASHELLS;3919.0;9
2;46157.0;Paris;Camilla;SEASHELLS;3925.0;9
2;46163.0;Paris;Camilla;SEASHELLS;3926.0;3
2;46164.0;Camilla;Paris;SEASHELLS;3920.0;1
2;46166.0;Camilla;Paris;SEASHELLS;3919.0;5
2;46183.0;Camilla;Penelope;SEASHELLS;3920.0;10
2;46190.0;Penelope;Camilla;SEASHELLS;3926.0;13
2;46197.0;Camilla;Gary;SEASHELLS;3922.0;16
2;46204.0;Camilla;Gary;SEASHELLS;3922.0;12
2;46224.0;Camilla;Penelope;SEASHELLS;3924.0;12
2;46262.0;Paris;Camilla;SEASHELLS;3928.0;6
2;46266.0;Pablo;Paris;SEASHELLS;3923.0;1
2;46274.0;Camilla;Paris;SEASHELLS;3920.0;3
2;46280.0;Camilla;Paris;SEASHELLS;3921.0;10
2;46297.0;Camilla;Paris;SEASHELLS;3916.0;7
2;46298.0;Paris;Camilla;SEASHELLS;3923.0;6
2;46393.0;Paris;Camilla;SEASHELLS;3911.0;9
2;46412.0;Camilla;Paris;SEASHELLS;3898.0;5
2;46417.0;Gary;Peter;SEASHELLS;3901.0;1
2;46439.0;Camilla;Gary;SEASHELLS;3894.0;17
2;46470.0;Camilla;Penelope;SEASHELLS;3893.0;13
2;46500.0;Penelope;Camilla;SEASHELLS;3896.0;10
2;46564.0;Penelope;Camilla;SEASHELLS;3896.0;13
2;46576.0;Camilla;Penelope;SEASHELLS;3890.0;10
2;46580.0;Penelope;Camilla;SEASHELLS;3897.0;11
2;46596.0;Penelope;Camilla;SEASHELLS;3898.0;12
2;46614.0;Camilla;Penelope;SEASHELLS;3892.0;10
2;46627.0;Camilla;Penelope;SEASHELLS;3891.0;10
2;46656.0;Penelope;Camilla;SEASHELLS;3899.0;12
2;46672.0;Camilla;Gary;SEASHELLS;3895.0;12
2;46675.0;Peter;Gary;SEASHELLS;3899.0;1
2;46697.0;Camilla;Paris;SEASHELLS;3893.0;5
2;46708.0;Paris;Camilla;SEASHELLS;3898.0;2
2;46717.0;Paris;Camilla;SEASHELLS;3900.0;7
2;46721.0;Camilla;Gary;SEASHELLS;3893.0;16
2;46762.0;Penelope;Camilla;SEASHELLS;3899.0;11
2;46769.0;Penelope;Camilla;SEASHELLS;3898.0;10
2;46776.0;Paris;Camilla;SEASHELLS;3899.0;3
2;46801.0;Penelope;Camilla;SEASHELLS;3899.0;12
2;46862.0;Peter;Paris;SEASHELLS;3895.0;2
2;46872.0;Camilla;Gary;SEASHELLS;3891.0;16
2;46875.0;Paris;Camilla;SEASHELLS;3898.0;10
2;46891.0;Camilla;Gary;SEASHELLS;3890.0;17
2;46903.0;Camilla;Paris;SEASHELLS;3891.0;1
2;46910.0;Camilla;Paris;SEASHELLS;3894.0;9
2;46957.0;Camilla;Penelope;SEASHELLS;3897.0;10
2;47004.0;Camilla;Paris;SEASHELLS;3895.0;8
2;47007.0;Camilla;Gary;SEASHELLS;3895.0;13
2;47010.0;Paris;Camilla;SEASHELLS;3902.0;6
2;47026.0;Paris;Camilla;SEASHELLS;3902.0;1
2;47035.0;Camilla;Paris;SEASHELLS;3897.0;7
2;47043.0;Paris;Camilla;SEASHELLS;3904.0;8
2;47109.0;Paris;Camilla;SEASHELLS;3899.0;6
2;47116.0;Penelope;Camilla;SEASHELLS;3900.0;10
2;47120.0;Gary;Camilla;SEASHELLS;3901.0;12
2;47121.0;Gary;Camilla;SEASHELLS;3901.0;16
2;47124.0;Camilla;Penelope;SEASHELLS;3894.0;10
2;47134.0;Camilla;Gary;SEASHELLS;3890.0;15
2;47149.0;Penelope;Camilla;SEASHELLS;3898.0;11
2;47176.0;Gary;Camilla;SEASHELLS;3897.0;12
2;47225.0;Camilla;Paris;SEASHELLS;3883.0;10
2;47231.0;Paris;Camilla;SEASHELLS;3891.0;8
2;47237.0;Paris;Camilla;SEASHELLS;3890.0;8
2;47247.0;Peter;Gina;SEASHELLS;3886.0;2
2;47251.0;Penelope;Charlie;SEASHELLS;3891.0;11
2;47279.0;Camilla;Penelope;SEASHELLS;3879.0;11
2;47281.0;Camilla;Paris;SEASHELLS;3880.0;6
2;47289.0;Penelope;Camilla;SEASHELLS;3886.0;12
2;47358.0;Camilla;Gary;SEASHELLS;3876.0;19
2;47401.0;Camilla;Gary;SEASHELLS;3879.0;10
2;47424.0;Paris;Camilla;SEASHELLS;3883.0;10
2;47440.0;Penelope;Camilla;SEASHELLS;3883.0;11
2;47450.0;Camilla;Gary;SEASHELLS;3876.0;15
2;47464.0;Paris;Camilla;SEASHELLS;3885.0;4
2;47503.0;Paris;Camilla;SEASHELLS;3883.0;2
2;47510.0;Camilla;Paris;SEASHELLS;3875.0;6
2;47520.0;Camilla;Gary;SEASHELLS;3878.0;18
2;47531.0;Penelope;Camilla;SEASHELLS;3886.0;12
2;47535.0;Penelope;Camilla;SEASHELLS;3885.0;11
2;47545.0;Penelope;Camilla;SEASHELLS;3884.0;12
2;47555.0;Camilla;Penelope;SEASHELLS;3877.0;10
2;47558.0;Camilla;Penelope;SEASHELLS;3877.0;10
2;47558.0;Paris;Penelope;SEASHELLS;3877.0;5
2;47623.0;Gary;Camilla;SEASHELLS;3880.0;17
2;47681.0;Peter;Gary;SEASHELLS;3879.0;4
2;47684.0;Paris;Camilla;SEASHELLS;3881.0;2
2;47735.0;Camilla;Paris;SEASHELLS;3880.0;6
2;47772.0;Camilla;Penelope;SEASHELLS;3883.0;10
2;47777.0;Paris;Camilla;SEASHELLS;3892.0;7
2;47799.0;Camilla;Paris;SEASHELLS;3885.0;8
2;47803.0;Charlie;Paris;SEASHELLS;3885.0;8
2;47805.0;Camilla;Paris;SEASHELLS;3885.0;10
2;47809.0;Penelope;Camilla;SEASHELLS;3891.0;10
2;47836.0;Paris;Camilla;SEASHELLS;3894.0;8
2;47873.0;Paris;Camilla;SEASHELLS;3900.0;9
2;47875.0;Paris;Camilla;SEASHELLS;3899.0;8
2;47889.0;Peter;Gary;SEASHELLS;3896.0;3
2;47889.0;Camilla;Paris;SEASHELLS;3893.0;7
2;47899.0;Camilla;Gary;SEASHELLS;3892.0;20
2;47912.0;Camilla;Penelope;SEASHELLS;3892.0;11
2;47946.0;Gina;Penelope;SEASHELLS;3894.0;13
2;47989.0;Paris;Charlie;SEASHELLS;3894.0;7
2;48008.0;Paris;Camilla;SEASHELLS;3896.0;9
2;48016.0;Penelope;Camilla;SEASHELLS;3898.0;14
2;48020.0;Paris;Camilla;SEASHELLS;3899.0;6
2;48052.0;Camilla;Paris;SEASHELLS;3891.0;4
2;48061.0;Paris;Camilla;SEASHELLS;3899.0;9
2;48072.0;Camilla;Penelope;SEASHELLS;3890.0;10
2;48073.0;Paris;Camilla;SEASHELLS;3898.0;6
2;48084.0;Camilla;Paris;SEASHELLS;3889.0;6
2;48088.0;Paris;Camilla;SEASHELLS;3898.0;10
2;48129.0;Paris;Camilla;SEASHELLS;3897.0;7
2;48150.0;Camilla;Paris;SEASHELLS;3889.0;9
2;48153.0;Camilla;Penelope;SEASHELLS;3889.0;11
2;48172.0;Paris;Camilla;SEASHELLS;3894.0;4
2;48194.0;Penelope;Camilla;SEASHELLS;3888.0;15
2;48246.0;Gary;Camilla;SEASHELLS;3889.0;19
2;48250.0;Camilla;Gary;SEASHELLS;3883.0;20
2;48253.0;Camilla;Paris;SEASHELLS;3883.0;1
2;48259.0;Paris;Camilla;SEASHELLS;3891.0;8
2;48281.0;Camilla;Paris;SEASHELLS;3888.0;1
2;48295.0;Paris;Camilla;SEASHELLS;3894.0;6
2;48320.0;Penelope;Camilla;SEASHELLS;3893.0;15
2;48327.0;Peter;Gina;SEASHELLS;3889.0;3
2;48343.0;Camilla;Paris;SEASHELLS;3884.0;2
2;48346.0;Camilla;Gary;SEASHELLS;3884.0;14
2;48368.0;Camilla;Paris;SEASHELLS;3886.0;2
2;48399.0;Gary;Camilla;SEASHELLS;3896.0;16
2;48409.0;Gary;Camilla;SEASHELLS;3897.0;18
2;48424.0;Camilla;Paris;SEASHELLS;3889.0;1
2;48429.0;Paris;Camilla;SEASHELLS;3896.0;10
2;48486.0;Camilla;Paris;SEASHELLS;3890.0;4
2;48495.0;Camilla;Penelope;SEASHELLS;3892.0;14
2;48521.0;Paris;Peter;SEASHELLS;3892.0;4
2;48579.0;Penelope;Pablo;SEASHELLS;3889.0;9
2;48582.0;Camilla;Penelope;SEASHELLS;3887.0;12
2;48592.0;Penelope;Camilla;SEASHELLS;3895.0;12
2;48628.0;Paris;Camilla;SEASHELLS;3893.0;10
2;48633.0;Camilla;Penelope;SEASHELLS;3887.0;15
2;48658.0;Camilla;Paris;SEASHELLS;3892.0;4
2;48661.0;Penelope;Camilla;SEASHELLS;3899.0;10
2;48661.0;Camilla;Paris;SEASHELLS;3892.0;3
2;48669.0;Gary;Camilla;SEASHELLS;3897.0;20
2;48684.0;Camilla;Paris;SEASHELLS;3891.0;2
2;48753.0;Penelope;Camilla;SEASHELLS;3891.0;11
2;48762.0;Pablo;Peter;SEASHELLS;3888.0;3
2;48778.0;Penelope;Paris;SEASHELLS;3890.0;2
2;48778.0;Penelope;Camilla;SEASHELLS;3890.0;10
2;48805.0;Camilla;Paris;SEASHELLS;3891.0;9
2;48814.0;Camilla;Penelope;SEASHELLS;3891.0;11
2;48869.0;Camilla;Paris;SEASHELLS;3891.0;7
2;48924.0;Paris;Camilla;SEASHELLS;3904.0;3
2;48927.0;Paris;Camilla;SEASHELLS;3904.0;7
2;48970.0;Camilla;Penelope;SEASHELLS;3895.0;10
2;48986.0;Camilla;Paris;SEASHELLS;3896.0;5
2;48993.0;Camilla;Paris;SEASHELLS;3897.0;7
2;49000.0;Paris;Peter;SEASHELLS;3901.0;3
2;49027.0;Gary;Camilla;SEASHELLS;3905.0;19
2;49043.0;Camilla;Paris;SEASHELLS;3900.0;2
2;49051.0;Paris;Camilla;SEASHELLS;3906.0;5
2;49052.0;Camilla;Penelope;SEASHELLS;3899.0;11
2;49069.0;Gary;Camilla;SEASHELLS;3904.0;18
2;49097.0;Penelope;Camilla;SEASHELLS;3905.0;11
2;49101.0;Paris;Camilla;SEASHELLS;3904.0;6
2;49135.0;Camilla;Paris;SEASHELLS;3897.0;6
2;49185.0;Camilla;Paris;SEASHELLS;3897.0;6
2;49225.0;Peter;Pablo;SEASHELLS;3902.0;1
2;49230.0;Penelope;Camilla;SEASHELLS;3906.0;13
2;49248.0;Penelope;Camilla;SEASHELLS;3905.0;13
2;49260.0;Camilla;Paris;SEASHELLS;3902.0;8
2;49270.0;Penelope;Camilla;SEASHELLS;3907.0;11
2;49276.0;Camilla;Paris;SEASHELLS;3900.0;9
2;49279.0;Peter;Gary;SEASHELLS;3903.0;5
2;49308.0;Camilla;Paris;SEASHELLS;3902.0;8
2;49313.0;Paris;Camilla;SEASHELLS;3909.0;7
2;49332.0;Penelope;Camilla;SEASHELLS;3909.0;11
2;49340.0;Camilla;Paris;SEASHELLS;3903.0;9
2;49362.0;Paris;Camilla;SEASHELLS;3911.0;6
2;49407.0;Penelope;Peter;SEASHELLS;3906.0;2
2;49428.0;Paris;Camilla;SEASHELLS;3909.0;2
2;49458.0;Camilla;Penelope;SEASHELLS;3899.0;13
2;49480.0;Camilla;Gary;SEASHELLS;3899.0;18
2;49537.0;Paris;Peter;SEASHELLS;3903.0;2
2;49553.0;Camilla;Paris;SEASHELLS;3902.0;1
2;49560.0;Paris;Camilla;SEASHELLS;3911.0;9
2;49595.0;Gina;Penelope;SEASHELLS;3917.0;13
2;49599.0;Paris;Camilla;SEASHELLS;3920.0;9
2;49606.0;Pablo;Peter;SEASHELLS;3916.0;4
2;49608.0;Camilla;Paris;SEASHELLS;3913.0;5
2;49626.0;Penelope;Camilla;SEASHELLS;3920.0;10
2;49627.0;Paris;Camilla;SEASHELLS;3919.0;8
2;49631.0;Camilla;Paris;SEASHELLS;3914.0;3
2;49700.0;Camilla;Penelope;SEASHELLS;3917.0;11
2;49710.0;Camilla;Gary;SEASHELLS;3918.0;16
2;49732.0;Paris;Camilla;SEASHELLS;3925.0;1
2;49734.0;Camilla;Penelope;SEASHELLS;3920.0;15
2;49773.0;Camilla;Penelope;SEASHELLS;3920.0;10
2;49805.0;Paris;Camilla;SEASHELLS;3925.0;7
2;49807.0;Penelope;Camilla;SEASHELLS;3925.0;13
2;49824.0;Camilla;Penelope;SEASHELLS;3915.0;11
2;49827.0;Camilla;Paris;SEASHELLS;3914.0;8
2;49830.0;Pablo;Peter;SEASHELLS;3916.0;5
2;49863.0;Camilla;Gary;SEASHELLS;3910.0;17
2;49868.0;Paris;Charlie;SEASHELLS;3917.0;1
2;49930.0;Camilla;Paris;SEASHELLS;3907.0;1
2;49933.0;Paris;Camilla;SEASHELLS;3914.0;1
2;49936.0;Camilla;Paris;SEASHELLS;3907.0;9
2;49959.0;Camilla;Paris;SEASHELLS;3905.0;8
2;49970.0;Penelope;Camilla;SEASHELLS;3911.0;11
2;49973.0;Camilla;Paris;SEASHELLS;3905.0;10
2;49986.0;Camilla;Penelope;SEASHELLS;3906.0;10
2;49987.0;Camilla;Penelope;SEASHELLS;3906.0;10
2;49995.0;Gary;Camilla;SEASHELLS;3911.0;14
3;50003.0;Camilla;Penelope;SEASHELLS;3905.0;10
3;50003.0;Paris;Camilla;SEASHELLS;3912.0;2
3;50018.0;Penelope;Camilla;SEASHELLS;3909.0;14
3;50021.0;Camilla;Penelope;SEASHELLS;3902.0;14
3;50052.0;Camilla;Gary;SEASHELLS;3896.0;14
3;50057.0;Paris;Camilla;SEASHELLS;3902.0;10
3;50073.0;Camilla;Penelope;SEASHELLS;3897.0;10
3;50087.0;Camilla;Paris;SEASHELLS;3900.0;5
3;50108.0;Paris;Camilla;SEASHELLS;3907.0;5
3;50151.0;Camilla;Paris;SEASHELLS;3900.0;4
3;50164.0;Gary;Camilla;SEASHELLS;3907.0;13
3;50183.0;Paris;Camilla;SEASHELLS;3908.0;4
3;50189.0;Camilla;Penelope;SEASHELLS;3902.0;12
3;50211.0;Penelope;Camilla;SEASHELLS;3906.0;11
3;50217.0;Paris;Camilla;SEASHELLS;3905.0;3
3;50231.0;Penelope;Camilla;SEASHELLS;3910.0;13
3;50239.0;Camilla;Paris;SEASHELLS;3903.0;10
3;50270.0;Paris;Camilla;SEASHELLS;3913.0;6
3;50319.0;Camilla;Penelope;SEASHELLS;3907.0;12
3;50352.0;Camilla;Gary;SEASHELLS;3911.0;14
3;50356.0;Gary;Camilla;SEASHELLS;3919.0;16
3;50366.0;Penelope;Camilla;SEASHELLS;3918.0;10
3;50375.0;Camilla;Penelope;SEASHELLS;3912.0;11
3;50375.0;Peter;Pablo;SEASHELLS;3914.0;3
3;50408.0;Paris;Camilla;SEASHELLS;3915.0;7
3;50409.0;Camilla;Paris;SEASHELLS;3908.0;9
3;50449.0;Camilla;Penelope;SEASHELLS;3907.0;10
3;50458.0;Paris;Camilla;SEASHELLS;3913.0;6
3;50497.0;Gary;Camilla;SEASHELLS;3916.0;14
3;50524.0;Penelope;Camilla;SEASHELLS;3912.0;15
3;50568.0;Camilla;Paris;SEASHELLS;3907.0;8
3;50613.0;Camilla;Paris;SEASHELLS;3901.0;7
3;50615.0;Paris;Camilla;SEASHELLS;3907.0;7
3;50617.0;Penelope;Camilla;SEASHELLS;3908.0;13
3;50637.0;Camilla;Penelope;SEASHELLS;3901.0;11
3;50655.0;Penelope;Camilla;SEASHELLS;3908.0;13
3;50668.0;Camilla;Penelope;SEASHELLS;3900.0;10
3;50669.0;Gary;Peter;SEASHELLS;3903.0;3
3;50702.0;Pablo;Gary;SEASHELLS;3902.0;15
3;50728.0;Gary;Camilla;SEASHELLS;3906.0;12
3;50738.0;Paris;Camilla;SEASHELLS;3907.0;4
3;50742.0;Paris;Camilla;SEASHELLS;3907.0;8
3;50750.0;Camilla;Penelope;SEASHELLS;3900.0;11
3;50765.0;Camilla;Penelope;SEASHELLS;3898.0;15
3;50773.0;Camilla;Paris;SEASHELLS;3898.0;6
3;50781.0;Paris;Camilla;SEASHELLS;3905.0;8
3;50782.0;Paris;Camilla;SEASHELLS;3904.0;6
3;50800.0;Paris;Camilla;SEASHELLS;3904.0;2
3;50810.0;Camilla;Paris;SEASHELLS;3897.0;10
3;50846.0;Camilla;Paris;SEASHELLS;3896.0;4
3;50859.0;Paris;Camilla;SEASHELLS;3903.0;10
3;50863.0;Penelope;Camilla;SEASHELLS;3904.0;11
3;50913.0;Camilla;Gary;SEASHELLS;3895.0;10
3;50935.0;Paris;Camilla;SEASHELLS;3903.0;8
3;50938.0;Paris;Camilla;SEASHELLS;3902.0;10
3;50957.0;Paris;Peter;SEASHELLS;3899.0;2
3;50958.0;Paris;Charlie;SEASHELLS;3904.0;10
3;50964.0;Paris;Camilla;SEASHELLS;3903.0;1
3;51011.0;Camilla;Paris;SEASHELLS;3896.0;9
3;51024.0;Paris;Camilla;SEASHELLS;3902.0;5
3;51029.0;Gary;Camilla;SEASHELLS;3902.0;11
3;51051.0;Camilla;Gary;SEASHELLS;3894.0;13
3;51062.0;Camilla;Paris;SEASHELLS;3895.0;10
3;51116.0;Peter;Penelope;SEASHELLS;3898.0;1
3;51129.0;Camilla;Paris;SEASHELLS;3896.0;1
3;51180.0;Paris;Camilla;SEASHELLS;3898.0;2
3;51182.0;Paris;Camilla;SEASHELLS;3897.0;4
3;51190.0;Gary;Camilla;SEASHELLS;3897.0;13
3;51238.0;Camilla;Penelope;SEASHELLS;3887.0;10
3;51269.0;Paris;Camilla;SEASHELLS;3897.0;2
3;51275.0;Penelope;Camilla;SEASHELLS;3896.0;10
3;51279.0;Camilla;Gary;SEASHELLS;3889.0;16
3;51309.0;Camilla;Paris;SEASHELLS;3890.0;6
3;51314.0;Camilla;Gary;SEASHELLS;3890.0;16
3;51370.0;Gary;Camilla;SEASHELLS;3903.0;12
3;51370.0;Paris;Charlie;SEASHELLS;3904.0;1
3;51387.0;Penelope;Camilla;SEASHELLS;3904.0;13
3;51390.0;Camilla;Penelope;SEASHELLS;3898.0;13
3;51417.0;Paris;Camilla;SEASHELLS;3907.0;5
3;51448.0;Paris;Camilla;SEASHELLS;3909.0;6
3;51459.0;Gary;Peter;SEASHELLS;3907.0;5
3;51468.0;Camilla;Paris;SEASHELLS;3902.0;1
3;51473.0;Gary;Camilla;SEASHELLS;3910.0;17
3;51500.0;Penelope;Camilla;SEASHELLS;3911.0;10
3;51516.0;Camilla;Gary;SEASHELLS;3901.0;20
3;51519.0;Paris;Camilla;SEASHELLS;3909.0;7
3;51532.0;Camilla;Paris;SEASHELLS;3901.0;6
3;51542.0;Gary;Peter;SEASHELLS;3902.0;2
3;51555.0;Gary;Camilla;SEASHELLS;3909.0;19
3;51586.0;Camilla;Paris;SEASHELLS;3903.0;9
3;51612.0;Charlie;Gary;SEASHELLS;3907.0;27
3;51621.0;Camilla;Paris;SEASHELLS;3906.0;9
3;51648.0;Paris;Peter;SEASHELLS;3912.0;3
3;51714.0;Paris;Camilla;SEASHELLS;3909.0;2
3;51726.0;Peter;Pablo;SEASHELLS;3907.0;3
3;51753.0;Camilla;Paris;SEASHELLS;3904.0;1
3;51762.0;Camilla;Penelope;SEASHELLS;3904.0;13
3;51767.0;Camilla;Gary;SEASHELLS;3905.0;14
3;51858.0;Camilla;Paris;SEASHELLS;3901.0;2
3;51879.0;Paris;Camilla;SEASHELLS;3907.0;3
3;51992.0;Camilla;Paris;SEASHELLS;3908.0;3
3;52035.0;Camilla;Gary;SEASHELLS;3911.0;14
3;52070.0;Paris;Camilla;SEASHELLS;3915.0;2
3;52079.0;Camilla;Paris;SEASHELLS;3907.0;1
3;52099.0;Paris;Camilla;SEASHELLS;3916.0;9
3;52104.0;Paris;Camilla;SEASHELLS;3916.0;7
3;52143.0;Camilla;Paris;SEASHELLS;3904.0;6
3;52174.0;Camilla;Paris;SEASHELLS;3904.0;9
3;52191.0;Penelope;Camilla;SEASHELLS;3913.0;10
3;52217.0;Camilla;Paris;SEASHELLS;3904.0;3
3;52246.0;Paris;Camilla;SEASHELLS;3908.0;6
3;52284.0;Camilla;Penelope;SEASHELLS;3905.0;15
3;52310.0;Camilla;Paris;SEASHELLS;3903.0;7
3;52319.0;Camilla;Paris;SEASHELLS;3901.0;2
3;52337.0;Penelope;Camilla;SEASHELLS;3909.0;15
3;52345.0;Penelope;Camilla;SEASHELLS;3905.0;14
3;52375.0;Paris;Camilla;SEASHELLS;3901.0;9
3;52383.0;Camilla;Paris;SEASHELLS;3893.0;5
3;52403.0;Camilla;Paris;SEASHELLS;3891.0;10
3;52408.0;Camilla;Gary;SEASHELLS;3889.0;13
3;52411.0;Camilla;Penelope;SEASHELLS;3889.0;13
3;52415.0;Camilla;Paris;SEASHELLS;3890.0;2
3;52416.0;Camilla;Gary;SEASHELLS;3890.0;20
3;52417.0;Camilla;Penelope;SEASHELLS;3889.0;10
3;52419.0;Camilla;Gary;SEASHELLS;3889.0;12
3;52438.0;Penelope;Camilla;SEASHELLS;3894.0;14
3;52472.0;Camilla;Paris;SEASHELLS;3889.0;2
3;52483.0;Camilla;Paris;SEASHELLS;3885.0;6
3;52500.0;Charlie;Penelope;SEASHELLS;3887.0;15
3;52505.0;Gary;Camilla;SEASHELLS;3892.0;19
3;52505.0;Gary;Penelope;SEASHELLS;3892.0;11
3;52510.0;Paris;Camilla;SEASHELLS;3891.0;7
3;52540.0;Gary;Camilla;SEASHELLS;3894.0;15
3;52549.0;Penelope;Camilla;SEASHELLS;3895.0;11
3;52560.0;Camilla;Paris;SEASHELLS;3888.0;5
3;52570.0;Camilla;Paris;SEASHELLS;3888.0;5
3;52584.0;Charlie;Gary;SEASHELLS;3888.0;21
3;52600.0;Paris;Peter;SEASHELLS;3894.0;5
3;52613.0;Penelope;Camilla;SEASHELLS;3895.0;15
3;52624.0;Penelope;Camilla;SEASHELLS;3894.0;10
3;52630.0;Camilla;Gary;SEASHELLS;3888.0;16
3;52654.0;Paris;Camilla;SEASHELLS;3899.0;3
3;52692.0;Paris;Camilla;SEASHELLS;3898.0;1
3;52704.0;Paris;Camilla;SEASHELLS;3897.0;1
3;52710.0;Gary;Camilla;SEASHELLS;3898.0;15
3;52731.0;Paris;Camilla;SEASHELLS;3899.0;1
3;52748.0;Camilla;Paris;SEASHELLS;3890.0;10
3;52793.0;Penelope;Camilla;SEASHELLS;3897.0;11
3;52800.0;Camilla;Paris;SEASHELLS;3889.0;10
3;52812.0;Paris;Camilla;SEASHELLS;3898.0;7
3;52816.0;Camilla;Paris;SEASHELLS;3892.0;7
3;52850.0;Gary;Camilla;SEASHELLS;3901.0;13
3;52891.0;Camilla;Paris;SEASHELLS;3895.0;10
3;52897.0;Penelope;Pablo;SEASHELLS;3896.0;5
3;52901.0;Camilla;Penelope;SEASHELLS;3894.0;10
3;52922.0;Camilla;Penelope;SEASHELLS;3895.0;12
3;52960.0;Camilla;Penelope;SEASHELLS;3894.0;13
3;52964.0;Camilla;Paris;SEASHELLS;3895.0;3
3;52997.0;Camilla;Gary;SEASHELLS;3892.0;18
3;53005.0;Camilla;Penelope;SEASHELLS;3890.0;11
3;53008.0;Camilla;Penelope;SEASHELLS;3890.0;12
3;53016.0;Penelope;Camilla;SEASHELLS;3896.0;12
3;53026.0;Paris;Camilla;SEASHELLS;3897.0;1
3;53031.0;Camilla;Paris;SEASHELLS;3892.0;10
3;53040.0;Penelope;Camilla;SEASHELLS;3897.0;11
3;53049.0;Camilla;Paris;SEASHELLS;3890.0;8
3;53050.0;Pablo;Gina;SEASHELLS;3892.0;7
3;53086.0;Paris;Camilla;SEASHELLS;3896.0;8
3;53120.0;Camilla;Paris;SEASHELLS;3885.0;7
3;53124.0;Paris;Peter;SEASHELLS;3889.0;3
3;53142.0;Paris;Camilla;SEASHELLS;3892.0;3
3;53143.0;Camilla;Paris;SEASHELLS;3886.0;1
3;53150.0;Camilla;Paris;SEASHELLS;3886.0;7
3;53161.0;Camilla;Penelope;SEASHELLS;3885.0;14
3;53171.0;Camilla;Gary;SEASHELLS;3886.0;12
3;53174.0;Gary;Charlie;SEASHELLS;3894.0;26
3;53182.0;Paris;Camilla;SEASHELLS;3894.0;4
3;53193.0;Camilla;Penelope;SEASHELLS;3887.0;10
3;53196.0;Penelope;Camilla;SEASHELLS;3894.0;15
3;53201.0;Camilla;Paris;SEASHELLS;3888.0;4
3;53362.0;Camilla;Paris;SEASHELLS;3889.0;8
3;53385.0;Camilla;Paris;SEASHELLS;3890.0;6
3;53393.0;Penelope;Gary;SEASHELLS;3890.0;12
3;53393.0;Camilla;Gary;SEASHELLS;3890.0;17
3;53422.0;Camilla;Penelope;SEASHELLS;3894.0;13
3;53428.0;Gary;Camilla;SEASHELLS;3899.0;14
3;53429.0;Camilla;Paris;SEASHELLS;3893.0;7
3;53435.0;Paris;Charlie;SEASHELLS;3899.0;6
3;53460.0;Camilla;Gary;SEASHELLS;3893.0;18
3;53463.0;Paris;Camilla;SEASHELLS;3900.0;5
3;53469.0;Camilla;Paris;SEASHELLS;3893.0;4
3;53490.0;Paris;Camilla;SEASHELLS;3899.0;5
3;53542.0;Camilla;Paris;SEASHELLS;3888.0;2
3;53543.0;Camilla;Penelope;SEASHELLS;3888.0;11
3;53547.0;Gary;Camilla;SEASHELLS;3894.0;19
3;53552.0;Camilla;Paris;SEASHELLS;3889.0;7
3;53586.0;Camilla;Paris;SEASHELLS;3889.0;6
3;53592.0;Camilla;Paris;SEASHELLS;3889.0;5
3;53600.0;Penelope;Camilla;SEASHELLS;3898.0;10
3;53605.0;Peter;Pablo;SEASHELLS;3894.0;3
3;53611.0;Peter;Paris;SEASHELLS;3896.0;2
3;53624.0;Camilla;Penelope;SEASHELLS;3888.0;12
3;53645.0;Camilla;Gary;SEASHELLS;3887.0;20
3;53646.0;Paris;Camilla;SEASHELLS;3894.0;5
3;53652.0;Camilla;Penelope;SEASHELLS;3887.0;14
3;53662.0;Camilla;Gary;SEASHELLS;3888.0;16
3;53670.0;Penelope;Camilla;SEASHELLS;3893.0;11
3;53677.0;Paris;Camilla;SEASHELLS;3892.0;8
3;53697.0;Camilla;Gary;SEASHELLS;3888.0;20
3;53698.0;Paris;Camilla;SEASHELLS;3894.0;3
3;53738.0;Pablo;Gary;SEASHELLS;3892.0;14
3;53770.0;Penelope;Camilla;SEASHELLS;3893.0;13
3;53791.0;Paris;Camilla;SEASHELLS;3898.0;4
3;53834.0;Camilla;Paris;SEASHELLS;3885.0;6
3;53836.0;Paris;Camilla;SEASHELLS;3892.0;3
3;53865.0;Camilla;Penelope;SEASHELLS;3887.0;11
3;53915.0;Paris;Camilla;SEASHELLS;3895.0;8
3;53932.0;Paris;Camilla;SEASHELLS;3895.0;8
3;53963.0;Paris;Camilla;SEASHELLS;3895.0;5
3;53991.0;Pablo;Peter;SEASHELLS;3891.0;2
3;54003.0;Paris;Camilla;SEASHELLS;3894.0;9
3;54010.0;Penelope;Camilla;SEASHELLS;3893.0;12
3;54032.0;Penelope;Camilla;SEASHELLS;3898.0;11
3;54037.0;Penelope;Camilla;SEASHELLS;3898.0;13
3;54055.0;Penelope;Camilla;SEASHELLS;3900.0;15
3;54064.0;Paris;Camilla;SEASHELLS;3899.0;8
3;54079.0;Camilla;Penelope;SEASHELLS;3894.0;10
3;54118.0;Camilla;Gary;SEASHELLS;3895.0;16
3;54145.0;Paris;Camilla;SEASHELLS;3901.0;3
3;54159.0;Gary;Camilla;SEASHELLS;3902.0;10
3;54159.0;Gary;Penelope;SEASHELLS;3902.0;14
3;54205.0;Paris;Camilla;SEASHELLS;3906.0;9
3;54264.0;Penelope;Peter;SEASHELLS;3903.0;4
3;54266.0;Gary;Camilla;SEASHELLS;3907.0;16
3;54317.0;Gary;Camilla;SEASHELLS;3904.0;19
3;54334.0;Camilla;Paris;SEASHELLS;3893.0;1
3;54350.0;Camilla;Paris;SEASHELLS;3894.0;5
3;54363.0;Camilla;Paris;SEASHELLS;3896.0;8
3;54366.0;Camilla;Paris;SEASHELLS;3895.0;4
3;54379.0;Penelope;Camilla;SEASHELLS;3904.0;15
3;54389.0;Camilla;Paris;SEASHELLS;3898.0;10
3;54408.0;Camilla;Penelope;SEASHELLS;3900.0;12
3;54430.0;Camilla;Paris;SEASHELLS;3899.0;2
3;54433.0;Camilla;Penelope;SEASHELLS;3901.0;13
3;54440.0;Camilla;Paris;SEASHELLS;3902.0;7
3;54448.0;Paris;Camilla;SEASHELLS;3910.0;2
3;54458.0;Camilla;Penelope;SEASHELLS;3904.0;11
3;54459.0;Camilla;Gary;SEASHELLS;3905.0;14
3;54472.0;Camilla;Paris;SEASHELLS;3906.0;3
3;54473.0;Camilla;Paris;SEASHELLS;3906.0;4
3;54480.0;Camilla;Gary;SEASHELLS;3904.0;14
3;54488.0;Camilla;Gary;SEASHELLS;3905.0;11
3;54496.0;Camilla;Paris;SEASHELLS;3906.0;1
3;54509.0;Gary;Camilla;SEASHELLS;3912.0;17
3;54515.0;Penelope;Camilla;SEASHELLS;3912.0;13
3;54517.0;Paris;Peter;SEASHELLS;3907.0;3
3;54565.0;Camilla;Paris;SEASHELLS;3909.0;10
3;54578.0;Peter;Pablo;SEASHELLS;3913.0;5
3;54608.0;Paris;Camilla;SEASHELLS;3921.0;2
3;54616.0;Camilla;Penelope;SEASHELLS;3915.0;11
3;54623.0;Gary;Camilla;SEASHELLS;3922.0;10
3;54654.0;Gary;Camilla;SEASHELLS;3922.0;10
3;54662.0;Paris;Camilla;SEASHELLS;3923.0;5
3;54737.0;Camilla;Gary;SEASHELLS;3918.0;10
3;54764.0;Gina;Peter;SEASHELLS;3922.0;1
3;54792.0;Gary;Camilla;SEASHELLS;3924.0;12
3;54831.0;Gary;Camilla;SEASHELLS;3924.0;17
3;54848.0;Penelope;Camilla;SEASHELLS;3927.0;14
3;54854.0;Camilla;Paris;SEASHELLS;3919.0;7
3;54865.0;Camilla;Penelope;SEASHELLS;3919.0;12
3;54875.0;Penelope;Camilla;SEASHELLS;3925.0;12
3;54879.0;Gary;Camilla;SEASHELLS;3925.0;10
3;54886.0;Camilla;Gary;SEASHELLS;3919.0;10
3;54903.0;Camilla;Paris;SEASHELLS;3923.0;7
3;54915.0;Camilla;Paris;SEASHELLS;3924.0;4
3;54917.0;Peter;Penelope;SEASHELLS;3926.0;4
3;54918.0;Camilla;Paris;SEASHELLS;3922.0;5
3;54922.0;Paris;Camilla;SEASHELLS;3930.0;6
3;54925.0;Penelope;Camilla;SEASHELLS;3929.0;10
3;54933.0;Camilla;Paris;SEASHELLS;3923.0;4
3;54978.0;Camilla;Paris;SEASHELLS;3925.0;2
3;54983.0;Camilla;Paris;SEASHELLS;3927.0;7
3;55018.0;Camilla;Penelope;SEASHELLS;3930.0;14
3;55042.0;Camilla;Paris;SEASHELLS;3928.0;7
3;55045.0;Camilla;Paris;SEASHELLS;3928.0;3
3;55070.0;Penelope;Camilla;SEASHELLS;3935.0;10
3;55084.0;Paris;Camilla;SEASHELLS;3937.0;4
3;55091.0;Gary;Camilla;SEASHELLS;3935.0;17
3;55091.0;Penelope;Charlie;SEASHELLS;3936.0;13
3;55092.0;Gary;Camilla;SEASHELLS;3935.0;10
3;55100.0;Camilla;Paris;SEASHELLS;3930.0;10
3;55115.0;Peter;Paris;SEASHELLS;3931.0;4
3;55126.0;Paris;Camilla;SEASHELLS;3933.0;4
3;55129.0;Camilla;Paris;SEASHELLS;3926.0;10
3;55135.0;Camilla;Penelope;SEASHELLS;3927.0;12
3;55141.0;Penelope;Camilla;SEASHELLS;3933.0;11
3;55150.0;Camilla;Paris;SEASHELLS;3929.0;1
3;55178.0;Penelope;Camilla;SEASHELLS;3936.0;13
3;55186.0;Paris;Camilla;SEASHELLS;3937.0;1
3;55197.0;Camilla;Olivia;SEASHELLS;3932.0;17
3;55231.0;Paris;Camilla;SEASHELLS;3931.0;3
3;55240.0;Paris;Camilla;SEASHELLS;3930.0;9
3;55264.0;Gary;Peter;SEASHELLS;3926.0;3
3;55266.0;Penelope;Camilla;SEASHELLS;3931.0;10
3;55295.0;Gary;Camilla;SEASHELLS;3930.0;10
3;55313.0;Gary;Camilla;SEASHELLS;3930.0;16
3;55347.0;Paris;Camilla;SEASHELLS;3925.0;2
3;55363.0;Camilla;Paris;SEASHELLS;3918.0;7
3;55365.0;Camilla;Paris;SEASHELLS;3918.0;8
3;55376.0;Paris;Camilla;SEASHELLS;3925.0;10
3;55383.0;Penelope;Camilla;SEASHELLS;3924.0;13
3;55409.0;Paris;Camilla;SEASHELLS;3925.0;3
3;55480.0;Paris;Camilla;SEASHELLS;3926.0;2
3;55496.0;Camilla;Paris;SEASHELLS;3917.0;9
3;55520.0;Paris;Camilla;SEASHELLS;3920.0;8
3;55529.0;Camilla;Penelope;SEASHELLS;3915.0;13
3;55550.0;Camilla;Penelope;SEASHELLS;3915.0;15
3;55567.0;Paris;Camilla;SEASHELLS;3922.0;1
3;55611.0;Paris;Camilla;SEASHELLS;3925.0;4
3;55612.0;Paris;Camilla;SEASHELLS;3924.0;9
3;55613.0;Camilla;Penelope;SEASHELLS;3917.0;12
3;55663.0;Peter;Penelope;SEASHELLS;3919.0;3
3;55693.0;Paris;Peter;SEASHELLS;3917.0;5
3;55709.0;Penelope;Camilla;SEASHELLS;3922.0;11
3;55720.0;Camilla;Paris;SEASHELLS;3916.0;4
3;55744.0;Paris;Camilla;SEASHELLS;3924.0;10
3;55758.0;Peter;Gary;SEASHELLS;3921.0;1
3;55764.0;Paris;Camilla;SEASHELLS;3926.0;8
3;55780.0;Paris;Camilla;SEASHELLS;3924.0;6
3;55796.0;Paris;Camilla;SEASHELLS;3924.0;5
3;55815.0;Camilla;Gary;SEASHELLS;3917.0;20
3;55829.0;Paris;Camilla;SEASHELLS;3923.0;4
3;55864.0;Paris;Camilla;SEASHELLS;3921.0;4
3;55877.0;Paris;Camilla;SEASHELLS;3917.0;8
3;55885.0;Gary;Camilla;SEASHELLS;3916.0;15
3;55889.0;Camilla;Gary;SEASHELLS;3909.0;17
3;55900.0;Peter;Gina;SEASHELLS;3910.0;1
3;55941.0;Paris;Camilla;SEASHELLS;3911.0;10
3;55942.0;Paris;Camilla;SEASHELLS;3911.0;7
3;56006.0;Penelope;Camilla;SEASHELLS;3906.0;12
3;56021.0;Gary;Camilla;SEASHELLS;3907.0;14
3;56026.0;Camilla;Penelope;SEASHELLS;3901.0;14
3;56050.0;Camilla;Paris;SEASHELLS;3903.0;8
3;56061.0;Camilla;Paris;SEASHELLS;3903.0;10
3;56066.0;Paris;Camilla;SEASHELLS;3911.0;4
3;56120.0;Camilla;Paris;SEASHELLS;3908.0;3
3;56123.0;Peter;Paris;SEASHELLS;3911.0;2
3;56133.0;Camilla;Gary;SEASHELLS;3910.0;13
3;56145.0;Gary;Camilla;SEASHELLS;3915.0;11
3;56147.0;Paris;Camilla;SEASHELLS;3914.0;2
3;56161.0;Camilla;Penelope;SEASHELLS;3905.0;10
3;56173.0;Gary;Camilla;SEASHELLS;3911.0;13
3;56176.0;Penelope;Camilla;SEASHELLS;3911.0;13
3;56202.0;Paris;Camilla;SEASHELLS;3912.0;7
3;56211.0;Camilla;Gary;SEASHELLS;3903.0;11
3;56237.0;Paris;Camilla;SEASHELLS;3907.0;1
3;56252.0;Paris;Camilla;SEASHELLS;3907.0;6
3;56258.0;Camilla;Paris;SEASHELLS;3901.0;3
3;56265.0;Paris;Camilla;SEASHELLS;3907.0;10
3;56270.0;Camilla;Penelope;SEASHELLS;3900.0;10
3;56273.0;Camilla;Paris;SEASHELLS;3900.0;1
3;56291.0;Paris;Camilla;SEASHELLS;3906.0;9
3;56314.0;Penelope;Camilla;SEASHELLS;3903.0;13
3;56322.0;Penelope;Camilla;SEASHELLS;3904.0;11
3;56329.0;Penelope;Camilla;SEASHELLS;3906.0;11
3;56345.0;Camilla;Penelope;SEASHELLS;3898.0;12
3;56381.0;Camilla;Gary;SEASHELLS;3900.0;15
3;56384.0;Camilla;Paris;SEASHELLS;3900.0;8
3;56389.0;Paris;Camilla;SEASHELLS;3907.0;10
3;56399.0;Paris;Camilla;SEASHELLS;3906.0;1
3;56425.0;Camilla;Gary;SEASHELLS;3902.0;16
3;56437.0;Camilla;Paris;SEASHELLS;3902.0;8
3;56441.0;Peter;Paris;SEASHELLS;3906.0;3
3;56449.0;Paris;Camilla;SEASHELLS;3910.0;10
3;56450.0;Paris;Camilla;SEASHELLS;3910.0;3
3;56452.0;Penelope;Camilla;SEASHELLS;3909.0;12
3;56464.0;Paris;Peter;SEASHELLS;3905.0;2
3;56465.0;Gary;Camilla;SEASHELLS;3909.0;13
3;56494.0;Camilla;Paris;SEASHELLS;3908.0;2
3;56513.0;Penelope;Camilla;SEASHELLS;3913.0;11
3;56529.0;Penelope;Camilla;SEASHELLS;3914.0;11
3;56549.0;Camilla;Gary;SEASHELLS;3903.0;10
3;56569.0;Penelope;Camilla;SEASHELLS;3912.0;12
3;56609.0;Charlie;Paris;SEASHELLS;3901.0;10
3;56621.0;Paris;Camilla;SEASHELLS;3910.0;5
3;56627.0;Charlie;Paris;SEASHELLS;3903.0;8
3;56658.0;Penelope;Camilla;SEASHELLS;3911.0;10
3;56695.0;Camilla;Paris;SEASHELLS;3905.0;2
3;56725.0;Camilla;Paris;SEASHELLS;3908.0;3
3;56738.0;Peter;Penelope;SEASHELLS;3911.0;5
3;56756.0;Camilla;Gary;SEASHELLS;3906.0;16
3;56772.0;Gary;Camilla;SEASHELLS;3910.0;20
3;56780.0;Camilla;Paris;SEASHELLS;3902.0;3
3;56819.0;Penelope;Camilla;SEASHELLS;3905.0;14
3;56822.0;Paris;Camilla;SEASHELLS;3905.0;2
3;56910.0;Paris;Camilla;SEASHELLS;3908.0;4
3;56916.0;Camilla;Paris;SEASHELLS;3901.0;1
3;56923.0;Penelope;Camilla;SEASHELLS;3908.0;15
3;56932.0;Paris;Camilla;SEASHELLS;3906.0;4
3;56933.0;Paris;Camilla;SEASHELLS;3906.0;8
3;56959.0;Paris;Camilla;SEASHELLS;3905.0;2
3;57001.0;Paris;Camilla;SEASHELLS;3906.0;1
3;57023.0;Penelope;Camilla;SEASHELLS;3906.0;12
3;57060.0;Penelope;Camilla;SEASHELLS;3903.0;11
3;57072.0;Camilla;Gary;SEASHELLS;3894.0;13
3;57128.0;Penelope;Camilla;SEASHELLS;3899.0;10
3;57148.0;Penelope;Camilla;SEASHELLS;3898.0;13
3;57150.0;Camilla;Paris;SEASHELLS;3892.0;8
3;57153.0;Penelope;Camilla;SEASHELLS;3897.0;10
3;57182.0;Paris;Camilla;SEASHELLS;3894.0;6
3;57221.0;Camilla;Penelope;SEASHELLS;3889.0;11
3;57268.0;Penelope;Camilla;SEASHELLS;3895.0;14
3;57271.0;Paris;Camilla;SEASHELLS;3896.0;10
3;57289.0;Camilla;Paris;SEASHELLS;3889.0;5
3;57352.0;Peter;Penelope;SEASHELLS;3892.0;1
3;57356.0;Penelope;Camilla;SEASHELLS;3896.0;10
3;57371.0;Camilla;Paris;SEASHELLS;3888.0;9
3;57386.0;Paris;Camilla;SEASHELLS;3893.0;2
3;57401.0;Camilla;Paris;SEASHELLS;3884.0;8
3;57405.0;Paris;Camilla;SEASHELLS;3892.0;7
3;57410.0;Paris;Camilla;SEASHELLS;3891.0;1
3;57437.0;Paris;Camilla;SEASHELLS;3892.0;5
3;57474.0;Camilla;Paris;SEASHELLS;3885.0;1
3;57494.0;Gary;Camilla;SEASHELLS;3889.0;11
3;57509.0;Camilla;Gary;SEASHELLS;3884.0;10
3;57557.0;Paris;Camilla;SEASHELLS;3895.0;7
3;57582.0;Penelope;Camilla;SEASHELLS;3896.0;14
3;57590.0;Paris;Peter;SEASHELLS;3890.0;1
3;57629.0;Paris;Camilla;SEASHELLS;3895.0;4
3;57647.0;Camilla;Paris;SEASHELLS;3890.0;5
3;57650.0;Camilla;Paris;SEASHELLS;3890.0;9
3;57671.0;Camilla;Paris;SEASHELLS;3890.0;7
3;57688.0;Camilla;Paris;SEASHELLS;3888.0;4
3;57699.0;Gary;Camilla;SEASHELLS;3893.0;14
3;57766.0;Paris;Camilla;SEASHELLS;3896.0;9
3;57792.0;Paris;Camilla;SEASHELLS;3896.0;4
3;57845.0;Camilla;Gary;SEASHELLS;3893.0;16
3;57855.0;Paris;Camilla;SEASHELLS;3901.0;4
3;57869.0;Penelope;Camilla;SEASHELLS;3903.0;15
3;57883.0;Camilla;Penelope;SEASHELLS;3895.0;10
3;57889.0;Gary;Camilla;SEASHELLS;3904.0;16
3;57903.0;Camilla;Gary;SEASHELLS;3898.0;10
3;57923.0;Paris;Camilla;SEASHELLS;3908.0;8
3;57949.0;Camilla;Penelope;SEASHELLS;3899.0;12
3;57953.0;Camilla;Gary;SEASHELLS;3899.0;15
3;57956.0;Camilla;Paris;SEASHELLS;3898.0;6
3;57963.0;Paris;Camilla;SEASHELLS;3906.0;2
3;57979.0;Camilla;Gary;SEASHELLS;3900.0;16
3;58034.0;Gary;Camilla;SEASHELLS;3900.0;14
3;58040.0;Camilla;Penelope;SEASHELLS;3892.0;12
3;58057.0;Penelope;Camilla;SEASHELLS;3898.0;10
3;58061.0;Camilla;Penelope;SEASHELLS;3891.0;10
3;58062.0;Paris;Camilla;SEASHELLS;3898.0;5
3;58073.0;Paris;Camilla;SEASHELLS;3893.0;6
3;58083.0;Paris;Camilla;SEASHELLS;3894.0;8
3;58093.0;Camilla;Penelope;SEASHELLS;3889.0;10
3;58107.0;Gary;Camilla;SEASHELLS;3893.0;10
3;58149.0;Paris;Camilla;SEASHELLS;3897.0;4
3;58179.0;Camilla;Paris;SEASHELLS;3892.0;10
3;58182.0;Gary;Camilla;SEASHELLS;3899.0;16
3;58185.0;Penelope;Camilla;SEASHELLS;3899.0;13
3;58188.0;Paris;Camilla;SEASHELLS;3897.0;5
3;58198.0;Camilla;Gary;SEASHELLS;3890.0;15
3;58211.0;Paris;Peter;SEASHELLS;3887.0;4
3;58238.0;Camilla;Paris;SEASHELLS;3887.0;5
3;58239.0;Gary;Camilla;SEASHELLS;3893.0;14
3;58281.0;Camilla;Gary;SEASHELLS;3884.0;17
3;58285.0;Camilla;Paris;SEASHELLS;3882.0;3
3;58289.0;Camilla;Paris;SEASHELLS;3882.0;8
3;58295.0;Paris;Camilla;SEASHELLS;3889.0;9
3;58325.0;Paris;Camilla;SEASHELLS;3889.0;8
3;58344.0;Penelope;Camilla;SEASHELLS;3894.0;14
3;58346.0;Gary;Peter;SEASHELLS;3889.0;4
3;58353.0;Paris;Charlie;SEASHELLS;3894.0;4
3;58372.0;Paris;Camilla;SEASHELLS;3897.0;7
3;58393.0;Paris;Camilla;SEASHELLS;3894.0;1
3;58397.0;Paris;Camilla;SEASHELLS;3894.0;8
3;58402.0;Camilla;Penelope;SEASHELLS;3885.0;12
3;58409.0;Camilla;Gary;SEASHELLS;3884.0;12
3;58413.0;Camilla;Paris;SEASHELLS;3884.0;4
3;58416.0;Paris;Camilla;SEASHELLS;3892.0;2
3;58424.0;Penelope;Camilla;SEASHELLS;3891.0;10
3;58434.0;Penelope;Camilla;SEASHELLS;3890.0;12
3;58439.0;Paris;Camilla;SEASHELLS;3889.0;5
3;58447.0;Paris;Camilla;SEASHELLS;3889.0;6
3;58454.0;Penelope;Camilla;SEASHELLS;3888.0;10
3;58498.0;Charlie;Gary;SEASHELLS;3878.0;27
3;58499.0;Camilla;Paris;SEASHELLS;3878.0;4
3;58599.0;Paris;Camilla;SEASHELLS;3886.0;2
3;58604.0;Paris;Camilla;SEASHELLS;3886.0;4
3;58610.0;Camilla;Paris;SEASHELLS;3881.0;10
3;58638.0;Paris;Camilla;SEASHELLS;3884.0;2
3;58639.0;Camilla;Gary;SEASHELLS;3877.0;18
3;58650.0;Paris;Camilla;SEASHELLS;3882.0;8
3;58651.0;Paris;Camilla;SEASHELLS;3882.0;10
3;58656.0;Camilla;Paris;SEASHELLS;3875.0;4
3;58666.0;Camilla;Gary;SEASHELLS;3873.0;11
3;58668.0;Camilla;Penelope;SEASHELLS;3874.0;13
3;58669.0;Gary;Camilla;SEASHELLS;3880.0;19
3;58671.0;Camilla;Paris;SEASHELLS;3874.0;9
3;58677.0;Paris;Camilla;SEASHELLS;3878.0;3
3;58687.0;Camilla;Gary;SEASHELLS;3871.0;20
3;58711.0;Gary;Camilla;SEASHELLS;3874.0;17
3;58735.0;Camilla;Paris;SEASHELLS;3868.0;8
3;58766.0;Camilla;Paris;SEASHELLS;3866.0;1
3;58811.0;Camilla;Paris;SEASHELLS;3865.0;9
3;58813.0;Penelope;Camilla;SEASHELLS;3872.0;15
3;58826.0;Camilla;Penelope;SEASHELLS;3865.0;14
3;58828.0;Camilla;Penelope;SEASHELLS;3864.0;10
3;58828.0;Paris;Camilla;SEASHELLS;3871.0;1
