day;timestamp;buyer;seller;currency;price;quantity
-1;10017.0;Charlie;Pablo;SEASHELLS;8000.0;30
-1;10029.0;Charlie;Peter;SEASHELLS;7997.0;10
-1;10035.0;Caesar;Caesar;SEASHELLS;7996.0;40
-1;10053.0;Charlie;Peter;SEASHELLS;7997.0;9
-1;10115.0;Caesar;Peter;SEASHELLS;8004.0;10
-1;10130.0;Caesar;Peter;SEASHELLS;8003.0;6
-1;10157.0;Charlie;Pablo;SEASHELLS;8002.0;13
-1;10174.0;Caesar;Caesar;SEASHELLS;7999.0;52
-1;10182.0;Charlie;Pablo;SEASHELLS;7996.0;22
-1;10279.0;Caesar;Caesar;SEASHELLS;7991.0;58
-1;10301.0;Charlie;Pablo;SEASHELLS;7995.0;26
-1;10321.0;Peter;Charlie;SEASHELLS;7999.0;8
-1;10329.0;Caesar;Caesar;SEASHELLS;7996.0;43
-1;10368.0;Caesar;Caesar;SEASHELLS;7989.0;54
-1;10393.0;Peter;Caesar;SEASHELLS;7991.0;5
-1;10445.0;Charlie;Pablo;SEASHELLS;7984.0;19
-1;10457.0;Charlie;Peter;SEASHELLS;7977.0;7
-1;10509.0;Peter;Charlie;SEASHELLS;7979.0;7
-1;10560.0;Caesar;Pablo;SEASHELLS;7977.0;29
-1;10576.0;Peter;Charlie;SEASHELLS;7976.0;9
-1;10578.0;Charlie;Pablo;SEASHELLS;7972.0;27
-1;10606.0;Caesar;Caesar;SEASHELLS;7964.0;70
-1;10676.0;Caesar;Caesar;SEASHELLS;7957.0;56
-1;10676.0;Caesar;Caesar;SEASHELLS;7957.0;21
-1;10698.0;Charlie;Peter;SEASHELLS;7963.0;8
-1;10713.0;Charlie;Pablo;SEASHELLS;7963.0;13
-1;10736.0;Caesar;Peter;SEASHELLS;7965.0;9
-1;10753.0;Peter;Charlie;SEASHELLS;7972.0;9
-1;10779.0;Caesar;Caesar;SEASHELLS;7964.0;58
-1;10800.0;Charlie;Pablo;SEASHELLS;7961.0;19
-1;10894.0;Peter;Caesar;SEASHELLS;7955.0;8
-1;10924.0;Charlie;Pablo;SEASHELLS;7955.0;18
-1;10959.0;Peter;Charlie;SEASHELLS;7961.0;10
-1;10969.0;Caesar;Caesar;SEASHELLS;7961.0;13
-1;10969.0;Caesar;Caesar;SEASHELLS;7961.0;40
-1;10977.0;Peter;Charlie;SEASHELLS;7964.0;9
-1;11007.0;Charlie;Pablo;SEASHELLS;7968.0;22
-1;11010.0;Charlie;Pablo;SEASHELLS;7966.0;12
-1;11035.0;Caesar;Caesar;SEASHELLS;7965.0;66
-1;11131.0;Caesar;Caesar;SEASHELLS;7972.0;46
-1;11145.0;Caesar;Caesar;SEASHELLS;7966.0;53
-1;11168.0;Charlie;Peter;SEASHELLS;7958.0;6
-1;11171.0;Peter;Caesar;SEASHELLS;7962.0;9
-1;11222.0;Peter;Charlie;SEASHELLS;7965.0;8
-1;11252.0;Caesar;Peter;SEASHELLS;7966.0;10
-1;11253.0;Caesar;Caesar;SEASHELLS;7965.0;46
-1;11253.0;Caesar;Caesar;SEASHELLS;7965.0;29
-1;11255.0;Caesar;Caesar;SEASHELLS;7965.0;43
-1;11265.0;Charlie;Peter;SEASHELLS;7963.0;6
-1;11276.0;Caesar;Pablo;SEASHELLS;7966.0;26
-1;11306.0;Caesar;Caesar;SEASHELLS;7967.0;65
-1;11325.0;Charlie;Pablo;SEASHELLS;7969.0;21
-1;11332.0;Caesar;Caesar;SEASHELLS;7970.0;47
-1;11410.0;Charlie;Peter;SEASHELLS;7970.0;10
-1;11441.0;Caesar;Caesar;SEASHELLS;7968.0;23
-1;11441.0;Caesar;Caesar;SEASHELLS;7968.0;50
-1;11468.0;Charlie;Pablo;SEASHELLS;7966.0;10
-1;11525.0;Caesar;Caesar;SEASHELLS;7972.0;69
-1;11585.0;Charlie;Peter;SEASHELLS;7977.0;8
-1;11608.0;Peter;Charlie;SEASHELLS;7981.0;6
-1;11610.0;Peter;Charlie;SEASHELLS;7980.0;7
-1;11636.0;Caesar;Caesar;SEASHELLS;7978.0;53
-1;11636.0;Caesar;Caesar;SEASHELLS;7978.0;1
-1;11641.0;Caesar;Pablo;SEASHELLS;7978.0;17
-1;11663.0;Charlie;Peter;SEASHELLS;7981.0;6
-1;11697.0;Peter;Charlie;SEASHELLS;7981.0;10
-1;11722.0;Pablo;Caesar;SEASHELLS;7982.0;10
-1;11737.0;Charlie;Pablo;SEASHELLS;7980.0;19
-1;11757.0;Caesar;Caesar;SEASHELLS;7983.0;41
-1;11770.0;Charlie;Peter;SEASHELLS;7979.0;6
-1;11786.0;Peter;Caesar;SEASHELLS;7982.0;8
-1;11787.0;Caesar;Caesar;SEASHELLS;7980.0;45
-1;11789.0;Caesar;Caesar;SEASHELLS;7983.0;57
-1;11815.0;Caesar;Caesar;SEASHELLS;7977.0;63
-1;11817.0;Charlie;Pablo;SEASHELLS;7976.0;10
-1;11844.0;Caesar;Pablo;SEASHELLS;7981.0;20
-1;11911.0;Caesar;Caesar;SEASHELLS;7981.0;46
-1;11926.0;Charlie;Pablo;SEASHELLS;7982.0;16
-1;11965.0;Charlie;Pablo;SEASHELLS;7982.0;25
-1;12033.0;Caesar;Caesar;SEASHELLS;7982.0;20
-1;12033.0;Caesar;Caesar;SEASHELLS;7982.0;46
-1;12063.0;Charlie;Peter;SEASHELLS;7978.0;7
-1;12064.0;Peter;Charlie;SEASHELLS;7981.0;10
-1;12069.0;Peter;Charlie;SEASHELLS;7981.0;5
-1;12072.0;Charlie;Peter;SEASHELLS;7976.0;5
-1;12075.0;Peter;Charlie;SEASHELLS;7980.0;9
-1;12076.0;Charlie;Pablo;SEASHELLS;7976.0;16
-1;12080.0;Charlie;Pablo;SEASHELLS;7976.0;15
-1;12083.0;Charlie;Peter;SEASHELLS;7974.0;9
-1;12116.0;Caesar;Caesar;SEASHELLS;7974.0;45
-1;12122.0;Caesar;Caesar;SEASHELLS;7974.0;74
-1;12143.0;Peter;Charlie;SEASHELLS;7976.0;7
-1;12226.0;Charlie;Pablo;SEASHELLS;7970.0;13
-1;12229.0;Caesar;Caesar;SEASHELLS;7971.0;45
-1;12262.0;Charlie;Peter;SEASHELLS;7967.0;6
-1;12324.0;Charlie;Peter;SEASHELLS;7969.0;6
-1;12340.0;Caesar;Caesar;SEASHELLS;7971.0;56
-1;12369.0;Charlie;Peter;SEASHELLS;7972.0;6
-1;12374.0;Caesar;Caesar;SEASHELLS;7971.0;56
-1;12374.0;Caesar;Caesar;SEASHELLS;7971.0;6
-1;12379.0;Peter;Charlie;SEASHELLS;7975.0;7
-1;12420.0;Charlie;Pablo;SEASHELLS;7967.0;19
-1;12440.0;Peter;Charlie;SEASHELLS;7972.0;7
-1;12453.0;Charlie;Peter;SEASHELLS;7969.0;7
-1;12469.0;Charlie;Peter;SEASHELLS;7963.0;6
-1;12470.0;Pablo;Caesar;SEASHELLS;7966.0;11
-1;12495.0;Caesar;Peter;SEASHELLS;7960.0;5
-1;12532.0;Peter;Caesar;SEASHELLS;7966.0;6
-1;12555.0;Caesar;Caesar;SEASHELLS;7966.0;50
-1;12601.0;Caesar;Pablo;SEASHELLS;7972.0;12
-1;12608.0;Charlie;Pablo;SEASHELLS;7975.0;30
-1;12650.0;Peter;Charlie;SEASHELLS;7976.0;6
-1;12693.0;Pablo;Caesar;SEASHELLS;7984.0;30
-1;12699.0;Caesar;Caesar;SEASHELLS;7982.0;50
-1;12699.0;Caesar;Caesar;SEASHELLS;7982.0;26
-1;12748.0;Charlie;Peter;SEASHELLS;7986.0;10
-1;12750.0;Peter;Charlie;SEASHELLS;7988.0;5
-1;12833.0;Peter;Charlie;SEASHELLS;7994.0;9
-1;12834.0;Caesar;Caesar;SEASHELLS;7992.0;58
-1;12847.0;Caesar;Caesar;SEASHELLS;7995.0;59
-1;12847.0;Caesar;Caesar;SEASHELLS;7995.0;1
-1;12848.0;Caesar;Caesar;SEASHELLS;7995.0;63
-1;12848.0;Caesar;Caesar;SEASHELLS;7995.0;12
-1;12864.0;Charlie;Peter;SEASHELLS;7998.0;5
-1;12874.0;Charlie;Pablo;SEASHELLS;8002.0;18
-1;12911.0;Caesar;Caesar;SEASHELLS;8011.0;14
-1;12911.0;Caesar;Caesar;SEASHELLS;8011.0;40
-1;12919.0;Peter;Charlie;SEASHELLS;8017.0;6
-1;12921.0;Caesar;Peter;SEASHELLS;8013.0;7
-1;12959.0;Pablo;Caesar;SEASHELLS;8021.0;19
-1;13012.0;Caesar;Caesar;SEASHELLS;8023.0;49
-1;13012.0;Caesar;Caesar;SEASHELLS;8023.0;2
-1;13016.0;Peter;Charlie;SEASHELLS;8026.0;6
-1;13028.0;Charlie;Pablo;SEASHELLS;8027.0;20
-1;13047.0;Pablo;Caesar;SEASHELLS;8026.0;18
-1;13094.0;Peter;Caesar;SEASHELLS;8025.0;9
-1;13230.0;Caesar;Caesar;SEASHELLS;8025.0;13
-1;13230.0;Caesar;Caesar;SEASHELLS;8025.0;53
-1;13232.0;Charlie;Peter;SEASHELLS;8026.0;8
-1;13264.0;Peter;Charlie;SEASHELLS;8024.0;6
-1;13288.0;Charlie;Peter;SEASHELLS;8032.0;8
-1;13346.0;Peter;Caesar;SEASHELLS;8036.0;7
-1;13353.0;Peter;Charlie;SEASHELLS;8036.0;7
-1;13357.0;Peter;Caesar;SEASHELLS;8036.0;10
-1;13464.0;Charlie;Pablo;SEASHELLS;8036.0;12
-1;13474.0;Peter;Charlie;SEASHELLS;8036.0;8
-1;13477.0;Caesar;Caesar;SEASHELLS;8031.0;50
-1;13477.0;Caesar;Caesar;SEASHELLS;8031.0;21
-1;13518.0;Charlie;Pablo;SEASHELLS;8035.0;10
-1;13527.0;Pablo;Caesar;SEASHELLS;8037.0;18
-1;13537.0;Caesar;Peter;SEASHELLS;8036.0;6
-1;13545.0;Caesar;Caesar;SEASHELLS;8036.0;69
-1;13575.0;Peter;Charlie;SEASHELLS;8037.0;10
-1;13644.0;Pablo;Caesar;SEASHELLS;8044.0;21
-1;13646.0;Caesar;Caesar;SEASHELLS;8042.0;42
-1;13689.0;Charlie;Pablo;SEASHELLS;8047.0;24
-1;13711.0;Pablo;Caesar;SEASHELLS;8047.0;10
-1;13736.0;Caesar;Caesar;SEASHELLS;8049.0;58
-1;13736.0;Caesar;Caesar;SEASHELLS;8049.0;13
-1;13765.0;Caesar;Caesar;SEASHELLS;8047.0;45
-1;13779.0;Pablo;Caesar;SEASHELLS;8050.0;18
-1;13794.0;Peter;Charlie;SEASHELLS;8050.0;10
-1;13816.0;Peter;Charlie;SEASHELLS;8051.0;10
-1;13835.0;Caesar;Caesar;SEASHELLS;8048.0;47
-1;13835.0;Caesar;Caesar;SEASHELLS;8048.0;5
-1;13842.0;Caesar;Caesar;SEASHELLS;8048.0;53
-1;13863.0;Caesar;Caesar;SEASHELLS;8053.0;44
-1;13870.0;Peter;Charlie;SEASHELLS;8057.0;8
-1;13872.0;Charlie;Pablo;SEASHELLS;8054.0;24
-1;13913.0;Charlie;Peter;SEASHELLS;8051.0;7
-1;13923.0;Caesar;Caesar;SEASHELLS;8051.0;53
-1;13947.0;Caesar;Caesar;SEASHELLS;8050.0;54
-1;13956.0;Pablo;Caesar;SEASHELLS;8051.0;20
-1;13970.0;Charlie;Pablo;SEASHELLS;8048.0;14
-1;13980.0;Caesar;Caesar;SEASHELLS;8045.0;62
-1;14007.0;Charlie;Peter;SEASHELLS;8039.0;7
-1;14068.0;Charlie;Pablo;SEASHELLS;8026.0;25
-1;14075.0;Charlie;Pablo;SEASHELLS;8026.0;30
-1;14129.0;Caesar;Caesar;SEASHELLS;8019.0;68
-1;14155.0;Charlie;Pablo;SEASHELLS;8025.0;30
-1;14157.0;Charlie;Pablo;SEASHELLS;8025.0;27
-1;14158.0;Caesar;Caesar;SEASHELLS;8025.0;48
-1;14172.0;Charlie;Peter;SEASHELLS;8016.0;6
-1;14195.0;Caesar;Caesar;SEASHELLS;8023.0;51
-1;14195.0;Caesar;Caesar;SEASHELLS;8023.0;14
-1;14207.0;Peter;Charlie;SEASHELLS;8027.0;9
-1;14213.0;Caesar;Caesar;SEASHELLS;8023.0;67
-1;14213.0;Caesar;Caesar;SEASHELLS;8023.0;3
-1;14277.0;Peter;Charlie;SEASHELLS;8029.0;10
-1;14298.0;Peter;Charlie;SEASHELLS;8032.0;6
-1;14334.0;Peter;Caesar;SEASHELLS;8037.0;5
-1;14340.0;Caesar;Caesar;SEASHELLS;8036.0;54
-1;14346.0;Charlie;Pablo;SEASHELLS;8037.0;20
-1;14365.0;Peter;Charlie;SEASHELLS;8041.0;8
-1;14405.0;Caesar;Peter;SEASHELLS;8049.0;6
-1;14447.0;Caesar;Caesar;SEASHELLS;8046.0;44
-1;14460.0;Caesar;Caesar;SEASHELLS;8043.0;45
-1;14501.0;Caesar;Caesar;SEASHELLS;8045.0;74
-1;14508.0;Charlie;Pablo;SEASHELLS;8045.0;29
-1;14534.0;Charlie;Pablo;SEASHELLS;8049.0;20
-1;14582.0;Caesar;Caesar;SEASHELLS;8051.0;46
-1;14588.0;Caesar;Caesar;SEASHELLS;8053.0;52
-1;14630.0;Caesar;Caesar;SEASHELLS;8046.0;40
-1;14687.0;Charlie;Peter;SEASHELLS;8044.0;8
-1;14811.0;Peter;Charlie;SEASHELLS;8035.0;9
-1;14852.0;Caesar;Caesar;SEASHELLS;8025.0;51
-1;14859.0;Caesar;Caesar;SEASHELLS;8026.0;47
-1;14882.0;Caesar;Caesar;SEASHELLS;8026.0;26
-1;14882.0;Caesar;Caesar;SEASHELLS;8026.0;44
-1;15032.0;Peter;Charlie;SEASHELLS;8038.0;5
-1;15045.0;Charlie;Peter;SEASHELLS;8035.0;5
-1;15068.0;Peter;Charlie;SEASHELLS;8033.0;6
-1;15077.0;Caesar;Caesar;SEASHELLS;8031.0;41
-1;15173.0;Caesar;Peter;SEASHELLS;8043.0;5
-1;15190.0;Peter;Charlie;SEASHELLS;8048.0;7
-1;15285.0;Charlie;Pablo;SEASHELLS;8045.0;26
-1;15311.0;Caesar;Peter;SEASHELLS;8052.0;5
-1;15319.0;Caesar;Pablo;SEASHELLS;8050.0;28
-1;15339.0;Caesar;Caesar;SEASHELLS;8050.0;54
-1;15371.0;Charlie;Peter;SEASHELLS;8055.0;9
-1;15379.0;Charlie;Peter;SEASHELLS;8056.0;10
-1;15405.0;Charlie;Peter;SEASHELLS;8061.0;5
-1;15406.0;Caesar;Caesar;SEASHELLS;8061.0;40
-1;15442.0;Charlie;Pablo;SEASHELLS;8055.0;11
-1;15458.0;Caesar;Caesar;SEASHELLS;8060.0;45
-1;15556.0;Caesar;Caesar;SEASHELLS;8063.0;46
-1;15564.0;Charlie;Pablo;SEASHELLS;8065.0;11
-1;15592.0;Charlie;Pablo;SEASHELLS;8058.0;11
-1;15595.0;Charlie;Peter;SEASHELLS;8058.0;5
-1;15602.0;Caesar;Caesar;SEASHELLS;8055.0;60
-1;15671.0;Charlie;Pablo;SEASHELLS;8052.0;29
-1;15691.0;Caesar;Caesar;SEASHELLS;8053.0;69
-1;15735.0;Charlie;Pablo;SEASHELLS;8043.0;20
-1;15751.0;Charlie;Pablo;SEASHELLS;8041.0;29
-1;15761.0;Caesar;Caesar;SEASHELLS;8041.0;49
-1;15785.0;Caesar;Caesar;SEASHELLS;8041.0;44
-1;15785.0;Caesar;Caesar;SEASHELLS;8041.0;26
-1;15792.0;Charlie;Pablo;SEASHELLS;8037.0;15
-1;15820.0;Caesar;Caesar;SEASHELLS;8042.0;65
-1;15851.0;Charlie;Peter;SEASHELLS;8040.0;5
-1;15890.0;Charlie;Pablo;SEASHELLS;8050.0;17
-1;15965.0;Charlie;Peter;SEASHELLS;8039.0;8
-1;16035.0;Caesar;Caesar;SEASHELLS;8044.0;46
-1;16047.0;Caesar;Caesar;SEASHELLS;8046.0;44
-1;16066.0;Caesar;Caesar;SEASHELLS;8048.0;44
-1;16115.0;Charlie;Pablo;SEASHELLS;8051.0;21
-1;16173.0;Caesar;Caesar;SEASHELLS;8032.0;78
-1;16216.0;Caesar;Peter;SEASHELLS;8030.0;10
-1;16229.0;Peter;Charlie;SEASHELLS;8035.0;5
-1;16279.0;Charlie;Pablo;SEASHELLS;8029.0;28
-1;16282.0;Peter;Charlie;SEASHELLS;8032.0;7
-1;16333.0;Caesar;Caesar;SEASHELLS;8030.0;67
-1;16338.0;Peter;Charlie;SEASHELLS;8032.0;5
-1;16380.0;Peter;Caesar;SEASHELLS;8029.0;7
-1;16395.0;Peter;Charlie;SEASHELLS;8035.0;8
-1;16419.0;Charlie;Pablo;SEASHELLS;8033.0;19
-1;16463.0;Caesar;Caesar;SEASHELLS;8028.0;46
-1;16500.0;Charlie;Peter;SEASHELLS;8038.0;9
-1;16521.0;Caesar;Caesar;SEASHELLS;8043.0;50
-1;16541.0;Caesar;Caesar;SEASHELLS;8040.0;61
-1;16541.0;Caesar;Caesar;SEASHELLS;8040.0;13
-1;16558.0;Caesar;Caesar;SEASHELLS;8038.0;61
-1;16600.0;Caesar;Caesar;SEASHELLS;8035.0;47
-1;16613.0;Caesar;Pablo;SEASHELLS;8036.0;19
-1;16660.0;Caesar;Caesar;SEASHELLS;8036.0;60
-1;16660.0;Caesar;Caesar;SEASHELLS;8036.0;18
-1;16681.0;Charlie;Peter;SEASHELLS;8040.0;5
-1;16703.0;Caesar;Caesar;SEASHELLS;8039.0;12
-1;16703.0;Caesar;Caesar;SEASHELLS;8039.0;46
-1;16707.0;Charlie;Pablo;SEASHELLS;8039.0;17
-1;16720.0;Caesar;Caesar;SEASHELLS;8044.0;9
-1;16720.0;Caesar;Caesar;SEASHELLS;8044.0;54
-1;16785.0;Charlie;Pablo;SEASHELLS;8040.0;20
-1;16811.0;Charlie;Pablo;SEASHELLS;8041.0;15
-1;16852.0;Caesar;Caesar;SEASHELLS;8045.0;50
-1;16889.0;Caesar;Caesar;SEASHELLS;8048.0;42
-1;16889.0;Caesar;Peter;SEASHELLS;8048.0;2
-1;16893.0;Charlie;Peter;SEASHELLS;8048.0;6
-1;16941.0;Peter;Caesar;SEASHELLS;8058.0;7
-1;16950.0;Caesar;Caesar;SEASHELLS;8059.0;64
-1;17001.0;Charlie;Pablo;SEASHELLS;8059.0;19
-1;17045.0;Peter;Charlie;SEASHELLS;8065.0;7
-1;17074.0;Caesar;Caesar;SEASHELLS;8060.0;6
-1;17074.0;Caesar;Caesar;SEASHELLS;8060.0;68
-1;17089.0;Peter;Charlie;SEASHELLS;8065.0;6
-1;17115.0;Charlie;Pablo;SEASHELLS;8066.0;30
-1;17136.0;Caesar;Caesar;SEASHELLS;8064.0;53
-1;17147.0;Caesar;Caesar;SEASHELLS;8066.0;51
-1;17171.0;Pablo;Caesar;SEASHELLS;8067.0;10
-1;17197.0;Caesar;Caesar;SEASHELLS;8063.0;61
-1;17305.0;Peter;Charlie;SEASHELLS;8061.0;10
-1;17306.0;Charlie;Peter;SEASHELLS;8059.0;6
-1;17317.0;Caesar;Caesar;SEASHELLS;8060.0;47
-1;17321.0;Caesar;Caesar;SEASHELLS;8060.0;61
-1;17324.0;Caesar;Pablo;SEASHELLS;8061.0;20
-1;17330.0;Charlie;Pablo;SEASHELLS;8061.0;26
-1;17413.0;Caesar;Caesar;SEASHELLS;8063.0;28
-1;17413.0;Caesar;Caesar;SEASHELLS;8063.0;45
-1;17557.0;Charlie;Pablo;SEASHELLS;8071.0;30
-1;17665.0;Charlie;Pablo;SEASHELLS;8074.0;29
-1;17753.0;Charlie;Pablo;SEASHELLS;8077.0;13
-1;17787.0;Caesar;Caesar;SEASHELLS;8078.0;59
-1;17800.0;Caesar;Pablo;SEASHELLS;8077.0;13
-1;17805.0;Caesar;Caesar;SEASHELLS;8076.0;49
-1;17805.0;Caesar;Caesar;SEASHELLS;8076.0;30
-1;17818.0;Pablo;Caesar;SEASHELLS;8077.0;10
-1;17821.0;Peter;Charlie;SEASHELLS;8080.0;7
-1;17827.0;Caesar;Caesar;SEASHELLS;8074.0;18
-1;17827.0;Caesar;Caesar;SEASHELLS;8074.0;58
-1;17829.0;Charlie;Peter;SEASHELLS;8074.0;8
-1;17850.0;Charlie;Peter;SEASHELLS;8073.0;5
-1;17855.0;Caesar;Caesar;SEASHELLS;8073.0;50
-1;17868.0;Caesar;Caesar;SEASHELLS;8072.0;74
-1;17956.0;Peter;Charlie;SEASHELLS;8068.0;10
-1;17956.0;Caesar;Pablo;SEASHELLS;8066.0;24
-1;17973.0;Caesar;Caesar;SEASHELLS;8068.0;54
-1;17987.0;Caesar;Caesar;SEASHELLS;8072.0;11
-1;17987.0;Caesar;Caesar;SEASHELLS;8072.0;68
-1;18025.0;Charlie;Pablo;SEASHELLS;8073.0;20
-1;18051.0;Caesar;Peter;SEASHELLS;8076.0;8
-1;18080.0;Charlie;Peter;SEASHELLS;8086.0;6
-1;18091.0;Peter;Charlie;SEASHELLS;8090.0;10
-1;18184.0;Peter;Charlie;SEASHELLS;8095.0;8
-1;18205.0;Caesar;Pablo;SEASHELLS;8090.0;16
-1;18280.0;Peter;Caesar;SEASHELLS;8093.0;7
-1;18336.0;Caesar;Caesar;SEASHELLS;8095.0;45
-1;18337.0;Charlie;Pablo;SEASHELLS;8092.0;22
-1;18352.0;Charlie;Pablo;SEASHELLS;8095.0;18
-1;18352.0;Peter;Charlie;SEASHELLS;8098.0;10
-1;18357.0;Charlie;Peter;SEASHELLS;8097.0;10
-1;18378.0;Peter;Charlie;SEASHELLS;8094.0;5
-1;18394.0;Charlie;Pablo;SEASHELLS;8096.0;24
-1;18467.0;Caesar;Caesar;SEASHELLS;8097.0;64
-1;18477.0;Pablo;Caesar;SEASHELLS;8101.0;12
-1;18485.0;Caesar;Pablo;SEASHELLS;8102.0;23
-1;18559.0;Caesar;Caesar;SEASHELLS;8089.0;49
-1;18617.0;Pablo;Caesar;SEASHELLS;8083.0;11
-1;18687.0;Charlie;Peter;SEASHELLS;8089.0;8
-1;18699.0;Charlie;Peter;SEASHELLS;8091.0;8
-1;18715.0;Caesar;Pablo;SEASHELLS;8094.0;28
-1;18725.0;Caesar;Caesar;SEASHELLS;8097.0;51
-1;18729.0;Charlie;Peter;SEASHELLS;8094.0;9
-1;18862.0;Charlie;Pablo;SEASHELLS;8092.0;22
-1;18889.0;Caesar;Caesar;SEASHELLS;8096.0;49
-1;18914.0;Caesar;Caesar;SEASHELLS;8097.0;41
-1;18914.0;Caesar;Caesar;SEASHELLS;8097.0;19
-1;18958.0;Caesar;Caesar;SEASHELLS;8094.0;66
-1;19006.0;Charlie;Peter;SEASHELLS;8088.0;9
-1;19009.0;Peter;Charlie;SEASHELLS;8090.0;10
-1;19021.0;Caesar;Caesar;SEASHELLS;8088.0;57
-1;19078.0;Peter;Caesar;SEASHELLS;8084.0;6
-1;19126.0;Peter;Charlie;SEASHELLS;8093.0;5
-1;19196.0;Caesar;Caesar;SEASHELLS;8093.0;43
-1;19254.0;Charlie;Peter;SEASHELLS;8091.0;9
-1;19358.0;Charlie;Peter;SEASHELLS;8092.0;9
-1;19365.0;Caesar;Caesar;SEASHELLS;8092.0;62
-1;19395.0;Charlie;Pablo;SEASHELLS;8095.0;26
-1;19398.0;Charlie;Pablo;SEASHELLS;8093.0;24
-1;19408.0;Caesar;Caesar;SEASHELLS;8094.0;40
-1;19441.0;Caesar;Pablo;SEASHELLS;8092.0;15
-1;19449.0;Pablo;Caesar;SEASHELLS;8093.0;13
-1;19510.0;Peter;Charlie;SEASHELLS;8092.0;9
-1;19557.0;Peter;Charlie;SEASHELLS;8095.0;8
-1;19566.0;Charlie;Peter;SEASHELLS;8092.0;9
-1;19579.0;Caesar;Pablo;SEASHELLS;8095.0;15
-1;19587.0;Charlie;Peter;SEASHELLS;8095.0;7
-1;19595.0;Charlie;Peter;SEASHELLS;8095.0;7
-1;19601.0;Caesar;Caesar;SEASHELLS;8098.0;27
-1;19601.0;Caesar;Caesar;SEASHELLS;8098.0;53
-1;19624.0;Charlie;Peter;SEASHELLS;8102.0;9
-1;19630.0;Peter;Charlie;SEASHELLS;8104.0;7
-1;19656.0;Peter;Charlie;SEASHELLS;8102.0;5
-1;19704.0;Peter;Caesar;SEASHELLS;8105.0;10
-1;19728.0;Caesar;Pablo;SEASHELLS;8111.0;27
-1;19732.0;Pablo;Caesar;SEASHELLS;8114.0;20
-1;19776.0;Peter;Caesar;SEASHELLS;8113.0;5
-1;19791.0;Caesar;Peter;SEASHELLS;8106.0;8
-1;19838.0;Peter;Charlie;SEASHELLS;8115.0;6
-1;19841.0;Caesar;Caesar;SEASHELLS;8111.0;1
-1;19841.0;Caesar;Caesar;SEASHELLS;8111.0;42
-1;19870.0;Peter;Charlie;SEASHELLS;8107.0;6
-1;19893.0;Caesar;Caesar;SEASHELLS;8104.0;54
-1;19900.0;Charlie;Peter;SEASHELLS;8104.0;6
-1;19909.0;Peter;Charlie;SEASHELLS;8110.0;6
-1;19958.0;Charlie;Peter;SEASHELLS;8106.0;9
-1;19969.0;Charlie;Pablo;SEASHELLS;8105.0;14
-1;19989.0;Charlie;Pablo;SEASHELLS;8114.0;22
0;20013.0;Peter;Caesar;SEASHELLS;8114.0;10
0;20041.0;Caesar;Caesar;SEASHELLS;8103.0;48
0;20064.0;Caesar;Caesar;SEASHELLS;8099.0;52
0;20130.0;Peter;Caesar;SEASHELLS;8084.0;10
0;20212.0;Charlie;Pablo;SEASHELLS;8092.0;29
0;20219.0;Peter;Charlie;SEASHELLS;8094.0;10
0;20285.0;Caesar;Caesar;SEASHELLS;8101.0;50
0;20330.0;Charlie;Peter;SEASHELLS;8091.0;10
0;20358.0;Caesar;Caesar;SEASHELLS;8091.0;65
0;20424.0;Peter;Caesar;SEASHELLS;8095.0;8
0;20507.0;Caesar;Caesar;SEASHELLS;8094.0;60
0;20507.0;Caesar;Caesar;SEASHELLS;8094.0;11
0;20546.0;Caesar;Caesar;SEASHELLS;8093.0;60
0;20568.0;Charlie;Peter;SEASHELLS;8097.0;5
0;20589.0;Caesar;Caesar;SEASHELLS;8093.0;24
0;20589.0;Caesar;Caesar;SEASHELLS;8093.0;44
0;20590.0;Peter;Charlie;SEASHELLS;8096.0;5
0;20612.0;Caesar;Caesar;SEASHELLS;8091.0;74
0;20638.0;Peter;Charlie;SEASHELLS;8097.0;8
0;20651.0;Peter;Charlie;SEASHELLS;8095.0;9
0;20665.0;Charlie;Peter;SEASHELLS;8096.0;7
0;20726.0;Charlie;Peter;SEASHELLS;8098.0;10
0;20732.0;Charlie;Peter;SEASHELLS;8099.0;10
0;20792.0;Caesar;Caesar;SEASHELLS;8102.0;4
0;20792.0;Caesar;Caesar;SEASHELLS;8102.0;51
0;20804.0;Peter;Charlie;SEASHELLS;8105.0;5
0;20836.0;Charlie;Peter;SEASHELLS;8107.0;10
0;20865.0;Caesar;Caesar;SEASHELLS;8109.0;42
0;20883.0;Caesar;Peter;SEASHELLS;8116.0;10
0;20947.0;Caesar;Caesar;SEASHELLS;8109.0;41
0;20947.0;Caesar;Caesar;SEASHELLS;8109.0;30
0;20961.0;Pablo;Caesar;SEASHELLS;8106.0;16
0;21031.0;Caesar;Pablo;SEASHELLS;8108.0;11
0;21072.0;Caesar;Peter;SEASHELLS;8104.0;5
0;21099.0;Charlie;Peter;SEASHELLS;8105.0;7
0;21113.0;Caesar;Caesar;SEASHELLS;8111.0;53
0;21113.0;Caesar;Pablo;SEASHELLS;8111.0;18
0;21205.0;Charlie;Peter;SEASHELLS;8113.0;9
0;21298.0;Pablo;Caesar;SEASHELLS;8111.0;12
0;21319.0;Charlie;Pablo;SEASHELLS;8114.0;17
0;21323.0;Caesar;Caesar;SEASHELLS;8116.0;57
0;21404.0;Caesar;Peter;SEASHELLS;8108.0;5
0;21504.0;Peter;Charlie;SEASHELLS;8097.0;9
0;21507.0;Charlie;Pablo;SEASHELLS;8091.0;23
0;21559.0;Charlie;Peter;SEASHELLS;8099.0;5
0;21669.0;Caesar;Caesar;SEASHELLS;8098.0;66
0;21673.0;Charlie;Pablo;SEASHELLS;8097.0;26
0;21700.0;Charlie;Pablo;SEASHELLS;8101.0;23
0;21704.0;Peter;Charlie;SEASHELLS;8102.0;5
0;21724.0;Charlie;Pablo;SEASHELLS;8097.0;11
0;21736.0;Caesar;Caesar;SEASHELLS;8100.0;50
0;21749.0;Charlie;Pablo;SEASHELLS;8102.0;10
0;21842.0;Charlie;Pablo;SEASHELLS;8091.0;18
0;21848.0;Charlie;Peter;SEASHELLS;8091.0;9
0;21873.0;Charlie;Pablo;SEASHELLS;8091.0;16
0;21927.0;Peter;Charlie;SEASHELLS;8091.0;10
0;21939.0;Caesar;Caesar;SEASHELLS;8085.0;43
0;21978.0;Caesar;Caesar;SEASHELLS;8082.0;45
0;22027.0;Caesar;Caesar;SEASHELLS;8085.0;40
0;22051.0;Peter;Charlie;SEASHELLS;8085.0;7
0;22085.0;Pablo;Caesar;SEASHELLS;8086.0;14
0;22196.0;Charlie;Pablo;SEASHELLS;8080.0;15
0;22203.0;Caesar;Caesar;SEASHELLS;8086.0;47
0;22203.0;Caesar;Caesar;SEASHELLS;8086.0;14
0;22209.0;Peter;Charlie;SEASHELLS;8087.0;6
0;22219.0;Peter;Charlie;SEASHELLS;8090.0;10
0;22242.0;Peter;Charlie;SEASHELLS;8088.0;10
0;22259.0;Charlie;Pablo;SEASHELLS;8085.0;20
0;22304.0;Caesar;Peter;SEASHELLS;8088.0;5
0;22312.0;Charlie;Peter;SEASHELLS;8086.0;8
0;22324.0;Caesar;Pablo;SEASHELLS;8085.0;21
0;22394.0;Charlie;Peter;SEASHELLS;8085.0;6
0;22402.0;Charlie;Pablo;SEASHELLS;8083.0;12
0;22412.0;Caesar;Caesar;SEASHELLS;8083.0;47
0;22466.0;Caesar;Pablo;SEASHELLS;8077.0;18
0;22506.0;Caesar;Caesar;SEASHELLS;8083.0;47
0;22533.0;Charlie;Peter;SEASHELLS;8070.0;6
0;22573.0;Charlie;Pablo;SEASHELLS;8071.0;11
0;22584.0;Pablo;Caesar;SEASHELLS;8072.0;24
0;22597.0;Caesar;Caesar;SEASHELLS;8067.0;22
0;22597.0;Caesar;Caesar;SEASHELLS;8067.0;52
0;22598.0;Caesar;Caesar;SEASHELLS;8067.0;42
0;22598.0;Caesar;Caesar;SEASHELLS;8067.0;12
0;22599.0;Charlie;Peter;SEASHELLS;8066.0;6
0;22650.0;Caesar;Caesar;SEASHELLS;8066.0;47
0;22675.0;Charlie;Pablo;SEASHELLS;8061.0;29
0;22706.0;Caesar;Pablo;SEASHELLS;8062.0;23
0;22740.0;Peter;Charlie;SEASHELLS;8070.0;7
0;22791.0;Caesar;Pablo;SEASHELLS;8081.0;11
0;22796.0;Caesar;Caesar;SEASHELLS;8081.0;58
0;22803.0;Charlie;Peter;SEASHELLS;8081.0;6
0;22809.0;Peter;Caesar;SEASHELLS;8079.0;5
0;22813.0;Peter;Charlie;SEASHELLS;8077.0;9
0;22827.0;Caesar;Pablo;SEASHELLS;8074.0;15
0;22853.0;Caesar;Caesar;SEASHELLS;8070.0;59
0;22861.0;Peter;Charlie;SEASHELLS;8070.0;8
0;22863.0;Charlie;Peter;SEASHELLS;8070.0;8
0;22866.0;Caesar;Caesar;SEASHELLS;8070.0;67
0;22894.0;Peter;Charlie;SEASHELLS;8069.0;10
0;22991.0;Peter;Charlie;SEASHELLS;8062.0;10
0;22995.0;Caesar;Caesar;SEASHELLS;8062.0;49
0;23011.0;Charlie;Peter;SEASHELLS;8056.0;7
0;23012.0;Peter;Charlie;SEASHELLS;8058.0;10
0;23031.0;Caesar;Caesar;SEASHELLS;8057.0;65
0;23043.0;Caesar;Pablo;SEASHELLS;8061.0;25
0;23051.0;Charlie;Pablo;SEASHELLS;8058.0;10
0;23087.0;Caesar;Caesar;SEASHELLS;8062.0;44
0;23087.0;Caesar;Caesar;SEASHELLS;8062.0;30
0;23097.0;Peter;Charlie;SEASHELLS;8067.0;7
0;23113.0;Charlie;Pablo;SEASHELLS;8062.0;19
0;23121.0;Caesar;Caesar;SEASHELLS;8064.0;50
0;23151.0;Charlie;Pablo;SEASHELLS;8072.0;29
0;23152.0;Caesar;Peter;SEASHELLS;8072.0;10
0;23257.0;Charlie;Peter;SEASHELLS;8074.0;10
0;23296.0;Charlie;Pablo;SEASHELLS;8069.0;17
0;23335.0;Charlie;Peter;SEASHELLS;8071.0;8
0;23355.0;Peter;Charlie;SEASHELLS;8066.0;6
0;23384.0;Charlie;Peter;SEASHELLS;8072.0;9
0;23408.0;Peter;Charlie;SEASHELLS;8081.0;8
0;23460.0;Caesar;Caesar;SEASHELLS;8073.0;55
0;23479.0;Caesar;Pablo;SEASHELLS;8068.0;11
0;23529.0;Charlie;Pablo;SEASHELLS;8076.0;13
0;23582.0;Peter;Charlie;SEASHELLS;8074.0;5
0;23685.0;Caesar;Caesar;SEASHELLS;8068.0;61
0;23725.0;Caesar;Caesar;SEASHELLS;8067.0;40
0;23725.0;Caesar;Caesar;SEASHELLS;8067.0;3
0;23730.0;Charlie;Peter;SEASHELLS;8064.0;5
0;23782.0;Caesar;Caesar;SEASHELLS;8070.0;47
0;23782.0;Caesar;Caesar;SEASHELLS;8070.0;17
0;23791.0;Peter;Charlie;SEASHELLS;8072.0;6
0;23832.0;Charlie;Peter;SEASHELLS;8069.0;9
0;23835.0;Charlie;Peter;SEASHELLS;8071.0;8
0;23859.0;Caesar;Caesar;SEASHELLS;8072.0;68
0;23928.0;Caesar;Caesar;SEASHELLS;8082.0;54
0;23932.0;Peter;Charlie;SEASHELLS;8086.0;10
0;23955.0;Caesar;Pablo;SEASHELLS;8090.0;22
0;23964.0;Caesar;Caesar;SEASHELLS;8090.0;7
0;23964.0;Caesar;Caesar;SEASHELLS;8090.0;46
0;24048.0;Caesar;Caesar;SEASHELLS;8086.0;61
0;24070.0;Peter;Charlie;SEASHELLS;8094.0;6
0;24071.0;Pablo;Caesar;SEASHELLS;8090.0;15
0;24102.0;Peter;Charlie;SEASHELLS;8098.0;6
0;24105.0;Caesar;Caesar;SEASHELLS;8097.0;43
0;24105.0;Caesar;Caesar;SEASHELLS;8097.0;24
0;24132.0;Pablo;Caesar;SEASHELLS;8098.0;20
0;24196.0;Charlie;Pablo;SEASHELLS;8097.0;23
0;24232.0;Charlie;Pablo;SEASHELLS;8094.0;26
0;24285.0;Peter;Charlie;SEASHELLS;8095.0;8
0;24301.0;Peter;Caesar;SEASHELLS;8093.0;8
0;24305.0;Peter;Caesar;SEASHELLS;8092.0;7
0;24323.0;Caesar;Caesar;SEASHELLS;8090.0;56
0;24323.0;Caesar;Caesar;SEASHELLS;8090.0;9
0;24364.0;Charlie;Peter;SEASHELLS;8092.0;6
0;24383.0;Caesar;Caesar;SEASHELLS;8086.0;43
0;24387.0;Peter;Caesar;SEASHELLS;8087.0;6
0;24389.0;Caesar;Pablo;SEASHELLS;8085.0;23
0;24432.0;Charlie;Pablo;SEASHELLS;8081.0;14
0;24438.0;Charlie;Peter;SEASHELLS;8081.0;10
0;24483.0;Caesar;Caesar;SEASHELLS;8083.0;64
0;24557.0;Peter;Caesar;SEASHELLS;8081.0;6
0;24653.0;Charlie;Peter;SEASHELLS;8072.0;5
0;24664.0;Caesar;Caesar;SEASHELLS;8070.0;44
0;24714.0;Peter;Charlie;SEASHELLS;8077.0;5
0;24715.0;Peter;Caesar;SEASHELLS;8076.0;7
0;24755.0;Charlie;Peter;SEASHELLS;8067.0;6
0;24759.0;Charlie;Pablo;SEASHELLS;8065.0;11
0;24770.0;Charlie;Pablo;SEASHELLS;8070.0;17
0;24774.0;Charlie;Pablo;SEASHELLS;8069.0;22
0;24778.0;Caesar;Peter;SEASHELLS;8069.0;6
0;24857.0;Charlie;Pablo;SEASHELLS;8072.0;13
0;24910.0;Charlie;Pablo;SEASHELLS;8075.0;18
0;24976.0;Charlie;Peter;SEASHELLS;8073.0;5
0;24980.0;Charlie;Pablo;SEASHELLS;8073.0;20
0;25054.0;Peter;Charlie;SEASHELLS;8073.0;5
0;25068.0;Caesar;Caesar;SEASHELLS;8071.0;47
0;25090.0;Caesar;Caesar;SEASHELLS;8071.0;54
0;25110.0;Caesar;Caesar;SEASHELLS;8071.0;13
0;25110.0;Caesar;Caesar;SEASHELLS;8071.0;42
0;25138.0;Charlie;Peter;SEASHELLS;8067.0;10
0;25141.0;Peter;Charlie;SEASHELLS;8069.0;10
0;25174.0;Peter;Charlie;SEASHELLS;8062.0;8
0;25189.0;Peter;Charlie;SEASHELLS;8064.0;5
0;25261.0;Caesar;Caesar;SEASHELLS;8064.0;8
0;25261.0;Caesar;Caesar;SEASHELLS;8064.0;40
0;25271.0;Charlie;Pablo;SEASHELLS;8068.0;15
0;25275.0;Pablo;Caesar;SEASHELLS;8069.0;29
0;25291.0;Pablo;Caesar;SEASHELLS;8069.0;29
0;25319.0;Caesar;Caesar;SEASHELLS;8072.0;54
0;25415.0;Caesar;Caesar;SEASHELLS;8079.0;56
0;25480.0;Caesar;Caesar;SEASHELLS;8073.0;60
0;25480.0;Caesar;Caesar;SEASHELLS;8073.0;9
0;25499.0;Charlie;Peter;SEASHELLS;8072.0;7
0;25502.0;Peter;Charlie;SEASHELLS;8075.0;8
0;25552.0;Peter;Charlie;SEASHELLS;8075.0;9
0;25642.0;Charlie;Peter;SEASHELLS;8077.0;7
0;25650.0;Charlie;Pablo;SEASHELLS;8079.0;21
0;25680.0;Charlie;Pablo;SEASHELLS;8079.0;29
0;25683.0;Caesar;Peter;SEASHELLS;8082.0;8
0;25744.0;Peter;Charlie;SEASHELLS;8077.0;5
0;25755.0;Pablo;Caesar;SEASHELLS;8070.0;26
0;25791.0;Caesar;Caesar;SEASHELLS;8061.0;41
0;25795.0;Charlie;Peter;SEASHELLS;8063.0;9
0;25841.0;Charlie;Peter;SEASHELLS;8057.0;9
0;25870.0;Caesar;Caesar;SEASHELLS;8057.0;51
0;25917.0;Peter;Charlie;SEASHELLS;8058.0;6
0;25929.0;Peter;Charlie;SEASHELLS;8059.0;9
0;25944.0;Charlie;Pablo;SEASHELLS;8057.0;14
0;25979.0;Charlie;Peter;SEASHELLS;8055.0;7
0;25985.0;Peter;Charlie;SEASHELLS;8057.0;7
0;26018.0;Caesar;Caesar;SEASHELLS;8050.0;71
0;26020.0;Charlie;Pablo;SEASHELLS;8050.0;18
0;26025.0;Charlie;Peter;SEASHELLS;8049.0;10
0;26074.0;Charlie;Pablo;SEASHELLS;8053.0;27
0;26079.0;Caesar;Caesar;SEASHELLS;8055.0;67
0;26126.0;Peter;Charlie;SEASHELLS;8056.0;8
0;26223.0;Caesar;Caesar;SEASHELLS;8042.0;53
0;26232.0;Caesar;Caesar;SEASHELLS;8041.0;58
0;26248.0;Charlie;Peter;SEASHELLS;8036.0;8
0;26252.0;Charlie;Peter;SEASHELLS;8035.0;10
0;26320.0;Pablo;Caesar;SEASHELLS;8039.0;23
0;26337.0;Caesar;Caesar;SEASHELLS;8038.0;50
0;26356.0;Peter;Charlie;SEASHELLS;8044.0;8
0;26365.0;Peter;Charlie;SEASHELLS;8043.0;9
0;26380.0;Pablo;Caesar;SEASHELLS;8047.0;16
0;26398.0;Caesar;Caesar;SEASHELLS;8046.0;42
0;26401.0;Pablo;Caesar;SEASHELLS;8047.0;10
0;26401.0;Caesar;Caesar;SEASHELLS;8047.0;53
0;26498.0;Charlie;Peter;SEASHELLS;8049.0;5
0;26626.0;Peter;Charlie;SEASHELLS;8040.0;10
0;26636.0;Peter;Charlie;SEASHELLS;8036.0;10
0;26646.0;Peter;Charlie;SEASHELLS;8036.0;10
0;26681.0;Caesar;Caesar;SEASHELLS;8031.0;63
0;26705.0;Caesar;Peter;SEASHELLS;8028.0;10
0;26728.0;Peter;Charlie;SEASHELLS;8029.0;9
0;26738.0;Caesar;Caesar;SEASHELLS;8024.0;41
0;26759.0;Charlie;Pablo;SEASHELLS;8023.0;18
0;26794.0;Charlie;Peter;SEASHELLS;8026.0;7
0;26838.0;Peter;Charlie;SEASHELLS;8017.0;6
0;26869.0;Pablo;Caesar;SEASHELLS;8019.0;10
0;26887.0;Charlie;Pablo;SEASHELLS;8021.0;28
0;26888.0;Pablo;Caesar;SEASHELLS;8022.0;22
0;26944.0;Caesar;Peter;SEASHELLS;8025.0;7
0;26957.0;Caesar;Caesar;SEASHELLS;8025.0;67
0;27057.0;Peter;Caesar;SEASHELLS;8031.0;9
0;27094.0;Peter;Caesar;SEASHELLS;8035.0;6
0;27120.0;Caesar;Caesar;SEASHELLS;8029.0;30
0;27120.0;Caesar;Caesar;SEASHELLS;8029.0;44
0;27137.0;Peter;Charlie;SEASHELLS;8030.0;6
0;27277.0;Peter;Caesar;SEASHELLS;8032.0;10
0;27358.0;Peter;Charlie;SEASHELLS;8033.0;8
0;27367.0;Caesar;Peter;SEASHELLS;8029.0;9
0;27372.0;Pablo;Caesar;SEASHELLS;8030.0;25
0;27372.0;Caesar;Caesar;SEASHELLS;8030.0;40
0;27374.0;Peter;Charlie;SEASHELLS;8035.0;5
0;27378.0;Charlie;Pablo;SEASHELLS;8034.0;11
0;27383.0;Charlie;Peter;SEASHELLS;8032.0;6
0;27396.0;Caesar;Caesar;SEASHELLS;8030.0;44
0;27443.0;Caesar;Caesar;SEASHELLS;8035.0;43
0;27443.0;Caesar;Caesar;SEASHELLS;8035.0;21
0;27445.0;Caesar;Caesar;SEASHELLS;8034.0;54
0;27445.0;Caesar;Caesar;SEASHELLS;8034.0;25
0;27500.0;Peter;Charlie;SEASHELLS;8038.0;8
0;27513.0;Peter;Caesar;SEASHELLS;8041.0;6
0;27514.0;Charlie;Pablo;SEASHELLS;8039.0;13
0;27538.0;Charlie;Pablo;SEASHELLS;8039.0;17
0;27568.0;Caesar;Pablo;SEASHELLS;8034.0;27
0;27598.0;Charlie;Peter;SEASHELLS;8036.0;7
0;27644.0;Charlie;Peter;SEASHELLS;8036.0;6
0;27730.0;Caesar;Caesar;SEASHELLS;8036.0;47
0;27761.0;Caesar;Peter;SEASHELLS;8033.0;6
0;27783.0;Peter;Charlie;SEASHELLS;8034.0;9
0;27831.0;Caesar;Pablo;SEASHELLS;8027.0;14
0;27925.0;Caesar;Pablo;SEASHELLS;8024.0;13
0;28011.0;Caesar;Caesar;SEASHELLS;8021.0;43
0;28012.0;Caesar;Caesar;SEASHELLS;8022.0;62
0;28048.0;Peter;Charlie;SEASHELLS;8023.0;6
0;28067.0;Peter;Charlie;SEASHELLS;8028.0;5
0;28083.0;Caesar;Caesar;SEASHELLS;8027.0;53
0;28154.0;Caesar;Caesar;SEASHELLS;8026.0;3
0;28154.0;Caesar;Caesar;SEASHELLS;8026.0;46
0;28212.0;Charlie;Pablo;SEASHELLS;8020.0;24
0;28224.0;Caesar;Caesar;SEASHELLS;8018.0;44
0;28250.0;Caesar;Caesar;SEASHELLS;8013.0;48
0;28290.0;Charlie;Pablo;SEASHELLS;8015.0;19
0;28333.0;Charlie;Peter;SEASHELLS;8020.0;8
0;28334.0;Caesar;Caesar;SEASHELLS;8020.0;40
0;28337.0;Caesar;Pablo;SEASHELLS;8024.0;14
0;28367.0;Peter;Charlie;SEASHELLS;8029.0;9
0;28400.0;Caesar;Caesar;SEASHELLS;8029.0;54
0;28466.0;Charlie;Peter;SEASHELLS;8028.0;9
0;28510.0;Charlie;Peter;SEASHELLS;8032.0;6
0;28517.0;Charlie;Pablo;SEASHELLS;8032.0;11
0;28558.0;Charlie;Peter;SEASHELLS;8033.0;10
0;28604.0;Charlie;Peter;SEASHELLS;8035.0;5
0;28619.0;Caesar;Peter;SEASHELLS;8039.0;7
0;28669.0;Caesar;Caesar;SEASHELLS;8041.0;58
0;28756.0;Caesar;Caesar;SEASHELLS;8036.0;42
0;28844.0;Charlie;Pablo;SEASHELLS;8045.0;28
0;28904.0;Charlie;Pablo;SEASHELLS;8031.0;13
0;28961.0;Caesar;Peter;SEASHELLS;8036.0;6
0;29001.0;Caesar;Caesar;SEASHELLS;8036.0;42
0;29088.0;Caesar;Caesar;SEASHELLS;8038.0;59
0;29114.0;Peter;Caesar;SEASHELLS;8038.0;10
0;29205.0;Pablo;Caesar;SEASHELLS;8035.0;30
0;29221.0;Pablo;Caesar;SEASHELLS;8033.0;15
0;29318.0;Peter;Caesar;SEASHELLS;8041.0;8
0;29332.0;Peter;Charlie;SEASHELLS;8044.0;5
0;29351.0;Caesar;Caesar;SEASHELLS;8037.0;43
0;29506.0;Caesar;Caesar;SEASHELLS;8030.0;45
0;29512.0;Caesar;Caesar;SEASHELLS;8029.0;45
0;29519.0;Caesar;Caesar;SEASHELLS;8027.0;55
0;29522.0;Caesar;Caesar;SEASHELLS;8026.0;54
0;29525.0;Caesar;Caesar;SEASHELLS;8025.0;48
0;29531.0;Charlie;Pablo;SEASHELLS;8019.0;30
0;29534.0;Peter;Charlie;SEASHELLS;8021.0;10
0;29559.0;Charlie;Pablo;SEASHELLS;8021.0;30
0;29574.0;Caesar;Caesar;SEASHELLS;8020.0;8
0;29574.0;Caesar;Caesar;SEASHELLS;8020.0;64
0;29634.0;Peter;Charlie;SEASHELLS;8014.0;8
0;29675.0;Caesar;Peter;SEASHELLS;7999.0;7
0;29708.0;Peter;Caesar;SEASHELLS;8002.0;7
0;29712.0;Caesar;Caesar;SEASHELLS;8000.0;65
0;29716.0;Caesar;Caesar;SEASHELLS;7999.0;43
0;29777.0;Pablo;Caesar;SEASHELLS;7999.0;11
0;29818.0;Caesar;Caesar;SEASHELLS;7988.0;64
0;29844.0;Caesar;Caesar;SEASHELLS;7993.0;66
0;29844.0;Caesar;Caesar;SEASHELLS;7993.0;2
0;29855.0;Caesar;Caesar;SEASHELLS;7993.0;54
0;29876.0;Caesar;Caesar;SEASHELLS;7998.0;45
0;29876.0;Caesar;Caesar;SEASHELLS;7998.0;33
0;29890.0;Peter;Charlie;SEASHELLS;8002.0;5
0;29920.0;Charlie;Peter;SEASHELLS;7993.0;8
0;29960.0;Caesar;Caesar;SEASHELLS;7997.0;45
0;29960.0;Caesar;Caesar;SEASHELLS;7997.0;29
0;29985.0;Peter;Charlie;SEASHELLS;8000.0;9
0;29993.0;Caesar;Caesar;SEASHELLS;7998.0;44
1;30022.0;Caesar;Caesar;SEASHELLS;7998.0;53
1;30072.0;Caesar;Caesar;SEASHELLS;7996.0;56
1;30084.0;Caesar;Caesar;SEASHELLS;7992.0;46
1;30094.0;Peter;Charlie;SEASHELLS;7993.0;6
1;30106.0;Charlie;Pablo;SEASHELLS;7991.0;10
1;30126.0;Charlie;Peter;SEASHELLS;7991.0;10
1;30134.0;Pablo;Caesar;SEASHELLS;7992.0;24
1;30165.0;Caesar;Caesar;SEASHELLS;7993.0;44
1;30202.0;Charlie;Peter;SEASHELLS;7989.0;10
1;30209.0;Charlie;Peter;SEASHELLS;7989.0;10
1;30283.0;Caesar;Caesar;SEASHELLS;7990.0;46
1;30283.0;Caesar;Caesar;SEASHELLS;7990.0;17
1;30313.0;Charlie;Pablo;SEASHELLS;7979.0;14
1;30431.0;Caesar;Caesar;SEASHELLS;7977.0;19
1;30431.0;Caesar;Caesar;SEASHELLS;7977.0;48
1;30432.0;Peter;Charlie;SEASHELLS;7979.0;8
1;30449.0;Caesar;Caesar;SEASHELLS;7977.0;46
1;30465.0;Charlie;Peter;SEASHELLS;7971.0;8
1;30482.0;Peter;Charlie;SEASHELLS;7975.0;8
1;30542.0;Charlie;Peter;SEASHELLS;7978.0;6
1;30589.0;Caesar;Peter;SEASHELLS;7973.0;5
1;30661.0;Charlie;Pablo;SEASHELLS;7971.0;16
1;30703.0;Caesar;Caesar;SEASHELLS;7968.0;56
1;30704.0;Peter;Charlie;SEASHELLS;7970.0;7
1;30732.0;Pablo;Caesar;SEASHELLS;7967.0;27
1;30751.0;Caesar;Caesar;SEASHELLS;7962.0;79
1;30751.0;Caesar;Caesar;SEASHELLS;7962.0;1
1;30769.0;Caesar;Caesar;SEASHELLS;7964.0;47
1;30779.0;Caesar;Pablo;SEASHELLS;7958.0;26
1;30785.0;Caesar;Peter;SEASHELLS;7957.0;5
1;30873.0;Charlie;Pablo;SEASHELLS;7969.0;18
1;30918.0;Caesar;Caesar;SEASHELLS;7962.0;40
1;30918.0;Caesar;Caesar;SEASHELLS;7962.0;39
1;30945.0;Charlie;Pablo;SEASHELLS;7965.0;21
1;30969.0;Caesar;Caesar;SEASHELLS;7973.0;45
1;30972.0;Peter;Charlie;SEASHELLS;7977.0;7
1;31025.0;Peter;Charlie;SEASHELLS;7984.0;8
1;31034.0;Caesar;Caesar;SEASHELLS;7984.0;68
1;31076.0;Peter;Charlie;SEASHELLS;7982.0;6
1;31086.0;Charlie;Peter;SEASHELLS;7981.0;5
1;31167.0;Caesar;Caesar;SEASHELLS;7969.0;49
1;31186.0;Charlie;Pablo;SEASHELLS;7963.0;21
1;31216.0;Pablo;Caesar;SEASHELLS;7957.0;21
1;31272.0;Peter;Charlie;SEASHELLS;7955.0;6
1;31286.0;Charlie;Peter;SEASHELLS;7951.0;8
1;31324.0;Caesar;Caesar;SEASHELLS;7953.0;47
1;31361.0;Caesar;Peter;SEASHELLS;7947.0;9
1;31426.0;Peter;Caesar;SEASHELLS;7938.0;10
1;31436.0;Peter;Charlie;SEASHELLS;7937.0;9
1;31476.0;Charlie;Peter;SEASHELLS;7927.0;8
1;31543.0;Caesar;Peter;SEASHELLS;7935.0;8
1;31581.0;Charlie;Pablo;SEASHELLS;7935.0;20
1;31590.0;Caesar;Caesar;SEASHELLS;7941.0;7
1;31590.0;Caesar;Caesar;SEASHELLS;7941.0;48
1;31635.0;Caesar;Caesar;SEASHELLS;7943.0;52
1;31650.0;Caesar;Caesar;SEASHELLS;7939.0;49
1;31680.0;Caesar;Caesar;SEASHELLS;7937.0;47
1;31712.0;Charlie;Peter;SEASHELLS;7944.0;9
1;31741.0;Caesar;Caesar;SEASHELLS;7944.0;58
1;31751.0;Caesar;Caesar;SEASHELLS;7942.0;40
1;31758.0;Peter;Charlie;SEASHELLS;7943.0;8
1;31785.0;Charlie;Peter;SEASHELLS;7941.0;10
1;31799.0;Caesar;Peter;SEASHELLS;7942.0;5
1;31811.0;Pablo;Caesar;SEASHELLS;7945.0;17
1;31838.0;Charlie;Peter;SEASHELLS;7944.0;8
1;31900.0;Caesar;Caesar;SEASHELLS;7937.0;54
1;31966.0;Charlie;Pablo;SEASHELLS;7948.0;10
1;31967.0;Caesar;Caesar;SEASHELLS;7949.0;54
1;32104.0;Caesar;Caesar;SEASHELLS;7952.0;7
1;32104.0;Caesar;Caesar;SEASHELLS;7952.0;63
1;32113.0;Charlie;Peter;SEASHELLS;7949.0;8
1;32133.0;Caesar;Caesar;SEASHELLS;7951.0;70
1;32148.0;Peter;Charlie;SEASHELLS;7950.0;10
1;32184.0;Peter;Caesar;SEASHELLS;7948.0;7
1;32244.0;Caesar;Caesar;SEASHELLS;7946.0;44
1;32244.0;Caesar;Caesar;SEASHELLS;7946.0;21
1;32274.0;Charlie;Pablo;SEASHELLS;7957.0;26
1;32328.0;Peter;Charlie;SEASHELLS;7968.0;7
1;32364.0;Caesar;Caesar;SEASHELLS;7969.0;52
1;32393.0;Caesar;Caesar;SEASHELLS;7966.0;60
1;32468.0;Charlie;Pablo;SEASHELLS;7960.0;14
1;32501.0;Peter;Charlie;SEASHELLS;7964.0;10
1;32504.0;Charlie;Peter;SEASHELLS;7963.0;9
1;32520.0;Charlie;Pablo;SEASHELLS;7962.0;13
1;32534.0;Charlie;Peter;SEASHELLS;7965.0;5
1;32540.0;Caesar;Pablo;SEASHELLS;7966.0;12
1;32569.0;Caesar;Peter;SEASHELLS;7967.0;8
1;32648.0;Peter;Charlie;SEASHELLS;7978.0;6
1;32660.0;Caesar;Pablo;SEASHELLS;7975.0;14
1;32673.0;Peter;Charlie;SEASHELLS;7980.0;10
1;32747.0;Charlie;Pablo;SEASHELLS;7967.0;16
1;32825.0;Caesar;Caesar;SEASHELLS;7952.0;58
1;32854.0;Charlie;Pablo;SEASHELLS;7945.0;24
1;32876.0;Pablo;Caesar;SEASHELLS;7948.0;12
1;32996.0;Charlie;Pablo;SEASHELLS;7945.0;11
1;33009.0;Peter;Charlie;SEASHELLS;7943.0;9
1;33027.0;Peter;Charlie;SEASHELLS;7944.0;6
1;33027.0;Charlie;Pablo;SEASHELLS;7942.0;23
1;33046.0;Peter;Charlie;SEASHELLS;7942.0;7
1;33094.0;Peter;Caesar;SEASHELLS;7946.0;7
1;33103.0;Caesar;Pablo;SEASHELLS;7947.0;29
1;33112.0;Charlie;Peter;SEASHELLS;7947.0;8
1;33131.0;Peter;Charlie;SEASHELLS;7947.0;7
1;33194.0;Charlie;Peter;SEASHELLS;7932.0;8
1;33222.0;Peter;Charlie;SEASHELLS;7935.0;6
1;33270.0;Charlie;Pablo;SEASHELLS;7928.0;22
1;33288.0;Caesar;Caesar;SEASHELLS;7933.0;43
1;33294.0;Charlie;Peter;SEASHELLS;7934.0;6
1;33303.0;Peter;Charlie;SEASHELLS;7937.0;8
1;33451.0;Caesar;Caesar;SEASHELLS;7931.0;43
1;33468.0;Peter;Charlie;SEASHELLS;7929.0;9
1;33477.0;Charlie;Pablo;SEASHELLS;7923.0;23
1;33508.0;Peter;Charlie;SEASHELLS;7924.0;10
1;33544.0;Caesar;Caesar;SEASHELLS;7923.0;42
1;33544.0;Caesar;Caesar;SEASHELLS;7923.0;1
1;33553.0;Caesar;Caesar;SEASHELLS;7923.0;20
1;33553.0;Caesar;Caesar;SEASHELLS;7923.0;49
1;33579.0;Peter;Charlie;SEASHELLS;7929.0;8
1;33598.0;Caesar;Peter;SEASHELLS;7927.0;10
1;33621.0;Caesar;Caesar;SEASHELLS;7927.0;59
1;33675.0;Charlie;Peter;SEASHELLS;7915.0;9
1;33677.0;Charlie;Peter;SEASHELLS;7915.0;10
1;33707.0;Charlie;Pablo;SEASHELLS;7911.0;18
1;33715.0;Caesar;Caesar;SEASHELLS;7911.0;60
1;33723.0;Peter;Charlie;SEASHELLS;7912.0;7
1;33753.0;Peter;Charlie;SEASHELLS;7909.0;8
1;33783.0;Peter;Charlie;SEASHELLS;7905.0;7
1;33787.0;Charlie;Pablo;SEASHELLS;7901.0;17
1;33793.0;Charlie;Pablo;SEASHELLS;7903.0;24
1;33812.0;Charlie;Pablo;SEASHELLS;7908.0;13
1;33850.0;Charlie;Pablo;SEASHELLS;7917.0;25
1;33872.0;Peter;Caesar;SEASHELLS;7916.0;7
1;33919.0;Charlie;Pablo;SEASHELLS;7917.0;13
1;33920.0;Pablo;Caesar;SEASHELLS;7919.0;12
1;34029.0;Peter;Charlie;SEASHELLS;7929.0;6
1;34058.0;Charlie;Pablo;SEASHELLS;7930.0;14
1;34083.0;Peter;Caesar;SEASHELLS;7931.0;10
1;34161.0;Caesar;Pablo;SEASHELLS;7924.0;30
1;34233.0;Peter;Charlie;SEASHELLS;7931.0;9
1;34282.0;Peter;Caesar;SEASHELLS;7934.0;6
1;34292.0;Charlie;Pablo;SEASHELLS;7929.0;10
1;34313.0;Caesar;Caesar;SEASHELLS;7931.0;54
1;34315.0;Caesar;Caesar;SEASHELLS;7931.0;66
1;34335.0;Charlie;Peter;SEASHELLS;7925.0;10
1;34340.0;Peter;Charlie;SEASHELLS;7930.0;5
1;34343.0;Charlie;Peter;SEASHELLS;7927.0;8
1;34444.0;Charlie;Pablo;SEASHELLS;7920.0;10
1;34566.0;Caesar;Peter;SEASHELLS;7911.0;10
1;34662.0;Peter;Caesar;SEASHELLS;7905.0;10
1;34701.0;Pablo;Caesar;SEASHELLS;7912.0;19
1;34736.0;Caesar;Caesar;SEASHELLS;7910.0;41
1;34796.0;Caesar;Caesar;SEASHELLS;7918.0;41
1;34805.0;Charlie;Pablo;SEASHELLS;7914.0;23
1;34816.0;Charlie;Peter;SEASHELLS;7915.0;9
1;34820.0;Caesar;Caesar;SEASHELLS;7912.0;41
1;34836.0;Charlie;Peter;SEASHELLS;7911.0;5
1;34849.0;Caesar;Caesar;SEASHELLS;7915.0;51
1;34869.0;Charlie;Peter;SEASHELLS;7916.0;7
1;34888.0;Caesar;Caesar;SEASHELLS;7913.0;44
1;34888.0;Caesar;Caesar;SEASHELLS;7913.0;31
1;34901.0;Caesar;Caesar;SEASHELLS;7912.0;42
1;34907.0;Caesar;Caesar;SEASHELLS;7910.0;65
1;34909.0;Caesar;Caesar;SEASHELLS;7911.0;4
1;34909.0;Caesar;Caesar;SEASHELLS;7911.0;66
1;35010.0;Caesar;Caesar;SEASHELLS;7905.0;59
1;35039.0;Caesar;Caesar;SEASHELLS;7907.0;33
1;35039.0;Caesar;Caesar;SEASHELLS;7907.0;41
1;35050.0;Charlie;Pablo;SEASHELLS;7907.0;20
1;35094.0;Peter;Charlie;SEASHELLS;7912.0;9
1;35126.0;Peter;Charlie;SEASHELLS;7912.0;7
1;35183.0;Charlie;Peter;SEASHELLS;7917.0;10
1;35218.0;Charlie;Pablo;SEASHELLS;7920.0;29
1;35267.0;Charlie;Peter;SEASHELLS;7916.0;9
1;35290.0;Caesar;Peter;SEASHELLS;7912.0;9
1;35333.0;Charlie;Pablo;SEASHELLS;7915.0;18
1;35337.0;Peter;Charlie;SEASHELLS;7920.0;10
1;35360.0;Caesar;Caesar;SEASHELLS;7912.0;54
1;35413.0;Caesar;Caesar;SEASHELLS;7898.0;56
1;35432.0;Charlie;Pablo;SEASHELLS;7895.0;26
1;35435.0;Caesar;Caesar;SEASHELLS;7894.0;57
1;35464.0;Peter;Charlie;SEASHELLS;7897.0;9
1;35515.0;Charlie;Peter;SEASHELLS;7885.0;10
1;35526.0;Charlie;Peter;SEASHELLS;7882.0;7
1;35597.0;Charlie;Peter;SEASHELLS;7887.0;10
1;35610.0;Caesar;Caesar;SEASHELLS;7883.0;44
1;35641.0;Caesar;Caesar;SEASHELLS;7881.0;14
1;35641.0;Caesar;Caesar;SEASHELLS;7881.0;65
1;35658.0;Charlie;Pablo;SEASHELLS;7878.0;12
1;35666.0;Caesar;Caesar;SEASHELLS;7876.0;9
1;35666.0;Caesar;Caesar;SEASHELLS;7876.0;68
1;35696.0;Caesar;Caesar;SEASHELLS;7874.0;46
1;35723.0;Peter;Charlie;SEASHELLS;7870.0;6
1;35758.0;Caesar;Pablo;SEASHELLS;7866.0;20
1;35792.0;Caesar;Peter;SEASHELLS;7867.0;10
1;35837.0;Peter;Charlie;SEASHELLS;7870.0;10
1;35874.0;Pablo;Caesar;SEASHELLS;7878.0;22
1;35912.0;Charlie;Pablo;SEASHELLS;7880.0;16
1;35959.0;Peter;Charlie;SEASHELLS;7892.0;5
1;35961.0;Pablo;Caesar;SEASHELLS;7888.0;30
1;35991.0;Charlie;Pablo;SEASHELLS;7891.0;15
1;36003.0;Charlie;Pablo;SEASHELLS;7893.0;22
1;36011.0;Charlie;Peter;SEASHELLS;7890.0;8
1;36012.0;Charlie;Pablo;SEASHELLS;7891.0;30
1;36031.0;Caesar;Caesar;SEASHELLS;7885.0;1
1;36031.0;Caesar;Caesar;SEASHELLS;7885.0;59
1;36053.0;Caesar;Caesar;SEASHELLS;7886.0;54
1;36059.0;Peter;Charlie;SEASHELLS;7884.0;9
1;36066.0;Pablo;Caesar;SEASHELLS;7882.0;10
1;36086.0;Caesar;Caesar;SEASHELLS;7878.0;53
1;36107.0;Charlie;Peter;SEASHELLS;7876.0;10
1;36146.0;Caesar;Caesar;SEASHELLS;7878.0;59
1;36183.0;Caesar;Caesar;SEASHELLS;7881.0;47
1;36237.0;Charlie;Peter;SEASHELLS;7876.0;5
1;36266.0;Peter;Charlie;SEASHELLS;7882.0;5
1;36355.0;Peter;Charlie;SEASHELLS;7894.0;9
1;36370.0;Charlie;Peter;SEASHELLS;7893.0;8
1;36467.0;Peter;Charlie;SEASHELLS;7891.0;10
1;36477.0;Charlie;Peter;SEASHELLS;7891.0;10
1;36489.0;Peter;Charlie;SEASHELLS;7894.0;9
1;36492.0;Caesar;Caesar;SEASHELLS;7890.0;22
1;36492.0;Caesar;Caesar;SEASHELLS;7890.0;43
1;36535.0;Caesar;Caesar;SEASHELLS;7894.0;41
1;36618.0;Charlie;Peter;SEASHELLS;7892.0;9
1;36621.0;Charlie;Peter;SEASHELLS;7894.0;9
1;36645.0;Charlie;Pablo;SEASHELLS;7903.0;20
1;36717.0;Caesar;Peter;SEASHELLS;7908.0;7
1;36719.0;Charlie;Peter;SEASHELLS;7907.0;6
1;36752.0;Caesar;Caesar;SEASHELLS;7912.0;66
1;36754.0;Charlie;Pablo;SEASHELLS;7911.0;16
1;36812.0;Peter;Caesar;SEASHELLS;7913.0;9
1;36893.0;Peter;Charlie;SEASHELLS;7914.0;7
1;36902.0;Pablo;Caesar;SEASHELLS;7910.0;12
1;36939.0;Caesar;Caesar;SEASHELLS;7917.0;57
1;36939.0;Caesar;Caesar;SEASHELLS;7917.0;15
1;36951.0;Caesar;Caesar;SEASHELLS;7918.0;31
1;36951.0;Caesar;Caesar;SEASHELLS;7918.0;44
1;36970.0;Peter;Caesar;SEASHELLS;7915.0;10
1;36995.0;Peter;Charlie;SEASHELLS;7920.0;7
1;36996.0;Caesar;Caesar;SEASHELLS;7918.0;48
1;36996.0;Caesar;Caesar;SEASHELLS;7918.0;18
1;37085.0;Caesar;Caesar;SEASHELLS;7903.0;46
1;37125.0;Charlie;Peter;SEASHELLS;7904.0;7
1;37141.0;Charlie;Peter;SEASHELLS;7905.0;9
1;37153.0;Caesar;Caesar;SEASHELLS;7905.0;54
1;37154.0;Caesar;Caesar;SEASHELLS;7904.0;53
1;37159.0;Peter;Caesar;SEASHELLS;7907.0;7
1;37216.0;Peter;Caesar;SEASHELLS;7908.0;7
1;37248.0;Caesar;Pablo;SEASHELLS;7904.0;11
1;37321.0;Pablo;Caesar;SEASHELLS;7906.0;13
1;37360.0;Peter;Caesar;SEASHELLS;7905.0;10
1;37442.0;Caesar;Caesar;SEASHELLS;7913.0;42
1;37443.0;Charlie;Peter;SEASHELLS;7913.0;5
1;37479.0;Peter;Charlie;SEASHELLS;7922.0;10
1;37480.0;Caesar;Peter;SEASHELLS;7919.0;10
1;37524.0;Caesar;Caesar;SEASHELLS;7927.0;53
1;37524.0;Caesar;Caesar;SEASHELLS;7927.0;25
1;37540.0;Caesar;Peter;SEASHELLS;7922.0;7
1;37542.0;Peter;Caesar;SEASHELLS;7923.0;6
1;37547.0;Pablo;Caesar;SEASHELLS;7921.0;19
1;37555.0;Peter;Charlie;SEASHELLS;7919.0;5
1;37663.0;Pablo;Caesar;SEASHELLS;7908.0;20
1;37665.0;Caesar;Caesar;SEASHELLS;7908.0;57
1;37681.0;Peter;Charlie;SEASHELLS;7909.0;9
1;37699.0;Peter;Charlie;SEASHELLS;7907.0;10
1;37720.0;Caesar;Caesar;SEASHELLS;7907.0;4
1;37720.0;Caesar;Caesar;SEASHELLS;7907.0;42
1;37741.0;Peter;Charlie;SEASHELLS;7905.0;7
1;37752.0;Charlie;Pablo;SEASHELLS;7906.0;21
1;37753.0;Peter;Charlie;SEASHELLS;7909.0;8
1;37781.0;Charlie;Peter;SEASHELLS;7906.0;6
1;37794.0;Charlie;Pablo;SEASHELLS;7907.0;29
1;37835.0;Caesar;Caesar;SEASHELLS;7918.0;76
1;37844.0;Caesar;Caesar;SEASHELLS;7916.0;48
1;37879.0;Peter;Charlie;SEASHELLS;7912.0;10
1;37944.0;Peter;Charlie;SEASHELLS;7906.0;7
1;37944.0;Caesar;Caesar;SEASHELLS;7904.0;6
1;37944.0;Caesar;Caesar;SEASHELLS;7904.0;56
1;37995.0;Charlie;Peter;SEASHELLS;7902.0;9
1;38001.0;Caesar;Caesar;SEASHELLS;7901.0;44
1;38033.0;Charlie;Pablo;SEASHELLS;7903.0;21
1;38100.0;Charlie;Peter;SEASHELLS;7907.0;9
1;38107.0;Charlie;Pablo;SEASHELLS;7912.0;22
1;38116.0;Charlie;Peter;SEASHELLS;7911.0;6
1;38128.0;Caesar;Caesar;SEASHELLS;7907.0;48
1;38146.0;Peter;Charlie;SEASHELLS;7902.0;5
1;38163.0;Pablo;Caesar;SEASHELLS;7900.0;17
1;38172.0;Charlie;Peter;SEASHELLS;7897.0;9
1;38184.0;Caesar;Caesar;SEASHELLS;7901.0;64
1;38299.0;Caesar;Caesar;SEASHELLS;7909.0;55
1;38308.0;Peter;Caesar;SEASHELLS;7910.0;9
1;38322.0;Caesar;Caesar;SEASHELLS;7911.0;72
1;38322.0;Caesar;Caesar;SEASHELLS;7911.0;1
1;38342.0;Caesar;Caesar;SEASHELLS;7916.0;57
1;38342.0;Caesar;Caesar;SEASHELLS;7916.0;10
1;38356.0;Charlie;Peter;SEASHELLS;7917.0;9
1;38357.0;Peter;Charlie;SEASHELLS;7919.0;6
1;38395.0;Caesar;Caesar;SEASHELLS;7921.0;54
1;38448.0;Peter;Charlie;SEASHELLS;7930.0;8
1;38461.0;Charlie;Peter;SEASHELLS;7923.0;9
1;38494.0;Charlie;Pablo;SEASHELLS;7927.0;23
1;38530.0;Caesar;Caesar;SEASHELLS;7921.0;52
1;38571.0;Charlie;Peter;SEASHELLS;7925.0;7
1;38577.0;Peter;Caesar;SEASHELLS;7926.0;7
1;38599.0;Caesar;Caesar;SEASHELLS;7930.0;10
1;38599.0;Caesar;Caesar;SEASHELLS;7930.0;59
1;38620.0;Charlie;Peter;SEASHELLS;7926.0;10
1;38710.0;Peter;Caesar;SEASHELLS;7919.0;5
1;38767.0;Charlie;Pablo;SEASHELLS;7918.0;11
1;38779.0;Caesar;Peter;SEASHELLS;7913.0;8
1;38785.0;Caesar;Caesar;SEASHELLS;7914.0;53
1;38816.0;Charlie;Pablo;SEASHELLS;7924.0;21
1;38840.0;Charlie;Pablo;SEASHELLS;7923.0;14
1;38874.0;Charlie;Peter;SEASHELLS;7926.0;6
1;38906.0;Charlie;Peter;SEASHELLS;7924.0;7
1;38907.0;Caesar;Peter;SEASHELLS;7925.0;5
1;38935.0;Charlie;Peter;SEASHELLS;7924.0;10
1;38997.0;Caesar;Caesar;SEASHELLS;7919.0;48
1;39053.0;Peter;Charlie;SEASHELLS;7923.0;7
1;39073.0;Caesar;Caesar;SEASHELLS;7920.0;61
1;39079.0;Peter;Charlie;SEASHELLS;7922.0;9
1;39107.0;Caesar;Caesar;SEASHELLS;7920.0;64
1;39135.0;Charlie;Peter;SEASHELLS;7917.0;9
1;39282.0;Caesar;Caesar;SEASHELLS;7915.0;54
1;39314.0;Caesar;Pablo;SEASHELLS;7920.0;14
1;39318.0;Charlie;Peter;SEASHELLS;7923.0;6
1;39366.0;Caesar;Caesar;SEASHELLS;7926.0;48
1;39398.0;Peter;Charlie;SEASHELLS;7930.0;5
1;39414.0;Charlie;Pablo;SEASHELLS;7928.0;20
1;39445.0;Caesar;Caesar;SEASHELLS;7926.0;70
1;39494.0;Caesar;Caesar;SEASHELLS;7928.0;41
1;39505.0;Charlie;Peter;SEASHELLS;7930.0;8
1;39507.0;Peter;Charlie;SEASHELLS;7934.0;6
1;39509.0;Charlie;Peter;SEASHELLS;7930.0;6
1;39511.0;Caesar;Caesar;SEASHELLS;7930.0;66
1;39514.0;Charlie;Peter;SEASHELLS;7933.0;8
1;39539.0;Caesar;Pablo;SEASHELLS;7932.0;23
1;39555.0;Caesar;Caesar;SEASHELLS;7935.0;48
1;39555.0;Caesar;Pablo;SEASHELLS;7935.0;13
1;39555.0;Charlie;Peter;SEASHELLS;7934.0;6
1;39595.0;Peter;Charlie;SEASHELLS;7932.0;5
1;39610.0;Charlie;Pablo;SEASHELLS;7931.0;15
1;39622.0;Charlie;Pablo;SEASHELLS;7936.0;26
1;39706.0;Caesar;Caesar;SEASHELLS;7928.0;61
1;39743.0;Caesar;Pablo;SEASHELLS;7924.0;16
1;39755.0;Caesar;Caesar;SEASHELLS;7923.0;44
1;39756.0;Caesar;Caesar;SEASHELLS;7923.0;49
1;39758.0;Charlie;Pablo;SEASHELLS;7922.0;16
1;39787.0;Caesar;Peter;SEASHELLS;7922.0;10
1;39797.0;Charlie;Peter;SEASHELLS;7921.0;5
1;39800.0;Charlie;Peter;SEASHELLS;7923.0;10
1;39868.0;Peter;Charlie;SEASHELLS;7919.0;9
1;39924.0;Caesar;Caesar;SEASHELLS;7927.0;55
1;39924.0;Caesar;Caesar;SEASHELLS;7927.0;10
1;39957.0;Caesar;Caesar;SEASHELLS;7927.0;40
1;39967.0;Peter;Charlie;SEASHELLS;7926.0;9
2;40040.0;Charlie;Peter;SEASHELLS;7921.0;10
2;40054.0;Caesar;Caesar;SEASHELLS;7923.0;46
2;40072.0;Caesar;Caesar;SEASHELLS;7914.0;40
2;40094.0;Peter;Charlie;SEASHELLS;7914.0;10
2;40099.0;Caesar;Peter;SEASHELLS;7914.0;8
2;40105.0;Charlie;Peter;SEASHELLS;7916.0;10
2;40107.0;Peter;Charlie;SEASHELLS;7921.0;10
2;40135.0;Peter;Charlie;SEASHELLS;7930.0;10
2;40302.0;Caesar;Pablo;SEASHELLS;7937.0;30
2;40361.0;Peter;Charlie;SEASHELLS;7949.0;9
2;40362.0;Caesar;Caesar;SEASHELLS;7946.0;54
2;40417.0;Charlie;Peter;SEASHELLS;7937.0;7
2;40423.0;Peter;Charlie;SEASHELLS;7940.0;8
2;40430.0;Caesar;Caesar;SEASHELLS;7940.0;50
2;40471.0;Charlie;Pablo;SEASHELLS;7946.0;25
2;40476.0;Peter;Charlie;SEASHELLS;7948.0;10
2;40504.0;Charlie;Peter;SEASHELLS;7948.0;7
2;40545.0;Peter;Caesar;SEASHELLS;7940.0;5
2;40546.0;Charlie;Pablo;SEASHELLS;7938.0;26
2;40556.0;Charlie;Pablo;SEASHELLS;7939.0;12
2;40603.0;Caesar;Pablo;SEASHELLS;7928.0;19
2;40611.0;Peter;Charlie;SEASHELLS;7931.0;6
2;40687.0;Caesar;Pablo;SEASHELLS;7918.0;24
2;40734.0;Charlie;Pablo;SEASHELLS;7922.0;25
2;40743.0;Caesar;Caesar;SEASHELLS;7920.0;11
2;40743.0;Caesar;Caesar;SEASHELLS;7920.0;63
2;40745.0;Charlie;Peter;SEASHELLS;7918.0;10
2;40795.0;Peter;Caesar;SEASHELLS;7921.0;7
2;40819.0;Caesar;Pablo;SEASHELLS;7918.0;27
2;40905.0;Charlie;Peter;SEASHELLS;7915.0;6
2;40916.0;Charlie;Pablo;SEASHELLS;7919.0;27
2;40956.0;Caesar;Caesar;SEASHELLS;7918.0;1
2;40956.0;Caesar;Caesar;SEASHELLS;7918.0;62
2;41004.0;Caesar;Caesar;SEASHELLS;7917.0;48
2;41013.0;Charlie;Peter;SEASHELLS;7920.0;9
2;41040.0;Caesar;Pablo;SEASHELLS;7922.0;13
2;41072.0;Caesar;Caesar;SEASHELLS;7913.0;43
2;41101.0;Caesar;Caesar;SEASHELLS;7911.0;51
2;41105.0;Caesar;Peter;SEASHELLS;7910.0;9
2;41147.0;Peter;Charlie;SEASHELLS;7909.0;8
2;41158.0;Charlie;Peter;SEASHELLS;7907.0;6
2;41181.0;Charlie;Pablo;SEASHELLS;7903.0;20
2;41241.0;Caesar;Caesar;SEASHELLS;7885.0;44
2;41305.0;Peter;Caesar;SEASHELLS;7886.0;9
2;41308.0;Caesar;Pablo;SEASHELLS;7884.0;16
2;41314.0;Caesar;Pablo;SEASHELLS;7887.0;17
2;41328.0;Peter;Caesar;SEASHELLS;7897.0;10
2;41355.0;Caesar;Peter;SEASHELLS;7902.0;7
2;41366.0;Charlie;Pablo;SEASHELLS;7901.0;30
2;41450.0;Charlie;Pablo;SEASHELLS;7907.0;25
2;41464.0;Charlie;Pablo;SEASHELLS;7910.0;28
2;41490.0;Peter;Charlie;SEASHELLS;7907.0;9
2;41498.0;Charlie;Pablo;SEASHELLS;7906.0;29
2;41500.0;Caesar;Caesar;SEASHELLS;7905.0;52
2;41521.0;Caesar;Caesar;SEASHELLS;7900.0;50
2;41572.0;Caesar;Caesar;SEASHELLS;7904.0;47
2;41642.0;Caesar;Caesar;SEASHELLS;7914.0;41
2;41646.0;Charlie;Peter;SEASHELLS;7913.0;10
2;41667.0;Peter;Charlie;SEASHELLS;7912.0;5
2;41668.0;Caesar;Caesar;SEASHELLS;7910.0;67
2;41697.0;Caesar;Pablo;SEASHELLS;7912.0;16
2;41849.0;Caesar;Caesar;SEASHELLS;7921.0;10
2;41849.0;Caesar;Caesar;SEASHELLS;7921.0;64
2;41860.0;Caesar;Peter;SEASHELLS;7923.0;10
2;41865.0;Caesar;Caesar;SEASHELLS;7923.0;73
2;41947.0;Peter;Caesar;SEASHELLS;7932.0;8
2;42008.0;Charlie;Peter;SEASHELLS;7929.0;10
2;42009.0;Caesar;Caesar;SEASHELLS;7930.0;61
2;42012.0;Peter;Charlie;SEASHELLS;7934.0;8
2;42114.0;Charlie;Peter;SEASHELLS;7927.0;10
2;42129.0;Caesar;Caesar;SEASHELLS;7923.0;73
2;42133.0;Pablo;Caesar;SEASHELLS;7924.0;21
2;42140.0;Pablo;Caesar;SEASHELLS;7927.0;13
2;42145.0;Charlie;Pablo;SEASHELLS;7923.0;30
2;42166.0;Caesar;Caesar;SEASHELLS;7922.0;72
2;42187.0;Caesar;Caesar;SEASHELLS;7920.0;66
2;42257.0;Charlie;Pablo;SEASHELLS;7924.0;21
2;42330.0;Charlie;Peter;SEASHELLS;7914.0;9
2;42340.0;Charlie;Peter;SEASHELLS;7913.0;8
2;42349.0;Peter;Charlie;SEASHELLS;7916.0;8
2;42377.0;Charlie;Peter;SEASHELLS;7918.0;6
2;42402.0;Charlie;Pablo;SEASHELLS;7919.0;10
2;42415.0;Caesar;Caesar;SEASHELLS;7920.0;51
2;42422.0;Pablo;Caesar;SEASHELLS;7921.0;12
2;42424.0;Charlie;Peter;SEASHELLS;7919.0;7
2;42427.0;Caesar;Caesar;SEASHELLS;7918.0;61
2;42427.0;Caesar;Caesar;SEASHELLS;7918.0;13
2;42443.0;Peter;Charlie;SEASHELLS;7927.0;5
2;42473.0;Caesar;Caesar;SEASHELLS;7923.0;71
2;42493.0;Peter;Caesar;SEASHELLS;7924.0;5
2;42505.0;Caesar;Caesar;SEASHELLS;7919.0;25
2;42505.0;Caesar;Caesar;SEASHELLS;7919.0;40
2;42508.0;Charlie;Pablo;SEASHELLS;7918.0;25
2;42527.0;Charlie;Peter;SEASHELLS;7913.0;9
2;42562.0;Caesar;Pablo;SEASHELLS;7908.0;24
2;42576.0;Charlie;Peter;SEASHELLS;7907.0;8
2;42588.0;Peter;Charlie;SEASHELLS;7912.0;9
2;42601.0;Peter;Charlie;SEASHELLS;7913.0;9
2;42634.0;Charlie;Peter;SEASHELLS;7911.0;10
2;42636.0;Charlie;Pablo;SEASHELLS;7912.0;12
2;42641.0;Peter;Caesar;SEASHELLS;7914.0;6
2;42665.0;Caesar;Caesar;SEASHELLS;7904.0;51
2;42665.0;Caesar;Caesar;SEASHELLS;7904.0;3
2;42679.0;Peter;Charlie;SEASHELLS;7906.0;10
2;42686.0;Peter;Charlie;SEASHELLS;7901.0;5
2;42705.0;Caesar;Caesar;SEASHELLS;7897.0;1
2;42705.0;Caesar;Caesar;SEASHELLS;7897.0;64
2;42715.0;Caesar;Caesar;SEASHELLS;7891.0;59
2;42715.0;Caesar;Caesar;SEASHELLS;7891.0;16
2;42719.0;Charlie;Peter;SEASHELLS;7893.0;7
2;42723.0;Caesar;Caesar;SEASHELLS;7893.0;42
2;42735.0;Caesar;Caesar;SEASHELLS;7898.0;51
2;42835.0;Caesar;Caesar;SEASHELLS;7893.0;59
2;42877.0;Caesar;Peter;SEASHELLS;7894.0;10
2;42914.0;Charlie;Peter;SEASHELLS;7901.0;7
2;42948.0;Charlie;Peter;SEASHELLS;7906.0;9
2;42971.0;Caesar;Caesar;SEASHELLS;7908.0;61
2;42975.0;Caesar;Caesar;SEASHELLS;7907.0;54
2;42975.0;Caesar;Caesar;SEASHELLS;7907.0;2
2;43006.0;Peter;Charlie;SEASHELLS;7908.0;5
2;43008.0;Charlie;Pablo;SEASHELLS;7906.0;14
2;43068.0;Peter;Charlie;SEASHELLS;7908.0;5
2;43129.0;Charlie;Peter;SEASHELLS;7911.0;10
2;43199.0;Pablo;Caesar;SEASHELLS;7922.0;13
2;43221.0;Caesar;Caesar;SEASHELLS;7922.0;49
2;43240.0;Caesar;Peter;SEASHELLS;7917.0;6
2;43323.0;Caesar;Caesar;SEASHELLS;7922.0;55
2;43373.0;Charlie;Caesar;SEASHELLS;7927.0;54
2;43442.0;Caesar;Caesar;SEASHELLS;7923.0;70
2;43446.0;Charlie;Caesar;SEASHELLS;7921.0;65
2;43453.0;Peter;Charlie;SEASHELLS;7923.0;5
2;43556.0;Peter;Charlie;SEASHELLS;7911.0;7
2;43564.0;Caesar;Peter;SEASHELLS;7910.0;8
2;43582.0;Peter;Caesar;SEASHELLS;7912.0;9
2;43596.0;Caesar;Caesar;SEASHELLS;7911.0;56
2;43613.0;Caesar;Caesar;SEASHELLS;7910.0;55
2;43613.0;Caesar;Caesar;SEASHELLS;7910.0;22
2;43644.0;Charlie;Pablo;SEASHELLS;7910.0;25
2;43708.0;Charlie;Peter;SEASHELLS;7909.0;6
2;43774.0;Caesar;Caesar;SEASHELLS;7912.0;53
2;43824.0;Charlie;Peter;SEASHELLS;7923.0;8
2;43895.0;Caesar;Caesar;SEASHELLS;7924.0;57
2;43912.0;Charlie;Pablo;SEASHELLS;7925.0;17
2;43914.0;Peter;Charlie;SEASHELLS;7928.0;5
2;43923.0;Caesar;Peter;SEASHELLS;7930.0;9
2;44110.0;Peter;Charlie;SEASHELLS;7918.0;8
2;44182.0;Charlie;Pablo;SEASHELLS;7913.0;23
2;44245.0;Peter;Charlie;SEASHELLS;7917.0;10
2;44270.0;Caesar;Pablo;SEASHELLS;7912.0;13
2;44334.0;Peter;Charlie;SEASHELLS;7919.0;8
2;44338.0;Caesar;Caesar;SEASHELLS;7918.0;62
2;44345.0;Pablo;Caesar;SEASHELLS;7920.0;12
2;44403.0;Caesar;Caesar;SEASHELLS;7928.0;54
2;44414.0;Peter;Caesar;SEASHELLS;7930.0;5
2;44421.0;Peter;Caesar;SEASHELLS;7931.0;7
2;44435.0;Caesar;Peter;SEASHELLS;7930.0;8
2;44460.0;Caesar;Caesar;SEASHELLS;7927.0;43
2;44476.0;Charlie;Pablo;SEASHELLS;7932.0;24
2;44525.0;Caesar;Caesar;SEASHELLS;7929.0;54
2;44603.0;Peter;Charlie;SEASHELLS;7928.0;5
2;44622.0;Caesar;Caesar;SEASHELLS;7924.0;55
2;44727.0;Peter;Charlie;SEASHELLS;7936.0;5
2;44752.0;Peter;Charlie;SEASHELLS;7940.0;6
2;44769.0;Caesar;Caesar;SEASHELLS;7937.0;53
2;44770.0;Charlie;Peter;SEASHELLS;7937.0;9
2;44785.0;Caesar;Caesar;SEASHELLS;7934.0;43
2;44798.0;Peter;Charlie;SEASHELLS;7935.0;10
2;44879.0;Charlie;Pablo;SEASHELLS;7942.0;19
2;44888.0;Charlie;Peter;SEASHELLS;7939.0;8
2;44976.0;Caesar;Caesar;SEASHELLS;7933.0;55
2;44985.0;Caesar;Caesar;SEASHELLS;7938.0;46
2;45034.0;Peter;Charlie;SEASHELLS;7940.0;6
2;45085.0;Caesar;Caesar;SEASHELLS;7938.0;42
2;45087.0;Charlie;Peter;SEASHELLS;7936.0;7
2;45089.0;Caesar;Peter;SEASHELLS;7936.0;7
2;45101.0;Charlie;Pablo;SEASHELLS;7936.0;20
2;45114.0;Pablo;Caesar;SEASHELLS;7932.0;13
2;45115.0;Caesar;Caesar;SEASHELLS;7931.0;66
2;45115.0;Caesar;Caesar;SEASHELLS;7931.0;9
2;45125.0;Caesar;Caesar;SEASHELLS;7930.0;60
2;45136.0;Charlie;Pablo;SEASHELLS;7936.0;27
2;45137.0;Charlie;Peter;SEASHELLS;7935.0;9
2;45153.0;Peter;Caesar;SEASHELLS;7936.0;5
2;45174.0;Charlie;Pablo;SEASHELLS;7939.0;26
2;45258.0;Charlie;Pablo;SEASHELLS;7939.0;14
2;45275.0;Caesar;Caesar;SEASHELLS;7936.0;42
2;45275.0;Caesar;Caesar;SEASHELLS;7936.0;26
2;45322.0;Peter;Charlie;SEASHELLS;7932.0;6
2;45337.0;Charlie;Pablo;SEASHELLS;7929.0;22
2;45411.0;Charlie;Peter;SEASHELLS;7946.0;9
2;45420.0;Caesar;Caesar;SEASHELLS;7947.0;54
2;45420.0;Caesar;Caesar;SEASHELLS;7947.0;4
2;45432.0;Peter;Charlie;SEASHELLS;7949.0;5
2;45473.0;Charlie;Peter;SEASHELLS;7937.0;8
2;45536.0;Caesar;Caesar;SEASHELLS;7939.0;55
2;45590.0;Caesar;Caesar;SEASHELLS;7946.0;55
2;45608.0;Peter;Charlie;SEASHELLS;7954.0;7
2;45612.0;Caesar;Caesar;SEASHELLS;7951.0;71
2;45673.0;Charlie;Pablo;SEASHELLS;7948.0;27
2;45681.0;Charlie;Peter;SEASHELLS;7947.0;8
2;45741.0;Caesar;Peter;SEASHELLS;7951.0;9
2;45760.0;Pablo;Caesar;SEASHELLS;7950.0;10
2;45767.0;Caesar;Peter;SEASHELLS;7952.0;5
2;45797.0;Caesar;Caesar;SEASHELLS;7950.0;45
2;45797.0;Caesar;Peter;SEASHELLS;7950.0;9
2;45957.0;Caesar;Caesar;SEASHELLS;7949.0;48
2;45975.0;Charlie;Pablo;SEASHELLS;7952.0;25
2;46019.0;Peter;Caesar;SEASHELLS;7957.0;7
2;46050.0;Caesar;Caesar;SEASHELLS;7958.0;53
2;46086.0;Peter;Caesar;SEASHELLS;7968.0;7
2;46127.0;Caesar;Caesar;SEASHELLS;7957.0;40
2;46141.0;Peter;Charlie;SEASHELLS;7954.0;7
2;46151.0;Caesar;Caesar;SEASHELLS;7951.0;17
2;46151.0;Caesar;Caesar;SEASHELLS;7951.0;63
2;46158.0;Caesar;Caesar;SEASHELLS;7950.0;66
2;46176.0;Peter;Charlie;SEASHELLS;7951.0;10
2;46200.0;Charlie;Peter;SEASHELLS;7947.0;5
2;46231.0;Caesar;Peter;SEASHELLS;7949.0;5
2;46270.0;Charlie;Peter;SEASHELLS;7937.0;6
2;46282.0;Charlie;Pablo;SEASHELLS;7935.0;29
2;46335.0;Pablo;Caesar;SEASHELLS;7926.0;10
2;46344.0;Pablo;Caesar;SEASHELLS;7923.0;14
2;46352.0;Caesar;Caesar;SEASHELLS;7924.0;43
2;46362.0;Peter;Charlie;SEASHELLS;7926.0;8
2;46372.0;Caesar;Caesar;SEASHELLS;7919.0;44
2;46482.0;Charlie;Pablo;SEASHELLS;7922.0;25
2;46484.0;Peter;Charlie;SEASHELLS;7923.0;8
2;46498.0;Charlie;Peter;SEASHELLS;7919.0;6
2;46559.0;Caesar;Caesar;SEASHELLS;7926.0;54
2;46632.0;Charlie;Pablo;SEASHELLS;7910.0;28
2;46666.0;Pablo;Caesar;SEASHELLS;7903.0;10
2;46689.0;Charlie;Peter;SEASHELLS;7901.0;10
2;46743.0;Caesar;Caesar;SEASHELLS;7910.0;41
2;46758.0;Caesar;Caesar;SEASHELLS;7911.0;56
2;46793.0;Charlie;Peter;SEASHELLS;7914.0;8
2;46835.0;Caesar;Peter;SEASHELLS;7913.0;6
2;46850.0;Charlie;Peter;SEASHELLS;7916.0;9
2;46870.0;Caesar;Caesar;SEASHELLS;7916.0;53
2;46870.0;Caesar;Caesar;SEASHELLS;7916.0;12
2;47023.0;Caesar;Caesar;SEASHELLS;7911.0;58
2;47041.0;Peter;Charlie;SEASHELLS;7912.0;8
2;47044.0;Caesar;Peter;SEASHELLS;7911.0;10
2;47091.0;Peter;Caesar;SEASHELLS;7915.0;9
2;47122.0;Charlie;Pablo;SEASHELLS;7914.0;28
2;47184.0;Peter;Charlie;SEASHELLS;7920.0;10
2;47195.0;Caesar;Caesar;SEASHELLS;7919.0;43
2;47240.0;Charlie;Peter;SEASHELLS;7919.0;9
2;47254.0;Charlie;Peter;SEASHELLS;7913.0;8
2;47295.0;Charlie;Peter;SEASHELLS;7915.0;5
2;47317.0;Caesar;Peter;SEASHELLS;7916.0;7
2;47421.0;Charlie;Pablo;SEASHELLS;7925.0;29
2;47461.0;Peter;Charlie;SEASHELLS;7926.0;5
2;47479.0;Charlie;Pablo;SEASHELLS;7920.0;26
2;47492.0;Caesar;Caesar;SEASHELLS;7916.0;54
2;47497.0;Peter;Charlie;SEASHELLS;7916.0;10
2;47530.0;Caesar;Caesar;SEASHELLS;7917.0;70
2;47554.0;Peter;Caesar;SEASHELLS;7917.0;7
2;47572.0;Caesar;Caesar;SEASHELLS;7919.0;46
2;47574.0;Caesar;Caesar;SEASHELLS;7919.0;74
2;47593.0;Caesar;Caesar;SEASHELLS;7920.0;58
2;47625.0;Charlie;Peter;SEASHELLS;7918.0;10
2;47665.0;Charlie;Peter;SEASHELLS;7922.0;8
2;47669.0;Caesar;Caesar;SEASHELLS;7919.0;63
2;47680.0;Charlie;Peter;SEASHELLS;7913.0;8
2;47688.0;Charlie;Pablo;SEASHELLS;7913.0;15
2;47690.0;Peter;Caesar;SEASHELLS;7914.0;5
2;47709.0;Peter;Charlie;SEASHELLS;7918.0;9
2;47798.0;Caesar;Caesar;SEASHELLS;7905.0;12
2;47798.0;Caesar;Caesar;SEASHELLS;7905.0;53
2;47816.0;Charlie;Pablo;SEASHELLS;7903.0;30
2;47823.0;Caesar;Caesar;SEASHELLS;7906.0;73
2;47851.0;Charlie;Pablo;SEASHELLS;7903.0;13
2;47856.0;Charlie;Pablo;SEASHELLS;7902.0;18
2;47877.0;Pablo;Caesar;SEASHELLS;7903.0;25
2;47888.0;Caesar;Caesar;SEASHELLS;7902.0;47
2;48021.0;Caesar;Caesar;SEASHELLS;7913.0;52
2;48054.0;Peter;Charlie;SEASHELLS;7905.0;8
2;48067.0;Charlie;Pablo;SEASHELLS;7901.0;22
2;48081.0;Caesar;Caesar;SEASHELLS;7899.0;41
2;48081.0;Caesar;Caesar;SEASHELLS;7899.0;19
2;48096.0;Caesar;Caesar;SEASHELLS;7899.0;52
2;48110.0;Pablo;Caesar;SEASHELLS;7898.0;12
2;48212.0;Charlie;Peter;SEASHELLS;7893.0;6
2;48232.0;Charlie;Peter;SEASHELLS;7891.0;5
2;48255.0;Caesar;Pablo;SEASHELLS;7898.0;26
2;48308.0;Peter;Charlie;SEASHELLS;7899.0;9
2;48318.0;Charlie;Pablo;SEASHELLS;7896.0;14
2;48332.0;Charlie;Pablo;SEASHELLS;7895.0;29
2;48405.0;Peter;Charlie;SEASHELLS;7920.0;8
2;48417.0;Caesar;Pablo;SEASHELLS;7916.0;29
2;48464.0;Charlie;Peter;SEASHELLS;7918.0;6
2;48494.0;Charlie;Pablo;SEASHELLS;7920.0;11
2;48529.0;Charlie;Peter;SEASHELLS;7923.0;7
2;48579.0;Caesar;Caesar;SEASHELLS;7914.0;68
2;48616.0;Caesar;Caesar;SEASHELLS;7912.0;50
2;48636.0;Caesar;Caesar;SEASHELLS;7914.0;55
2;48636.0;Caesar;Caesar;SEASHELLS;7914.0;17
2;48655.0;Pablo;Caesar;SEASHELLS;7915.0;17
2;48658.0;Caesar;Caesar;SEASHELLS;7912.0;49
2;48675.0;Charlie;Pablo;SEASHELLS;7910.0;18
2;48681.0;Caesar;Caesar;SEASHELLS;7911.0;40
2;48681.0;Caesar;Caesar;SEASHELLS;7911.0;21
2;48721.0;Caesar;Caesar;SEASHELLS;7918.0;51
2;48760.0;Caesar;Caesar;SEASHELLS;7912.0;67
2;48768.0;Charlie;Pablo;SEASHELLS;7913.0;12
2;48785.0;Caesar;Caesar;SEASHELLS;7911.0;5
2;48785.0;Caesar;Caesar;SEASHELLS;7911.0;44
2;48812.0;Charlie;Peter;SEASHELLS;7915.0;8
2;48855.0;Peter;Caesar;SEASHELLS;7918.0;9
2;48913.0;Caesar;Caesar;SEASHELLS;7914.0;46
2;48948.0;Peter;Charlie;SEASHELLS;7919.0;10
2;49051.0;Peter;Charlie;SEASHELLS;7916.0;5
2;49074.0;Peter;Charlie;SEASHELLS;7917.0;8
2;49089.0;Charlie;Peter;SEASHELLS;7912.0;10
2;49134.0;Caesar;Caesar;SEASHELLS;7919.0;11
2;49134.0;Caesar;Caesar;SEASHELLS;7919.0;63
2;49202.0;Caesar;Caesar;SEASHELLS;7921.0;65
2;49220.0;Charlie;Peter;SEASHELLS;7922.0;7
2;49244.0;Caesar;Caesar;SEASHELLS;7928.0;41
2;49273.0;Peter;Charlie;SEASHELLS;7928.0;10
2;49387.0;Peter;Charlie;SEASHELLS;7934.0;10
2;49397.0;Caesar;Peter;SEASHELLS;7929.0;9
2;49425.0;Caesar;Caesar;SEASHELLS;7930.0;5
2;49425.0;Caesar;Caesar;SEASHELLS;7930.0;53
2;49431.0;Caesar;Caesar;SEASHELLS;7931.0;45
2;49450.0;Peter;Caesar;SEASHELLS;7932.0;8
2;49470.0;Charlie;Peter;SEASHELLS;7928.0;6
2;49512.0;Caesar;Caesar;SEASHELLS;7921.0;51
2;49567.0;Charlie;Peter;SEASHELLS;7914.0;7
2;49644.0;Charlie;Pablo;SEASHELLS;7912.0;16
2;49685.0;Charlie;Pablo;SEASHELLS;7906.0;21
2;49694.0;Caesar;Caesar;SEASHELLS;7908.0;61
2;49769.0;Peter;Charlie;SEASHELLS;7918.0;6
2;49793.0;Charlie;Pablo;SEASHELLS;7920.0;26
2;49816.0;Peter;Charlie;SEASHELLS;7916.0;6
2;49828.0;Caesar;Peter;SEASHELLS;7916.0;8
2;49834.0;Charlie;Pablo;SEASHELLS;7916.0;28
2;49868.0;Peter;Charlie;SEASHELLS;7910.0;8
2;49914.0;Caesar;Peter;SEASHELLS;7912.0;5
2;49921.0;Caesar;Caesar;SEASHELLS;7911.0;47
2;49926.0;Charlie;Pablo;SEASHELLS;7910.0;30
2;49955.0;Charlie;Pablo;SEASHELLS;7915.0;30
2;49968.0;Caesar;Caesar;SEASHELLS;7910.0;49
2;49989.0;Charlie;Peter;SEASHELLS;7911.0;5
3;50001.0;Caesar;Caesar;SEASHELLS;7912.0;57
3;50060.0;Charlie;Peter;SEASHELLS;7920.0;5
3;50076.0;Charlie;Peter;SEASHELLS;7928.0;6
3;50086.0;Caesar;Pablo;SEASHELLS;7928.0;23
3;50116.0;Peter;Charlie;SEASHELLS;7933.0;8
3;50138.0;Charlie;Pablo;SEASHELLS;7928.0;27
3;50175.0;Caesar;Caesar;SEASHELLS;7928.0;40
3;50283.0;Charlie;Pablo;SEASHELLS;7943.0;23
3;50287.0;Caesar;Caesar;SEASHELLS;7943.0;48
3;50317.0;Peter;Charlie;SEASHELLS;7952.0;5
3;50411.0;Pablo;Caesar;SEASHELLS;7947.0;28
3;50421.0;Peter;Charlie;SEASHELLS;7945.0;7
3;50436.0;Caesar;Caesar;SEASHELLS;7941.0;47
3;50437.0;Caesar;Caesar;SEASHELLS;7941.0;77
3;50441.0;Caesar;Peter;SEASHELLS;7943.0;9
3;50503.0;Peter;Charlie;SEASHELLS;7946.0;6
3;50529.0;Peter;Charlie;SEASHELLS;7951.0;6
3;50530.0;Caesar;Peter;SEASHELLS;7950.0;9
3;50563.0;Pablo;Caesar;SEASHELLS;7950.0;12
3;50587.0;Caesar;Caesar;SEASHELLS;7951.0;10
3;50587.0;Caesar;Caesar;SEASHELLS;7951.0;67
3;50627.0;Charlie;Peter;SEASHELLS;7944.0;9
3;50640.0;Pablo;Caesar;SEASHELLS;7949.0;22
3;50645.0;Caesar;Caesar;SEASHELLS;7948.0;77
3;50666.0;Caesar;Caesar;SEASHELLS;7949.0;52
3;50808.0;Charlie;Peter;SEASHELLS;7954.0;5
3;50855.0;Charlie;Peter;SEASHELLS;7955.0;9
3;50901.0;Caesar;Caesar;SEASHELLS;7958.0;74
3;50925.0;Peter;Charlie;SEASHELLS;7956.0;10
3;50978.0;Charlie;Pablo;SEASHELLS;7949.0;29
3;50982.0;Caesar;Caesar;SEASHELLS;7949.0;1
3;50982.0;Caesar;Caesar;SEASHELLS;7949.0;46
3;51040.0;Charlie;Pablo;SEASHELLS;7944.0;15
3;51054.0;Caesar;Caesar;SEASHELLS;7952.0;55
3;51064.0;Charlie;Pablo;SEASHELLS;7956.0;28
3;51068.0;Peter;Caesar;SEASHELLS;7959.0;10
3;51069.0;Pablo;Caesar;SEASHELLS;7958.0;25
3;51086.0;Peter;Charlie;SEASHELLS;7948.0;6
3;51103.0;Caesar;Caesar;SEASHELLS;7948.0;50
3;51103.0;Caesar;Caesar;SEASHELLS;7948.0;19
3;51119.0;Caesar;Pablo;SEASHELLS;7948.0;28
3;51143.0;Peter;Charlie;SEASHELLS;7956.0;8
3;51155.0;Caesar;Caesar;SEASHELLS;7949.0;58
3;51234.0;Caesar;Caesar;SEASHELLS;7931.0;48
3;51237.0;Charlie;Pablo;SEASHELLS;7932.0;10
3;51277.0;Peter;Charlie;SEASHELLS;7938.0;7
3;51350.0;Charlie;Pablo;SEASHELLS;7938.0;15
3;51361.0;Caesar;Caesar;SEASHELLS;7939.0;51
3;51384.0;Caesar;Peter;SEASHELLS;7936.0;6
3;51429.0;Caesar;Caesar;SEASHELLS;7931.0;55
3;51436.0;Caesar;Caesar;SEASHELLS;7933.0;46
3;51495.0;Caesar;Caesar;SEASHELLS;7933.0;40
3;51495.0;Caesar;Caesar;SEASHELLS;7933.0;15
3;51552.0;Charlie;Pablo;SEASHELLS;7929.0;20
3;51601.0;Charlie;Peter;SEASHELLS;7932.0;7
3;51634.0;Caesar;Caesar;SEASHELLS;7929.0;48
3;51752.0;Charlie;Pablo;SEASHELLS;7917.0;23
3;51774.0;Caesar;Caesar;SEASHELLS;7917.0;69
3;51839.0;Charlie;Pablo;SEASHELLS;7909.0;18
3;51858.0;Charlie;Peter;SEASHELLS;7909.0;5
3;51875.0;Charlie;Pablo;SEASHELLS;7903.0;26
3;51931.0;Peter;Charlie;SEASHELLS;7910.0;8
3;51934.0;Caesar;Caesar;SEASHELLS;7906.0;72
3;51934.0;Caesar;Caesar;SEASHELLS;7906.0;5
3;52023.0;Charlie;Peter;SEASHELLS;7912.0;10
3;52037.0;Peter;Charlie;SEASHELLS;7912.0;5
3;52081.0;Caesar;Caesar;SEASHELLS;7912.0;52
3;52111.0;Peter;Charlie;SEASHELLS;7913.0;9
3;52115.0;Caesar;Caesar;SEASHELLS;7912.0;59
3;52136.0;Caesar;Caesar;SEASHELLS;7915.0;40
3;52136.0;Pablo;Caesar;SEASHELLS;7915.0;17
3;52182.0;Charlie;Pablo;SEASHELLS;7906.0;21
3;52195.0;Charlie;Peter;SEASHELLS;7904.0;5
3;52209.0;Caesar;Caesar;SEASHELLS;7907.0;44
3;52259.0;Caesar;Caesar;SEASHELLS;7907.0;42
3;52301.0;Peter;Charlie;SEASHELLS;7898.0;8
3;52336.0;Charlie;Peter;SEASHELLS;7894.0;6
3;52389.0;Peter;Charlie;SEASHELLS;7886.0;5
3;52493.0;Peter;Charlie;SEASHELLS;7885.0;9
3;52523.0;Charlie;Peter;SEASHELLS;7881.0;8
3;52578.0;Charlie;Pablo;SEASHELLS;7883.0;10
3;52594.0;Caesar;Caesar;SEASHELLS;7886.0;60
3;52601.0;Caesar;Caesar;SEASHELLS;7887.0;70
3;52662.0;Caesar;Caesar;SEASHELLS;7886.0;49
3;52662.0;Caesar;Caesar;SEASHELLS;7886.0;31
3;52727.0;Caesar;Caesar;SEASHELLS;7881.0;68
3;52755.0;Caesar;Caesar;SEASHELLS;7887.0;66
3;52827.0;Caesar;Caesar;SEASHELLS;7886.0;53
3;52842.0;Charlie;Peter;SEASHELLS;7889.0;9
3;52857.0;Caesar;Caesar;SEASHELLS;7886.0;53
3;52865.0;Caesar;Caesar;SEASHELLS;7887.0;44
3;52872.0;Caesar;Caesar;SEASHELLS;7890.0;53
3;52879.0;Peter;Charlie;SEASHELLS;7891.0;9
3;52919.0;Charlie;Peter;SEASHELLS;7886.0;5
3;52944.0;Caesar;Caesar;SEASHELLS;7891.0;47
3;52949.0;Peter;Caesar;SEASHELLS;7891.0;6
3;52958.0;Charlie;Peter;SEASHELLS;7891.0;9
3;52973.0;Peter;Charlie;SEASHELLS;7894.0;10
3;52985.0;Charlie;Peter;SEASHELLS;7888.0;5
3;53001.0;Peter;Caesar;SEASHELLS;7892.0;8
3;53059.0;Charlie;Pablo;SEASHELLS;7879.0;19
3;53119.0;Charlie;Pablo;SEASHELLS;7880.0;20
3;53134.0;Charlie;Peter;SEASHELLS;7876.0;8
3;53178.0;Charlie;Peter;SEASHELLS;7871.0;7
3;53226.0;Caesar;Caesar;SEASHELLS;7873.0;48
3;53296.0;Caesar;Peter;SEASHELLS;7878.0;9
3;53313.0;Peter;Charlie;SEASHELLS;7879.0;5
3;53341.0;Pablo;Caesar;SEASHELLS;7880.0;20
3;53386.0;Charlie;Peter;SEASHELLS;7877.0;8
3;53413.0;Charlie;Caesar;SEASHELLS;7881.0;75
3;53568.0;Peter;Charlie;SEASHELLS;7909.0;6
3;53621.0;Caesar;Caesar;SEASHELLS;7899.0;41
3;53672.0;Peter;Charlie;SEASHELLS;7896.0;9
3;53765.0;Caesar;Pablo;SEASHELLS;7900.0;21
3;53828.0;Peter;Charlie;SEASHELLS;7902.0;10
3;53866.0;Charlie;Pablo;SEASHELLS;7903.0;16
3;53885.0;Charlie;Peter;SEASHELLS;7900.0;7
3;53914.0;Charlie;Pablo;SEASHELLS;7907.0;17
3;53915.0;Caesar;Caesar;SEASHELLS;7908.0;59
3;53915.0;Caesar;Caesar;SEASHELLS;7908.0;19
3;53937.0;Charlie;Peter;SEASHELLS;7911.0;7
3;53958.0;Caesar;Caesar;SEASHELLS;7911.0;62
3;53969.0;Caesar;Pablo;SEASHELLS;7908.0;13
3;53985.0;Charlie;Pablo;SEASHELLS;7909.0;15
3;54050.0;Charlie;Pablo;SEASHELLS;7905.0;19
3;54075.0;Charlie;Pablo;SEASHELLS;7904.0;20
3;54168.0;Caesar;Caesar;SEASHELLS;7915.0;14
3;54168.0;Caesar;Caesar;SEASHELLS;7915.0;42
3;54240.0;Charlie;Pablo;SEASHELLS;7915.0;15
3;54302.0;Caesar;Peter;SEASHELLS;7923.0;8
3;54318.0;Caesar;Caesar;SEASHELLS;7923.0;47
3;54324.0;Caesar;Pablo;SEASHELLS;7925.0;10
3;54376.0;Charlie;Peter;SEASHELLS;7925.0;8
3;54382.0;Caesar;Caesar;SEASHELLS;7925.0;40
3;54382.0;Caesar;Caesar;SEASHELLS;7925.0;11
3;54404.0;Pablo;Caesar;SEASHELLS;7924.0;29
3;54438.0;Caesar;Caesar;SEASHELLS;7917.0;45
3;54438.0;Caesar;Caesar;SEASHELLS;7917.0;7
3;54528.0;Caesar;Caesar;SEASHELLS;7921.0;69
3;54628.0;Charlie;Pablo;SEASHELLS;7925.0;26
3;54644.0;Peter;Charlie;SEASHELLS;7929.0;5
3;54667.0;Pablo;Caesar;SEASHELLS;7931.0;11
3;54676.0;Caesar;Caesar;SEASHELLS;7928.0;55
3;54692.0;Charlie;Peter;SEASHELLS;7927.0;8
3;54720.0;Caesar;Pablo;SEASHELLS;7929.0;14
3;54749.0;Pablo;Caesar;SEASHELLS;7938.0;11
3;54783.0;Caesar;Pablo;SEASHELLS;7941.0;10
3;54802.0;Charlie;Peter;SEASHELLS;7949.0;8
3;54813.0;Charlie;Peter;SEASHELLS;7948.0;10
3;54824.0;Peter;Charlie;SEASHELLS;7954.0;9
3;54824.0;Pablo;Caesar;SEASHELLS;7953.0;20
3;54829.0;Caesar;Caesar;SEASHELLS;7952.0;52
3;54852.0;Caesar;Caesar;SEASHELLS;7956.0;43
3;54873.0;Charlie;Peter;SEASHELLS;7956.0;8
3;54878.0;Caesar;Caesar;SEASHELLS;7957.0;54
3;54890.0;Peter;Charlie;SEASHELLS;7956.0;9
3;54904.0;Charlie;Peter;SEASHELLS;7952.0;7
3;54960.0;Caesar;Caesar;SEASHELLS;7954.0;57
3;55036.0;Caesar;Caesar;SEASHELLS;7950.0;51
3;55059.0;Charlie;Peter;SEASHELLS;7949.0;5
3;55143.0;Caesar;Caesar;SEASHELLS;7955.0;51
3;55147.0;Peter;Charlie;SEASHELLS;7957.0;9
3;55201.0;Peter;Caesar;SEASHELLS;7955.0;7
3;55210.0;Caesar;Caesar;SEASHELLS;7950.0;48
3;55279.0;Caesar;Caesar;SEASHELLS;7943.0;69
3;55379.0;Charlie;Peter;SEASHELLS;7944.0;7
3;55401.0;Caesar;Caesar;SEASHELLS;7949.0;72
3;55414.0;Caesar;Caesar;SEASHELLS;7948.0;65
3;55428.0;Caesar;Caesar;SEASHELLS;7945.0;57
3;55444.0;Charlie;Pablo;SEASHELLS;7946.0;19
3;55514.0;Pablo;Caesar;SEASHELLS;7954.0;26
3;55525.0;Caesar;Caesar;SEASHELLS;7949.0;56
3;55525.0;Caesar;Caesar;SEASHELLS;7949.0;2
3;55665.0;Caesar;Peter;SEASHELLS;7940.0;5
3;55705.0;Caesar;Caesar;SEASHELLS;7939.0;48
3;55755.0;Charlie;Pablo;SEASHELLS;7938.0;13
3;55803.0;Peter;Charlie;SEASHELLS;7926.0;7
3;55835.0;Caesar;Caesar;SEASHELLS;7926.0;51
3;55867.0;Peter;Caesar;SEASHELLS;7928.0;7
3;55888.0;Caesar;Peter;SEASHELLS;7925.0;7
3;55896.0;Caesar;Peter;SEASHELLS;7923.0;10
3;55915.0;Pablo;Caesar;SEASHELLS;7930.0;11
3;55915.0;Peter;Charlie;SEASHELLS;7931.0;5
3;55939.0;Charlie;Pablo;SEASHELLS;7926.0;25
3;55953.0;Charlie;Pablo;SEASHELLS;7934.0;20
3;55958.0;Caesar;Caesar;SEASHELLS;7933.0;58
3;55970.0;Charlie;Peter;SEASHELLS;7936.0;9
3;55973.0;Charlie;Pablo;SEASHELLS;7937.0;19
3;56009.0;Pablo;Caesar;SEASHELLS;7946.0;22
3;56032.0;Charlie;Peter;SEASHELLS;7944.0;7
3;56119.0;Peter;Caesar;SEASHELLS;7939.0;10
3;56133.0;Peter;Caesar;SEASHELLS;7943.0;8
3;56148.0;Caesar;Pablo;SEASHELLS;7941.0;19
3;56172.0;Charlie;Pablo;SEASHELLS;7944.0;25
3;56192.0;Charlie;Peter;SEASHELLS;7951.0;6
3;56199.0;Charlie;Pablo;SEASHELLS;7953.0;16
3;56229.0;Charlie;Caesar;SEASHELLS;7948.0;42
3;56245.0;Caesar;Caesar;SEASHELLS;7949.0;55
3;56259.0;Caesar;Pablo;SEASHELLS;7950.0;23
3;56278.0;Peter;Charlie;SEASHELLS;7958.0;6
3;56335.0;Caesar;Caesar;SEASHELLS;7952.0;48
3;56335.0;Caesar;Caesar;SEASHELLS;7952.0;22
3;56344.0;Caesar;Caesar;SEASHELLS;7951.0;61
3;56405.0;Charlie;Caesar;SEASHELLS;7949.0;71
3;56406.0;Caesar;Caesar;SEASHELLS;7949.0;67
3;56413.0;Caesar;Pablo;SEASHELLS;7948.0;23
3;56484.0;Peter;Charlie;SEASHELLS;7943.0;10
3;56542.0;Charlie;Peter;SEASHELLS;7941.0;7
3;56574.0;Caesar;Caesar;SEASHELLS;7947.0;44
3;56589.0;Charlie;Caesar;SEASHELLS;7946.0;71
3;56628.0;Peter;Charlie;SEASHELLS;7947.0;8
3;56643.0;Charlie;Caesar;SEASHELLS;7950.0;49
3;56665.0;Caesar;Caesar;SEASHELLS;7954.0;51
3;56735.0;Caesar;Caesar;SEASHELLS;7952.0;40
3;56736.0;Caesar;Caesar;SEASHELLS;7952.0;55
3;56759.0;Charlie;Peter;SEASHELLS;7946.0;6
3;56767.0;Caesar;Caesar;SEASHELLS;7949.0;51
3;56767.0;Caesar;Caesar;SEASHELLS;7949.0;10
3;56792.0;Caesar;Caesar;SEASHELLS;7945.0;64
3;56798.0;Caesar;Pablo;SEASHELLS;7943.0;28
3;56842.0;Caesar;Caesar;SEASHELLS;7947.0;70
3;56896.0;Charlie;Peter;SEASHELLS;7941.0;7
3;56908.0;Charlie;Peter;SEASHELLS;7941.0;5
3;56921.0;Caesar;Pablo;SEASHELLS;7944.0;8
3;56921.0;Caesar;Caesar;SEASHELLS;7944.0;48
3;56934.0;Caesar;Peter;SEASHELLS;7946.0;5
3;56944.0;Peter;Charlie;SEASHELLS;7949.0;7
3;56960.0;Peter;Charlie;SEASHELLS;7955.0;9
3;56979.0;Charlie;Pablo;SEASHELLS;7951.0;14
3;57050.0;Caesar;Caesar;SEASHELLS;7946.0;70
3;57106.0;Charlie;Peter;SEASHELLS;7951.0;8
3;57164.0;Charlie;Peter;SEASHELLS;7942.0;8
3;57180.0;Caesar;Caesar;SEASHELLS;7946.0;44
3;57180.0;Caesar;Caesar;SEASHELLS;7946.0;26
3;57189.0;Caesar;Caesar;SEASHELLS;7945.0;60
3;57232.0;Caesar;Caesar;SEASHELLS;7943.0;47
3;57248.0;Peter;Charlie;SEASHELLS;7937.0;6
3;57265.0;Caesar;Pablo;SEASHELLS;7936.0;14
3;57343.0;Peter;Charlie;SEASHELLS;7921.0;8
3;57356.0;Caesar;Caesar;SEASHELLS;7914.0;48
3;57358.0;Caesar;Caesar;SEASHELLS;7912.0;63
3;57379.0;Caesar;Caesar;SEASHELLS;7908.0;48
3;57382.0;Charlie;Peter;SEASHELLS;7907.0;8
3;57469.0;Charlie;Pablo;SEASHELLS;7904.0;29
3;57473.0;Charlie;Pablo;SEASHELLS;7901.0;12
3;57479.0;Peter;Caesar;SEASHELLS;7900.0;8
3;57481.0;Peter;Charlie;SEASHELLS;7901.0;10
3;57485.0;Charlie;Pablo;SEASHELLS;7901.0;27
3;57507.0;Charlie;Peter;SEASHELLS;7905.0;5
3;57522.0;Charlie;Pablo;SEASHELLS;7903.0;27
3;57561.0;Charlie;Pablo;SEASHELLS;7904.0;22
3;57625.0;Charlie;Peter;SEASHELLS;7909.0;6
3;57671.0;Charlie;Peter;SEASHELLS;7915.0;7
3;57721.0;Charlie;Peter;SEASHELLS;7912.0;10
3;57763.0;Caesar;Caesar;SEASHELLS;7909.0;61
3;57781.0;Pablo;Peter;SEASHELLS;7914.0;7
3;57815.0;Charlie;Pablo;SEASHELLS;7916.0;13
3;57823.0;Charlie;Pablo;SEASHELLS;7916.0;14
3;57826.0;Peter;Charlie;SEASHELLS;7918.0;8
3;57832.0;Charlie;Peter;SEASHELLS;7915.0;8
3;57882.0;Charlie;Caesar;SEASHELLS;7922.0;69
3;57883.0;Caesar;Caesar;SEASHELLS;7921.0;66
3;57890.0;Charlie;Peter;SEASHELLS;7921.0;8
3;57957.0;Caesar;Caesar;SEASHELLS;7919.0;42
3;57967.0;Pablo;Caesar;SEASHELLS;7920.0;17
3;57984.0;Peter;Charlie;SEASHELLS;7926.0;8
3;58022.0;Charlie;Peter;SEASHELLS;7928.0;6
3;58051.0;Charlie;Pablo;SEASHELLS;7927.0;24
3;58056.0;Charlie;Pablo;SEASHELLS;7926.0;17
3;58085.0;Caesar;Caesar;SEASHELLS;7921.0;49
3;58089.0;Caesar;Caesar;SEASHELLS;7918.0;41
3;58109.0;Charlie;Peter;SEASHELLS;7919.0;9
3;58153.0;Peter;Caesar;SEASHELLS;7920.0;9
3;58194.0;Caesar;Pablo;SEASHELLS;7914.0;22
3;58201.0;Caesar;Pablo;SEASHELLS;7915.0;20
3;58249.0;Caesar;Caesar;SEASHELLS;7912.0;6
3;58249.0;Caesar;Caesar;SEASHELLS;7912.0;69
3;58263.0;Caesar;Caesar;SEASHELLS;7917.0;63
3;58263.0;Peter;Charlie;SEASHELLS;7919.0;6
3;58271.0;Charlie;Peter;SEASHELLS;7918.0;6
3;58274.0;Charlie;Peter;SEASHELLS;7920.0;10
3;58279.0;Pablo;Caesar;SEASHELLS;7920.0;20
3;58314.0;Caesar;Peter;SEASHELLS;7920.0;9
3;58333.0;Caesar;Pablo;SEASHELLS;7919.0;21
3;58338.0;Charlie;Caesar;SEASHELLS;7918.0;79
3;58346.0;Peter;Caesar;SEASHELLS;7921.0;5
3;58358.0;Charlie;Peter;SEASHELLS;7918.0;9
3;58375.0;Charlie;Pablo;SEASHELLS;7918.0;28
3;58446.0;Charlie;Caesar;SEASHELLS;7925.0;45
3;58498.0;Caesar;Pablo;SEASHELLS;7924.0;14
3;58531.0;Charlie;Peter;SEASHELLS;7924.0;5
3;58607.0;Peter;Charlie;SEASHELLS;7927.0;5
3;58616.0;Caesar;Caesar;SEASHELLS;7925.0;62
3;58616.0;Caesar;Caesar;SEASHELLS;7925.0;17
3;58770.0;Caesar;Peter;SEASHELLS;7917.0;8
3;58783.0;Charlie;Pablo;SEASHELLS;7920.0;30
3;58842.0;Pablo;Caesar;SEASHELLS;7921.0;21
3;58858.0;Caesar;Caesar;SEASHELLS;7922.0;12
3;58858.0;Caesar;Caesar;SEASHELLS;7922.0;48
3;58871.0;Caesar;Caesar;SEASHELLS;7918.0;48
3;58901.0;Charlie;Caesar;SEASHELLS;7924.0;66
3;58905.0;Peter;Caesar;SEASHELLS;7926.0;6
3;58918.0;Caesar;Caesar;SEASHELLS;7922.0;71
3;58929.0;Caesar;Pablo;SEASHELLS;7920.0;21
3;58955.0;Caesar;Caesar;SEASHELLS;7917.0;2
3;58955.0;Caesar;Caesar;SEASHELLS;7917.0;63
3;58979.0;Caesar;Peter;SEASHELLS;7915.0;7
3;59030.0;Peter;Caesar;SEASHELLS;7921.0;7
3;59038.0;Caesar;Pablo;SEASHELLS;7919.0;28
3;59096.0;Caesar;Caesar;SEASHELLS;7923.0;65
3;59098.0;Charlie;Peter;SEASHELLS;7922.0;8
3;59107.0;Peter;Charlie;SEASHELLS;7921.0;7
3;59112.0;Peter;Charlie;SEASHELLS;7918.0;9
3;59147.0;Charlie;Peter;SEASHELLS;7919.0;10
3;59154.0;Peter;Charlie;SEASHELLS;7923.0;9
3;59183.0;Charlie;Peter;SEASHELLS;7923.0;5
3;59196.0;Charlie;Pablo;SEASHELLS;7923.0;23
3;59209.0;Peter;Charlie;SEASHELLS;7927.0;7
3;59228.0;Charlie;Pablo;SEASHELLS;7928.0;20
3;59286.0;Peter;Charlie;SEASHELLS;7928.0;9
3;59324.0;Caesar;Pablo;SEASHELLS;7926.0;10
3;59345.0;Caesar;Caesar;SEASHELLS;7925.0;37
3;59345.0;Caesar;Caesar;SEASHELLS;7925.0;40
3;59362.0;Caesar;Caesar;SEASHELLS;7917.0;56
3;59480.0;Charlie;Peter;SEASHELLS;7927.0;6
3;59488.0;Charlie;Peter;SEASHELLS;7925.0;6
3;59509.0;Caesar;Caesar;SEASHELLS;7926.0;13
3;59509.0;Caesar;Caesar;SEASHELLS;7926.0;57
3;59598.0;Peter;Caesar;SEASHELLS;7928.0;9
3;59614.0;Caesar;Caesar;SEASHELLS;7931.0;46
3;59635.0;Charlie;Peter;SEASHELLS;7933.0;9
3;59693.0;Caesar;Caesar;SEASHELLS;7931.0;47
3;59713.0;Peter;Caesar;SEASHELLS;7931.0;7
3;59717.0;Caesar;Caesar;SEASHELLS;7929.0;77
3;59717.0;Caesar;Caesar;SEASHELLS;7929.0;2
3;59835.0;Peter;Charlie;SEASHELLS;7945.0;6
3;59863.0;Charlie;Peter;SEASHELLS;7947.0;9
3;59898.0;Peter;Charlie;SEASHELLS;7951.0;5
3;59921.0;Caesar;Peter;SEASHELLS;7944.0;9
3;59938.0;Peter;Charlie;SEASHELLS;7949.0;7
3;59987.0;Caesar;Peter;SEASHELLS;7940.0;5
3;59989.0;Caesar;Caesar;SEASHELLS;7940.0;24
3;59989.0;Caesar;Caesar;SEASHELLS;7940.0;54
