day;timestamp;bid_price_1;bid_volume_1;bid_price_2;bid_volume_2;bid_price_3;bid_volume_3;ask_price_1;ask_volume_1;ask_price_2;ask_volume_2;ask_price_3;ask_volume_3;mid_price;profit_and_loss
1;30001.0;6999.0;237.0;0.0;0.0;0.0;0.0;7001.0;237.0;0.0;0.0;0.0;0.0;7000.0;0.0
1;30002.0;7001.0;52.0;7000.0;137.0;0.0;0.0;7002.0;52.0;7003.0;137.0;0.0;0.0;7001.5;0.0
1;30003.0;7001.0;209.0;0.0;0.0;0.0;0.0;7002.0;11.0;7003.0;209.0;0.0;0.0;7001.5;0.0
1;30004.0;7002.0;234.0;0.0;0.0;0.0;0.0;7004.0;234.0;0.0;0.0;0.0;0.0;7003.0;-11.61328125
1;30005.0;7001.0;211.0;0.0;0.0;0.0;0.0;7003.0;211.0;0.0;0.0;0.0;0.0;7002.0;-0.8359375
1;30006.0;7002.0;192.0;0.0;0.0;0.0;0.0;7004.0;192.0;0.0;0.0;0.0;0.0;7003.0;-9.3984375
1;30007.0;7002.0;174.0;0.0;0.0;0.0;0.0;7004.0;174.0;0.0;0.0;0.0;0.0;7003.0;-7.6953125
1;30008.0;7002.0;54.0;7001.0;140.0;0.0;0.0;7003.0;60.0;7004.0;140.0;0.0;0.0;7002.5;-9.6171875
1;30009.0;7003.0;264.0;0.0;0.0;0.0;0.0;7005.0;264.0;0.0;0.0;0.0;0.0;7004.0;-28.0859375
1;30010.0;7003.0;51.0;7002.0;164.0;0.0;0.0;7004.0;51.0;7005.0;164.0;0.0;0.0;7003.5;-20.796875
1;30011.0;7001.0;278.0;0.0;0.0;0.0;0.0;7003.0;278.0;0.0;0.0;0.0;0.0;7002.0;0.4296875
1;30012.0;7001.0;80.0;7000.0;184.0;0.0;0.0;7002.0;80.0;7003.0;184.0;0.0;0.0;7001.5;8.265625
1;30013.0;6999.0;185.0;0.0;0.0;0.0;0.0;7001.0;185.0;0.0;0.0;0.0;0.0;7000.0;28.125
1;30014.0;6997.0;200.0;0.0;0.0;0.0;0.0;6999.0;200.0;0.0;0.0;0.0;0.0;6998.0;58.609375
1;30015.0;6997.0;287.0;0.0;0.0;0.0;0.0;6999.0;287.0;0.0;0.0;0.0;0.0;6998.0;61.0859375
1;30016.0;6998.0;52.0;6997.0;144.0;0.0;0.0;6999.0;62.0;7000.0;144.0;0.0;0.0;6998.5;50.9375
1;30017.0;6995.0;172.0;0.0;0.0;0.0;0.0;6997.0;176.0;0.0;0.0;0.0;0.0;6996.0;122.90625
1;30018.0;6995.0;234.0;0.0;0.0;0.0;0.0;6997.0;234.0;0.0;0.0;0.0;0.0;6996.0;122.46875
1;30019.0;6995.0;225.0;0.0;0.0;0.0;0.0;6997.0;225.0;0.0;0.0;0.0;0.0;6996.0;102.125
1;30020.0;6996.0;100.0;6995.0;193.0;0.0;0.0;6997.0;100.0;6998.0;193.0;0.0;0.0;6996.5;93.71875
1;30021.0;6994.0;267.0;0.0;0.0;0.0;0.0;6996.0;267.0;0.0;0.0;0.0;0.0;6995.0;156.875
1;30022.0;6994.0;251.0;0.0;0.0;0.0;0.0;6996.0;251.0;0.0;0.0;0.0;0.0;6995.0;172.5
1;30023.0;6994.0;53.0;6993.0;165.0;0.0;0.0;6995.0;53.0;6996.0;165.0;0.0;0.0;6994.5;181.9375
1;30024.0;6994.0;278.0;0.0;0.0;0.0;0.0;6996.0;278.0;0.0;0.0;0.0;0.0;6995.0;160.65625
1;30025.0;6993.0;56.0;6992.0;150.0;0.0;0.0;6994.0;56.0;6995.0;150.0;0.0;0.0;6993.5;224.6875
1;30026.0;6993.0;215.0;0.0;0.0;0.0;0.0;6995.0;215.0;0.0;0.0;0.0;0.0;6994.0;205.875
1;30027.0;6994.0;254.0;0.0;0.0;0.0;0.0;6996.0;254.0;0.0;0.0;0.0;0.0;6995.0;156.875
1;30028.0;6992.0;73.0;6991.0;111.0;0.0;0.0;6993.0;73.0;6994.0;111.0;0.0;0.0;6992.5;270.5
1;30029.0;6992.0;244.0;0.0;0.0;0.0;0.0;6994.0;244.0;0.0;0.0;0.0;0.0;6993.0;259.5625
1;30030.0;6990.0;252.0;0.0;0.0;0.0;0.0;6992.0;252.0;0.0;0.0;0.0;0.0;6991.0;335.40625
1;30031.0;6990.0;210.0;0.0;0.0;0.0;0.0;6992.0;210.0;0.0;0.0;0.0;0.0;6991.0;344.0625
1;30032.0;6989.0;184.0;0.0;0.0;0.0;0.0;6991.0;184.0;0.0;0.0;0.0;0.0;6990.0;377.96875
1;30033.0;6991.0;62.0;6990.0;145.0;0.0;0.0;6992.0;62.0;6993.0;145.0;0.0;0.0;6991.5;315.0625
1;30034.0;6991.0;72.0;6990.0;125.0;0.0;0.0;6992.0;72.0;6993.0;125.0;0.0;0.0;6991.5;312.40625
1;30035.0;6992.0;99.0;6991.0;100.0;0.0;0.0;6993.0;87.0;6994.0;100.0;0.0;0.0;6992.5;273.21875
1;30036.0;6990.0;215.0;0.0;0.0;0.0;0.0;6992.0;63.0;6993.0;152.0;0.0;0.0;6991.0;325.28125
1;30037.0;6991.0;191.0;0.0;0.0;0.0;0.0;6993.0;191.0;0.0;0.0;0.0;0.0;6992.0;302.65625
1;30038.0;6993.0;89.0;6992.0;124.0;0.0;0.0;6994.0;89.0;6995.0;124.0;0.0;0.0;6993.5;232.375
1;30039.0;6992.0;91.0;6991.0;143.0;0.0;0.0;6993.0;91.0;6994.0;143.0;0.0;0.0;6992.5;267.625
1;30040.0;6992.0;187.0;0.0;0.0;0.0;0.0;6994.0;86.0;6995.0;101.0;0.0;0.0;6993.0;234.8125
1;30041.0;6993.0;194.0;0.0;0.0;0.0;0.0;6995.0;194.0;0.0;0.0;0.0;0.0;6994.0;211.15625
1;30042.0;6993.0;239.0;0.0;0.0;0.0;0.0;6995.0;239.0;0.0;0.0;0.0;0.0;6994.0;214.5625
1;30043.0;6992.0;87.0;6991.0;119.0;0.0;0.0;6993.0;87.0;6994.0;119.0;0.0;0.0;6992.5;276.78125
1;30044.0;6992.0;68.0;6991.0;140.0;0.0;0.0;6994.0;208.0;0.0;0.0;0.0;0.0;6993.0;262.9375
1;30045.0;6992.0;78.0;6991.0;194.0;0.0;0.0;6993.0;84.0;6994.0;194.0;0.0;0.0;6992.5;274.1875
1;30046.0;6992.0;281.0;0.0;0.0;0.0;0.0;6994.0;281.0;0.0;0.0;0.0;0.0;6993.0;240.625
1;30047.0;6993.0;182.0;0.0;0.0;0.0;0.0;6995.0;191.0;0.0;0.0;0.0;0.0;6994.0;188.96875
1;30048.0;6995.0;66.0;6994.0;144.0;0.0;0.0;6996.0;66.0;6997.0;144.0;0.0;0.0;6995.5;84.875
1;30049.0;6994.0;80.0;6993.0;148.0;0.0;0.0;6996.0;228.0;0.0;0.0;0.0;0.0;6995.0;145.0625
1;30050.0;6995.0;68.0;6994.0;114.0;0.0;0.0;6996.0;68.0;6997.0;114.0;0.0;0.0;6995.5;83.4375
1;30051.0;6996.0;73.0;6995.0;149.0;0.0;0.0;6997.0;73.0;6998.0;149.0;0.0;0.0;6996.5;33.5
1;30052.0;6996.0;55.0;6995.0;114.0;0.0;0.0;6997.0;55.0;6998.0;114.0;0.0;0.0;6996.5;28.375
1;30053.0;6996.0;201.0;0.0;0.0;0.0;0.0;6998.0;201.0;0.0;0.0;0.0;0.0;6997.0;-15.15625
1;30054.0;6996.0;245.0;0.0;0.0;0.0;0.0;6998.0;245.0;0.0;0.0;0.0;0.0;6997.0;-24.3125
1;30055.0;6997.0;296.0;0.0;0.0;0.0;0.0;6999.0;296.0;0.0;0.0;0.0;0.0;6998.0;-72.09375
1;30056.0;6998.0;81.0;6997.0;124.0;0.0;0.0;6999.0;90.0;7000.0;124.0;0.0;0.0;6998.5;-103.75
1;30057.0;6997.0;258.0;0.0;0.0;0.0;0.0;6999.0;258.0;0.0;0.0;0.0;0.0;6998.0;-57.5625
1;30058.0;6997.0;178.0;0.0;0.0;0.0;0.0;6999.0;178.0;0.0;0.0;0.0;0.0;6998.0;-65.9375
1;30059.0;6998.0;89.0;6997.0;154.0;0.0;0.0;6999.0;89.0;7000.0;154.0;0.0;0.0;6998.5;-119.8125
1;30060.0;6997.0;220.0;0.0;0.0;0.0;0.0;6999.0;220.0;0.0;0.0;0.0;0.0;6998.0;-50.03125
1;30061.0;6996.0;188.0;0.0;0.0;0.0;0.0;6998.0;188.0;0.0;0.0;0.0;0.0;6997.0;-17.21875
1;30062.0;6998.0;235.0;0.0;0.0;0.0;0.0;7000.0;235.0;0.0;0.0;0.0;0.0;6999.0;-124.125
1;30063.0;6999.0;12.0;6998.0;280.0;0.0;0.0;7000.0;280.0;0.0;0.0;0.0;0.0;6999.5;-154.5625
1;30064.0;6998.0;52.0;6997.0;176.0;0.0;0.0;6999.0;52.0;7000.0;176.0;0.0;0.0;6998.5;-101.0
1;30065.0;6997.0;186.0;0.0;0.0;0.0;0.0;6999.0;192.0;0.0;0.0;0.0;0.0;6998.0;-56.9375
1;30066.0;6998.0;186.0;0.0;0.0;0.0;0.0;7000.0;63.0;7001.0;123.0;0.0;0.0;6999.0;-188.125
1;30067.0;6999.0;191.0;0.0;0.0;0.0;0.0;7001.0;191.0;0.0;0.0;0.0;0.0;7000.0;-231.4375
1;30068.0;6997.0;271.0;0.0;0.0;0.0;0.0;6999.0;271.0;0.0;0.0;0.0;0.0;6998.0;-56.25
1;30069.0;6997.0;232.0;0.0;0.0;0.0;0.0;6999.0;60.0;7000.0;172.0;0.0;0.0;6998.0;-98.5
1;30070.0;6997.0;6.0;6996.0;248.0;0.0;0.0;6998.0;50.0;6999.0;198.0;0.0;0.0;6997.5;-8.25
1;30071.0;6996.0;192.0;0.0;0.0;0.0;0.0;6998.0;192.0;0.0;0.0;0.0;0.0;6997.0;2.75
1;30072.0;6995.0;98.0;6994.0;131.0;0.0;0.0;6996.0;98.0;6997.0;131.0;0.0;0.0;6995.5;165.5625
1;30073.0;6994.0;217.0;0.0;0.0;0.0;0.0;6996.0;217.0;0.0;0.0;0.0;0.0;6995.0;193.8125
1;30074.0;6993.0;227.0;0.0;0.0;0.0;0.0;6995.0;98.0;6996.0;129.0;0.0;0.0;6994.0;271.6875
1;30075.0;6992.0;245.0;0.0;0.0;0.0;0.0;6994.0;245.0;0.0;0.0;0.0;0.0;6993.0;394.5625
1;30076.0;6993.0;213.0;0.0;0.0;0.0;0.0;6995.0;213.0;0.0;0.0;0.0;0.0;6994.0;300.5625
1;30077.0;6996.0;204.0;0.0;0.0;0.0;0.0;6998.0;204.0;0.0;0.0;0.0;0.0;6997.0;46.625
1;30078.0;6997.0;64.0;6996.0;163.0;0.0;0.0;6998.0;64.0;6999.0;163.0;0.0;0.0;6997.5;-10.9375
1;30079.0;6997.0;56.0;6996.0;131.0;0.0;0.0;6998.0;56.0;6999.0;131.0;0.0;0.0;6997.5;-26.8125
1;30080.0;6995.0;222.0;0.0;0.0;0.0;0.0;6997.0;222.0;0.0;0.0;0.0;0.0;6996.0;112.9375
1;30081.0;6995.0;257.0;0.0;0.0;0.0;0.0;6997.0;257.0;0.0;0.0;0.0;0.0;6996.0;142.125
1;30082.0;6994.0;233.0;0.0;0.0;0.0;0.0;6996.0;233.0;0.0;0.0;0.0;0.0;6995.0;218.5
1;30083.0;6992.0;227.0;0.0;0.0;0.0;0.0;6994.0;227.0;0.0;0.0;0.0;0.0;6993.0;430.75
1;30084.0;6993.0;231.0;0.0;0.0;0.0;0.0;6995.0;231.0;0.0;0.0;0.0;0.0;6994.0;360.0
1;30085.0;6993.0;51.0;6992.0;153.0;0.0;0.0;6995.0;204.0;0.0;0.0;0.0;0.0;6994.0;367.5
1;30086.0;6992.0;248.0;0.0;0.0;0.0;0.0;6994.0;251.0;0.0;0.0;0.0;0.0;6993.0;451.6875
1;30087.0;6990.0;236.0;0.0;0.0;0.0;0.0;6992.0;236.0;0.0;0.0;0.0;0.0;6991.0;635.125
1;30088.0;6991.0;207.0;0.0;0.0;0.0;0.0;6993.0;207.0;0.0;0.0;0.0;0.0;6992.0;581.3125
1;30089.0;6992.0;224.0;0.0;0.0;0.0;0.0;6994.0;224.0;0.0;0.0;0.0;0.0;6993.0;416.8125
1;30090.0;6992.0;285.0;0.0;0.0;0.0;0.0;6994.0;285.0;0.0;0.0;0.0;0.0;6993.0;405.625
1;30091.0;6992.0;237.0;0.0;0.0;0.0;0.0;6994.0;237.0;0.0;0.0;0.0;0.0;6993.0;468.4375
1;30092.0;6993.0;55.0;6992.0;182.0;0.0;0.0;6994.0;55.0;6995.0;182.0;0.0;0.0;6993.5;394.0625
1;30093.0;6991.0;292.0;0.0;0.0;0.0;0.0;6993.0;98.0;6994.0;194.0;0.0;0.0;6992.0;522.4375
1;30094.0;6989.0;236.0;0.0;0.0;0.0;0.0;6991.0;227.0;0.0;0.0;0.0;0.0;6990.0;801.5
1;30095.0;6991.0;249.0;0.0;0.0;0.0;0.0;6993.0;249.0;0.0;0.0;0.0;0.0;6992.0;583.375
1;30096.0;6993.0;63.0;6992.0;128.0;0.0;0.0;6994.0;63.0;6995.0;128.0;0.0;0.0;6993.5;344.5
1;30097.0;6992.0;259.0;0.0;0.0;0.0;0.0;6994.0;61.0;6995.0;198.0;0.0;0.0;6993.0;386.6875
1;30098.0;6993.0;75.0;6992.0;134.0;0.0;0.0;6994.0;75.0;6995.0;134.0;0.0;0.0;6993.5;377.75
1;30099.0;6994.0;214.0;0.0;0.0;0.0;0.0;6996.0;214.0;0.0;0.0;0.0;0.0;6995.0;148.75
1;30100.0;6993.0;250.0;0.0;0.0;0.0;0.0;6995.0;250.0;0.0;0.0;0.0;0.0;6994.0;300.9375
1;30101.0;6993.0;225.0;0.0;0.0;0.0;0.0;6995.0;225.0;0.0;0.0;0.0;0.0;6994.0;285.0
1;30102.0;6994.0;211.0;0.0;0.0;0.0;0.0;6996.0;211.0;0.0;0.0;0.0;0.0;6995.0;166.25
1;30103.0;6996.0;261.0;0.0;0.0;0.0;0.0;6998.0;268.0;0.0;0.0;0.0;0.0;6997.0;-79.4375
1;30104.0;6995.0;198.0;0.0;0.0;0.0;0.0;6997.0;198.0;0.0;0.0;0.0;0.0;6996.0;38.0
1;30105.0;6994.0;193.0;0.0;0.0;0.0;0.0;6996.0;193.0;0.0;0.0;0.0;0.0;6995.0;157.1875
1;30106.0;6995.0;69.0;6994.0;125.0;0.0;0.0;6996.0;69.0;6997.0;125.0;0.0;0.0;6995.5;130.3125
1;30107.0;6994.0;252.0;0.0;0.0;0.0;0.0;6996.0;252.0;0.0;0.0;0.0;0.0;6995.0;215.1875
1;30108.0;6996.0;65.0;6995.0;167.0;0.0;0.0;6997.0;65.0;6998.0;167.0;0.0;0.0;6996.5;-9.125
1;30109.0;6995.0;89.0;6994.0;177.0;0.0;0.0;6996.0;89.0;6997.0;177.0;0.0;0.0;6995.5;100.75
1;30110.0;6995.0;240.0;0.0;0.0;0.0;0.0;6997.0;240.0;0.0;0.0;0.0;0.0;6996.0;74.0625
1;30111.0;6995.0;277.0;0.0;0.0;0.0;0.0;6997.0;277.0;0.0;0.0;0.0;0.0;6996.0;49.3125
1;30112.0;6995.0;227.0;0.0;0.0;0.0;0.0;6997.0;227.0;0.0;0.0;0.0;0.0;6996.0;89.4375
1;30113.0;6993.0;175.0;0.0;0.0;0.0;0.0;6995.0;175.0;0.0;0.0;0.0;0.0;6994.0;334.8125
1;30114.0;6995.0;11.0;6994.0;232.0;0.0;0.0;6996.0;232.0;0.0;0.0;0.0;0.0;6995.5;143.0625
1;30115.0;6995.0;59.0;6994.0;133.0;0.0;0.0;6996.0;59.0;6997.0;133.0;0.0;0.0;6995.5;114.875
1;30116.0;6995.0;244.0;0.0;0.0;0.0;0.0;6997.0;244.0;0.0;0.0;0.0;0.0;6996.0;16.0
1;30117.0;6996.0;229.0;0.0;0.0;0.0;0.0;6998.0;229.0;0.0;0.0;0.0;0.0;6997.0;-69.625
1;30118.0;6995.0;254.0;0.0;0.0;0.0;0.0;6997.0;254.0;0.0;0.0;0.0;0.0;6996.0;12.8125
1;30119.0;6995.0;249.0;0.0;0.0;0.0;0.0;6997.0;249.0;0.0;0.0;0.0;0.0;6996.0;76.6875
1;30120.0;6994.0;212.0;0.0;0.0;0.0;0.0;6996.0;96.0;6997.0;116.0;0.0;0.0;6995.0;141.1875
1;30121.0;6996.0;96.0;6995.0;146.0;0.0;0.0;6997.0;96.0;6998.0;146.0;0.0;0.0;6996.5;-44.3125
1;30122.0;6995.0;210.0;0.0;0.0;0.0;0.0;6997.0;210.0;0.0;0.0;0.0;0.0;6996.0;36.625
1;30123.0;6993.0;74.0;6992.0;187.0;0.0;0.0;6994.0;74.0;6995.0;187.0;0.0;0.0;6993.5;381.6875
1;30124.0;6992.0;239.0;0.0;0.0;0.0;0.0;6994.0;239.0;0.0;0.0;0.0;0.0;6993.0;431.0
1;30125.0;6991.0;272.0;0.0;0.0;0.0;0.0;6993.0;272.0;0.0;0.0;0.0;0.0;6992.0;572.375
1;30126.0;6992.0;292.0;0.0;0.0;0.0;0.0;6994.0;292.0;0.0;0.0;0.0;0.0;6993.0;415.6875
1;30127.0;6992.0;100.0;6991.0;125.0;0.0;0.0;6993.0;100.0;6994.0;125.0;0.0;0.0;6992.5;522.125
1;30128.0;6992.0;269.0;0.0;0.0;0.0;0.0;6994.0;269.0;0.0;0.0;0.0;0.0;6993.0;459.25
1;30129.0;6992.0;242.0;0.0;0.0;0.0;0.0;6994.0;242.0;0.0;0.0;0.0;0.0;6993.0;469.9375
1;30130.0;6992.0;189.0;0.0;0.0;0.0;0.0;6994.0;189.0;0.0;0.0;0.0;0.0;6993.0;443.625
1;30131.0;6991.0;205.0;0.0;0.0;0.0;0.0;6993.0;205.0;0.0;0.0;0.0;0.0;6992.0;589.4375
1;30132.0;6991.0;76.0;6990.0;190.0;0.0;0.0;6992.0;76.0;6993.0;190.0;0.0;0.0;6991.5;666.0625
1;30133.0;6991.0;62.0;6990.0;132.0;0.0;0.0;6992.0;62.0;6993.0;132.0;0.0;0.0;6991.5;685.5
1;30134.0;6991.0;258.0;0.0;0.0;0.0;0.0;6993.0;268.0;0.0;0.0;0.0;0.0;6992.0;602.75
1;30135.0;6992.0;6.0;6991.0;252.0;0.0;0.0;6993.0;252.0;0.0;0.0;0.0;0.0;6992.5;533.625
1;30136.0;6990.0;233.0;0.0;0.0;0.0;0.0;6992.0;233.0;0.0;0.0;0.0;0.0;6991.0;750.0
1;30137.0;6990.0;74.0;6989.0;158.0;0.0;0.0;6991.0;74.0;6992.0;158.0;0.0;0.0;6990.5;811.125
1;30138.0;6991.0;68.0;6990.0;112.0;0.0;0.0;6992.0;80.0;6993.0;112.0;0.0;0.0;6991.5;632.125
1;30139.0;6992.0;58.0;6991.0;194.0;0.0;0.0;6993.0;58.0;6994.0;194.0;0.0;0.0;6992.5;500.5
1;30140.0;6991.0;202.0;0.0;0.0;0.0;0.0;6993.0;202.0;0.0;0.0;0.0;0.0;6992.0;612.0
1;30141.0;6990.0;225.0;0.0;0.0;0.0;0.0;6992.0;225.0;0.0;0.0;0.0;0.0;6991.0;713.5
1;30142.0;6992.0;234.0;0.0;0.0;0.0;0.0;6994.0;234.0;0.0;0.0;0.0;0.0;6993.0;414.625
1;30143.0;6993.0;90.0;6992.0;167.0;0.0;0.0;6994.0;90.0;6995.0;167.0;0.0;0.0;6993.5;278.75
1;30144.0;6991.0;246.0;0.0;0.0;0.0;0.0;6993.0;246.0;0.0;0.0;0.0;0.0;6992.0;614.375
1;30145.0;6993.0;254.0;0.0;0.0;0.0;0.0;6995.0;254.0;0.0;0.0;0.0;0.0;6994.0;210.25
1;30146.0;6994.0;228.0;0.0;0.0;0.0;0.0;6996.0;221.0;0.0;0.0;0.0;0.0;6995.0;77.75
1;30147.0;6994.0;219.0;0.0;0.0;0.0;0.0;6995.0;4.0;6996.0;219.0;0.0;0.0;6994.5;27.125
1;30148.0;6994.0;93.0;6993.0;159.0;0.0;0.0;6995.0;96.0;6996.0;159.0;0.0;0.0;6994.5;123.875
1;30149.0;6992.0;252.0;0.0;0.0;0.0;0.0;6994.0;252.0;0.0;0.0;0.0;0.0;6993.0;342.5
1;30150.0;6992.0;71.0;6991.0;193.0;0.0;0.0;6993.0;71.0;6994.0;193.0;0.0;0.0;6992.5;472.875
1;30151.0;6991.0;90.0;6990.0;181.0;0.0;0.0;6992.0;90.0;6993.0;181.0;0.0;0.0;6991.5;632.25
1;30152.0;6990.0;90.0;6989.0;145.0;0.0;0.0;6991.0;90.0;6992.0;145.0;0.0;0.0;6990.5;865.75
1;30153.0;6987.0;238.0;0.0;0.0;0.0;0.0;6989.0;238.0;0.0;0.0;0.0;0.0;6988.0;1280.25
1;30154.0;6989.0;89.0;6988.0;117.0;0.0;0.0;6990.0;89.0;6991.0;117.0;0.0;0.0;6989.5;1001.375
1;30155.0;6990.0;180.0;0.0;0.0;0.0;0.0;6992.0;180.0;0.0;0.0;0.0;0.0;6991.0;735.0
1;30156.0;6991.0;53.0;6990.0;180.0;0.0;0.0;6993.0;233.0;0.0;0.0;0.0;0.0;6992.0;622.25
1;30157.0;6991.0;195.0;0.0;0.0;0.0;0.0;6993.0;195.0;0.0;0.0;0.0;0.0;6992.0;598.625
1;30158.0;6990.0;193.0;0.0;0.0;0.0;0.0;6992.0;193.0;0.0;0.0;0.0;0.0;6991.0;733.375
1;30159.0;6990.0;98.0;6989.0;107.0;0.0;0.0;6991.0;98.0;6992.0;107.0;0.0;0.0;6990.5;833.625
1;30160.0;6990.0;94.0;6989.0;156.0;0.0;0.0;6991.0;94.0;6992.0;156.0;0.0;0.0;6990.5;847.25
1;30161.0;6989.0;86.0;6988.0;162.0;0.0;0.0;6990.0;86.0;6991.0;162.0;0.0;0.0;6989.5;1035.375
1;30162.0;6989.0;210.0;0.0;0.0;0.0;0.0;6991.0;210.0;0.0;0.0;0.0;0.0;6990.0;977.75
1;30163.0;6989.0;207.0;0.0;0.0;0.0;0.0;6991.0;207.0;0.0;0.0;0.0;0.0;6990.0;990.625
1;30164.0;6989.0;61.0;6988.0;133.0;0.0;0.0;6990.0;73.0;6991.0;133.0;0.0;0.0;6989.5;1057.75
1;30165.0;6989.0;50.0;6988.0;171.0;0.0;0.0;6990.0;50.0;6991.0;171.0;0.0;0.0;6989.5;1020.125
1;30166.0;6989.0;66.0;6988.0;119.0;0.0;0.0;6990.0;66.0;6991.0;119.0;0.0;0.0;6989.5;1008.125
1;30167.0;6990.0;82.0;6989.0;112.0;0.0;0.0;6992.0;194.0;0.0;0.0;0.0;0.0;6991.0;796.375
1;30168.0;6990.0;78.0;6989.0;116.0;0.0;0.0;6991.0;78.0;6992.0;116.0;0.0;0.0;6990.5;856.125
1;30169.0;6988.0;201.0;0.0;0.0;0.0;0.0;6990.0;201.0;0.0;0.0;0.0;0.0;6989.0;1076.375
1;30170.0;6989.0;62.0;6988.0;129.0;0.0;0.0;6990.0;54.0;6991.0;129.0;0.0;0.0;6989.5;1007.375
1;30171.0;6990.0;246.0;0.0;0.0;0.0;0.0;6992.0;246.0;0.0;0.0;0.0;0.0;6991.0;721.25
1;30172.0;6992.0;253.0;0.0;0.0;0.0;0.0;6994.0;253.0;0.0;0.0;0.0;0.0;6993.0;313.625
1;30173.0;6993.0;198.0;0.0;0.0;0.0;0.0;6995.0;198.0;0.0;0.0;0.0;0.0;6994.0;110.5
1;30174.0;6992.0;89.0;6991.0;127.0;0.0;0.0;6994.0;216.0;0.0;0.0;0.0;0.0;6993.0;388.75
1;30175.0;6991.0;208.0;0.0;0.0;0.0;0.0;6993.0;208.0;0.0;0.0;0.0;0.0;6992.0;550.0
1;30176.0;6989.0;235.0;0.0;0.0;0.0;0.0;6991.0;235.0;0.0;0.0;0.0;0.0;6990.0;885.75
1;30177.0;6989.0;212.0;0.0;0.0;0.0;0.0;6991.0;72.0;6992.0;140.0;0.0;0.0;6990.0;858.625
1;30178.0;6989.0;196.0;0.0;0.0;0.0;0.0;6991.0;196.0;0.0;0.0;0.0;0.0;6990.0;893.25
1;30179.0;6988.0;252.0;0.0;0.0;0.0;0.0;6990.0;252.0;0.0;0.0;0.0;0.0;6989.0;1113.25
1;30180.0;6990.0;235.0;0.0;0.0;0.0;0.0;6992.0;235.0;0.0;0.0;0.0;0.0;6991.0;757.375
1;30181.0;6991.0;204.0;0.0;0.0;0.0;0.0;6993.0;204.0;0.0;0.0;0.0;0.0;6992.0;551.375
1;30182.0;6991.0;76.0;6990.0;170.0;0.0;0.0;6992.0;88.0;6993.0;170.0;0.0;0.0;6991.5;623.25
1;30183.0;6992.0;106.0;6991.0;140.0;0.0;0.0;6993.0;95.0;6994.0;140.0;0.0;0.0;6992.5;407.625
1;30184.0;6989.0;199.0;0.0;0.0;0.0;0.0;6991.0;199.0;0.0;0.0;0.0;0.0;6990.0;877.875
1;30185.0;6990.0;194.0;0.0;0.0;0.0;0.0;6992.0;194.0;0.0;0.0;0.0;0.0;6991.0;756.5
1;30186.0;6990.0;205.0;0.0;0.0;0.0;0.0;6992.0;205.0;0.0;0.0;0.0;0.0;6991.0;702.75
1;30187.0;6993.0;72.0;6992.0;165.0;0.0;0.0;6995.0;237.0;0.0;0.0;0.0;0.0;6994.0;158.875
1;30188.0;6994.0;239.0;0.0;0.0;0.0;0.0;6995.0;9.0;6996.0;239.0;0.0;0.0;6994.5;-172.375
1;30189.0;6995.0;254.0;0.0;0.0;0.0;0.0;6997.0;254.0;0.0;0.0;0.0;0.0;6996.0;-342.625
1;30190.0;6995.0;225.0;0.0;0.0;0.0;0.0;6997.0;225.0;0.0;0.0;0.0;0.0;6996.0;-293.25
1;30191.0;6995.0;54.0;6994.0;191.0;0.0;0.0;6996.0;54.0;6997.0;191.0;0.0;0.0;6995.5;-215.875
1;30192.0;6995.0;229.0;0.0;0.0;0.0;0.0;6997.0;229.0;0.0;0.0;0.0;0.0;6996.0;-321.375
1;30193.0;6995.0;259.0;0.0;0.0;0.0;0.0;6997.0;259.0;0.0;0.0;0.0;0.0;6996.0;-300.625
1;30194.0;6994.0;268.0;0.0;0.0;0.0;0.0;6996.0;268.0;0.0;0.0;0.0;0.0;6995.0;-166.375
1;30195.0;6996.0;241.0;0.0;0.0;0.0;0.0;6998.0;241.0;0.0;0.0;0.0;0.0;6997.0;-495.125
1;30196.0;6995.0;203.0;0.0;0.0;0.0;0.0;6997.0;68.0;6998.0;135.0;0.0;0.0;6996.0;-408.25
1;30197.0;6994.0;89.0;6993.0;183.0;0.0;0.0;6995.0;89.0;6996.0;183.0;0.0;0.0;6994.5;-21.0
1;30198.0;6994.0;197.0;0.0;0.0;0.0;0.0;6996.0;197.0;0.0;0.0;0.0;0.0;6995.0;-128.5
1;30199.0;6994.0;61.0;6993.0;143.0;0.0;0.0;6995.0;61.0;6996.0;143.0;0.0;0.0;6994.5;-21.25
1;30200.0;6994.0;170.0;0.0;0.0;0.0;0.0;6996.0;170.0;0.0;0.0;0.0;0.0;6995.0;-81.875
1;30201.0;6995.0;229.0;0.0;0.0;0.0;0.0;6997.0;229.0;0.0;0.0;0.0;0.0;6996.0;-304.25
1;30202.0;6994.0;55.0;6993.0;199.0;0.0;0.0;6995.0;55.0;6996.0;199.0;0.0;0.0;6994.5;-25.0
1;30203.0;6992.0;80.0;6991.0;138.0;0.0;0.0;6993.0;80.0;6994.0;138.0;0.0;0.0;6992.5;394.5
1;30204.0;6991.0;71.0;6990.0;166.0;0.0;0.0;6992.0;71.0;6993.0;166.0;0.0;0.0;6991.5;624.75
1;30205.0;6992.0;71.0;6991.0;180.0;0.0;0.0;6993.0;71.0;6994.0;180.0;0.0;0.0;6992.5;432.125
1;30206.0;6993.0;276.0;0.0;0.0;0.0;0.0;6995.0;76.0;6996.0;200.0;0.0;0.0;6994.0;-6.0
1;30207.0;6995.0;220.0;0.0;0.0;0.0;0.0;6997.0;220.0;0.0;0.0;0.0;0.0;6996.0;-395.75
1;30208.0;6995.0;67.0;6994.0;157.0;0.0;0.0;6997.0;224.0;0.0;0.0;0.0;0.0;6996.0;-299.0
1;30209.0;6995.0;47.0;6994.0;200.0;0.0;0.0;6997.0;259.0;0.0;0.0;0.0;0.0;6996.0;-309.75
1;30210.0;6995.0;247.0;0.0;0.0;0.0;0.0;6997.0;247.0;0.0;0.0;0.0;0.0;6996.0;-424.0
1;30211.0;6994.0;246.0;0.0;0.0;0.0;0.0;6996.0;51.0;6997.0;195.0;0.0;0.0;6995.0;-222.875
1;30212.0;6994.0;293.0;0.0;0.0;0.0;0.0;6996.0;95.0;6997.0;198.0;0.0;0.0;6995.0;-227.5
1;30213.0;6994.0;246.0;0.0;0.0;0.0;0.0;6996.0;246.0;0.0;0.0;0.0;0.0;6995.0;-186.625
1;30214.0;6996.0;85.0;6995.0;150.0;0.0;0.0;6997.0;85.0;6998.0;150.0;0.0;0.0;6996.5;-496.375
1;30215.0;6995.0;242.0;0.0;0.0;0.0;0.0;6997.0;242.0;0.0;0.0;0.0;0.0;6996.0;-379.125
1;30216.0;6997.0;226.0;0.0;0.0;0.0;0.0;6999.0;226.0;0.0;0.0;0.0;0.0;6998.0;-893.0
1;30217.0;6998.0;274.0;0.0;0.0;0.0;0.0;7000.0;274.0;0.0;0.0;0.0;0.0;6999.0;-1124.75
1;30218.0;6998.0;254.0;0.0;0.0;0.0;0.0;7000.0;254.0;0.0;0.0;0.0;0.0;6999.0;-1169.875
1;30219.0;6996.0;260.0;0.0;0.0;0.0;0.0;6998.0;98.0;6999.0;162.0;0.0;0.0;6997.0;-729.0
1;30220.0;6997.0;92.0;6996.0;152.0;0.0;0.0;6998.0;92.0;6999.0;152.0;0.0;0.0;6997.5;-786.625
1;30221.0;6997.0;87.0;6996.0;107.0;0.0;0.0;6999.0;194.0;0.0;0.0;0.0;0.0;6998.0;-811.75
1;30222.0;6998.0;205.0;0.0;0.0;0.0;0.0;7000.0;205.0;0.0;0.0;0.0;0.0;6999.0;-1193.125
1;30223.0;6999.0;82.0;6998.0;200.0;0.0;0.0;7000.0;82.0;7001.0;200.0;0.0;0.0;6999.5;-1298.625
1;30224.0;7001.0;254.0;0.0;0.0;0.0;0.0;7003.0;254.0;0.0;0.0;0.0;0.0;7002.0;-1903.0
1;30225.0;7001.0;224.0;0.0;0.0;0.0;0.0;7003.0;224.0;0.0;0.0;0.0;0.0;7002.0;-1883.875
1;30226.0;6999.0;255.0;0.0;0.0;0.0;0.0;7001.0;255.0;0.0;0.0;0.0;0.0;7000.0;-1437.75
1;30227.0;7000.0;248.0;0.0;0.0;0.0;0.0;7002.0;237.0;0.0;0.0;0.0;0.0;7001.0;-1596.125
1;30228.0;6999.0;94.0;6998.0;117.0;0.0;0.0;7000.0;94.0;7001.0;117.0;0.0;0.0;6999.5;-1234.125
1;30229.0;6999.0;54.0;6998.0;154.0;0.0;0.0;7000.0;54.0;7001.0;154.0;0.0;0.0;6999.5;-1268.5
1;30230.0;6998.0;201.0;0.0;0.0;0.0;0.0;7000.0;201.0;0.0;0.0;0.0;0.0;6999.0;-1081.375
1;30231.0;6999.0;233.0;0.0;0.0;0.0;0.0;7001.0;233.0;0.0;0.0;0.0;0.0;7000.0;-1405.125
1;30232.0;6999.0;9.0;6998.0;252.0;0.0;0.0;7000.0;252.0;0.0;0.0;0.0;0.0;6999.5;-1167.75
1;30233.0;6999.0;212.0;0.0;0.0;0.0;0.0;7001.0;212.0;0.0;0.0;0.0;0.0;7000.0;-1392.875
1;30234.0;6997.0;206.0;0.0;0.0;0.0;0.0;6999.0;206.0;0.0;0.0;0.0;0.0;6998.0;-921.625
1;30235.0;6998.0;259.0;0.0;0.0;0.0;0.0;7000.0;259.0;0.0;0.0;0.0;0.0;6999.0;-1208.875
1;30236.0;6997.0;192.0;0.0;0.0;0.0;0.0;6999.0;192.0;0.0;0.0;0.0;0.0;6998.0;-900.125
1;30237.0;6998.0;69.0;6997.0;162.0;0.0;0.0;6999.0;69.0;7000.0;162.0;0.0;0.0;6998.5;-991.125
1;30238.0;6999.0;77.0;6998.0;165.0;0.0;0.0;7000.0;77.0;7001.0;165.0;0.0;0.0;6999.5;-1302.25
1;30239.0;6998.0;216.0;0.0;0.0;0.0;0.0;7000.0;216.0;0.0;0.0;0.0;0.0;6999.0;-1180.125
1;30240.0;6998.0;196.0;0.0;0.0;0.0;0.0;7000.0;196.0;0.0;0.0;0.0;0.0;6999.0;-1156.625
1;30241.0;7000.0;64.0;6999.0;104.0;0.0;0.0;7001.0;64.0;7002.0;104.0;0.0;0.0;7000.5;-1524.0
1;30242.0;7000.0;188.0;0.0;0.0;0.0;0.0;7002.0;188.0;0.0;0.0;0.0;0.0;7001.0;-1572.125
1;30243.0;7000.0;178.0;0.0;0.0;0.0;0.0;7002.0;178.0;0.0;0.0;0.0;0.0;7001.0;-1602.25
1;30244.0;7002.0;95.0;7001.0;106.0;0.0;0.0;7003.0;95.0;7004.0;106.0;0.0;0.0;7002.5;-1993.875
1;30245.0;7002.0;250.0;0.0;0.0;0.0;0.0;7004.0;250.0;0.0;0.0;0.0;0.0;7003.0;-2152.375
1;30246.0;7002.0;182.0;0.0;0.0;0.0;0.0;7004.0;182.0;0.0;0.0;0.0;0.0;7003.0;-2139.125
1;30247.0;7003.0;73.0;7002.0;167.0;0.0;0.0;7004.0;73.0;7005.0;167.0;0.0;0.0;7003.5;-2257.25
1;30248.0;7001.0;9.0;7000.0;246.0;0.0;0.0;7002.0;246.0;0.0;0.0;0.0;0.0;7001.5;-1639.0
1;30249.0;6997.0;203.0;0.0;0.0;0.0;0.0;6999.0;203.0;0.0;0.0;0.0;0.0;6998.0;-879.125
1;30250.0;6996.0;261.0;0.0;0.0;0.0;0.0;6998.0;261.0;0.0;0.0;0.0;0.0;6997.0;-598.75
1;30251.0;6997.0;68.0;6996.0;152.0;0.0;0.0;6999.0;220.0;0.0;0.0;0.0;0.0;6998.0;-753.625
1;30252.0;6996.0;100.0;6995.0;148.0;0.0;0.0;6998.0;248.0;0.0;0.0;0.0;0.0;6997.0;-492.625
1;30253.0;6995.0;196.0;0.0;0.0;0.0;0.0;6997.0;196.0;0.0;0.0;0.0;0.0;6996.0;-313.375
1;30254.0;6996.0;76.0;6995.0;170.0;0.0;0.0;6997.0;76.0;6998.0;170.0;0.0;0.0;6996.5;-403.625
1;30255.0;6996.0;255.0;0.0;0.0;0.0;0.0;6998.0;255.0;0.0;0.0;0.0;0.0;6997.0;-619.75
1;30256.0;6997.0;156.0;0.0;0.0;0.0;0.0;6999.0;156.0;0.0;0.0;0.0;0.0;6998.0;-816.625
1;30257.0;6996.0;234.0;0.0;0.0;0.0;0.0;6998.0;234.0;0.0;0.0;0.0;0.0;6997.0;-648.375
1;30258.0;6997.0;292.0;0.0;0.0;0.0;0.0;6999.0;292.0;0.0;0.0;0.0;0.0;6998.0;-810.5
1;30259.0;6997.0;193.0;0.0;0.0;0.0;0.0;6999.0;193.0;0.0;0.0;0.0;0.0;6998.0;-753.625
1;30260.0;6997.0;233.0;0.0;0.0;0.0;0.0;6999.0;233.0;0.0;0.0;0.0;0.0;6998.0;-791.125
1;30261.0;6998.0;263.0;0.0;0.0;0.0;0.0;7000.0;263.0;0.0;0.0;0.0;0.0;6999.0;-1178.125
1;30262.0;7001.0;291.0;0.0;0.0;0.0;0.0;7003.0;291.0;0.0;0.0;0.0;0.0;7002.0;-1998.25
1;30263.0;6999.0;168.0;0.0;0.0;0.0;0.0;7001.0;168.0;0.0;0.0;0.0;0.0;7000.0;-1428.75
1;30264.0;6999.0;83.0;6998.0;169.0;0.0;0.0;7000.0;83.0;7001.0;169.0;0.0;0.0;6999.5;-1218.875
1;30265.0;6997.0;54.0;6996.0;189.0;0.0;0.0;6999.0;243.0;0.0;0.0;0.0;0.0;6998.0;-705.875
1;30266.0;6996.0;99.0;6995.0;183.0;0.0;0.0;6997.0;99.0;6998.0;183.0;0.0;0.0;6996.5;-346.375
1;30267.0;6997.0;158.0;0.0;0.0;0.0;0.0;6999.0;158.0;0.0;0.0;0.0;0.0;6998.0;-784.375
1;30268.0;7000.0;204.0;0.0;0.0;0.0;0.0;7002.0;204.0;0.0;0.0;0.0;0.0;7001.0;-1674.625
1;30269.0;7001.0;211.0;0.0;0.0;0.0;0.0;7003.0;211.0;0.0;0.0;0.0;0.0;7002.0;-2022.125
1;30270.0;7001.0;58.0;7000.0;147.0;0.0;0.0;7002.0;58.0;7003.0;147.0;0.0;0.0;7001.5;-1843.75
1;30271.0;6999.0;254.0;0.0;0.0;0.0;0.0;7001.0;254.0;0.0;0.0;0.0;0.0;7000.0;-1318.125
1;30272.0;6997.0;89.0;6996.0;138.0;0.0;0.0;6998.0;89.0;6999.0;138.0;0.0;0.0;6997.5;-684.125
1;30273.0;6998.0;172.0;0.0;0.0;0.0;0.0;7000.0;172.0;0.0;0.0;0.0;0.0;6999.0;-1086.25
1;30274.0;6999.0;212.0;0.0;0.0;0.0;0.0;7001.0;212.0;0.0;0.0;0.0;0.0;7000.0;-1406.875
1;30275.0;6999.0;169.0;0.0;0.0;0.0;0.0;7001.0;169.0;0.0;0.0;0.0;0.0;7000.0;-1315.375
1;30276.0;7000.0;241.0;0.0;0.0;0.0;0.0;7002.0;241.0;0.0;0.0;0.0;0.0;7001.0;-1743.125
1;30277.0;7001.0;261.0;0.0;0.0;0.0;0.0;7003.0;261.0;0.0;0.0;0.0;0.0;7002.0;-1973.125
1;30278.0;7002.0;165.0;0.0;0.0;0.0;0.0;7004.0;165.0;0.0;0.0;0.0;0.0;7003.0;-2356.75
1;30279.0;7002.0;255.0;0.0;0.0;0.0;0.0;7004.0;255.0;0.0;0.0;0.0;0.0;7003.0;-2249.875
1;30280.0;7004.0;62.0;7003.0;117.0;0.0;0.0;7005.0;62.0;7006.0;117.0;0.0;0.0;7004.5;-2729.5
1;30281.0;7002.0;286.0;0.0;0.0;0.0;0.0;7004.0;286.0;0.0;0.0;0.0;0.0;7003.0;-2272.0
1;30282.0;7003.0;87.0;7002.0;196.0;0.0;0.0;7004.0;87.0;7005.0;196.0;0.0;0.0;7003.5;-2412.375
1;30283.0;7004.0;231.0;0.0;0.0;0.0;0.0;7006.0;231.0;0.0;0.0;0.0;0.0;7005.0;-2917.75
1;30284.0;7004.0;246.0;0.0;0.0;0.0;0.0;7006.0;246.0;0.0;0.0;0.0;0.0;7005.0;-2812.625
1;30285.0;7004.0;225.0;0.0;0.0;0.0;0.0;7006.0;225.0;0.0;0.0;0.0;0.0;7005.0;-2960.25
1;30286.0;7005.0;74.0;7004.0;132.0;0.0;0.0;7006.0;74.0;7007.0;132.0;0.0;0.0;7005.5;-3053.5
1;30287.0;7004.0;170.0;0.0;0.0;0.0;0.0;7006.0;50.0;7007.0;120.0;0.0;0.0;7005.0;-2978.875
1;30288.0;7004.0;59.0;7003.0;147.0;0.0;0.0;7005.0;59.0;7006.0;147.0;0.0;0.0;7004.5;-2749.875
1;30289.0;7003.0;91.0;7002.0;136.0;0.0;0.0;7004.0;91.0;7005.0;136.0;0.0;0.0;7003.5;-2433.625
1;30290.0;7003.0;96.0;7002.0;186.0;0.0;0.0;7004.0;93.0;7005.0;186.0;0.0;0.0;7003.5;-2406.375
1;30291.0;7005.0;235.0;0.0;0.0;0.0;0.0;7007.0;235.0;0.0;0.0;0.0;0.0;7006.0;-3222.25
1;30292.0;7005.0;268.0;0.0;0.0;0.0;0.0;7007.0;268.0;0.0;0.0;0.0;0.0;7006.0;-3095.75
1;30293.0;7005.0;90.0;7004.0;106.0;0.0;0.0;7006.0;90.0;7007.0;106.0;0.0;0.0;7005.5;-2980.0
1;30294.0;7006.0;57.0;7005.0;175.0;0.0;0.0;7008.0;232.0;0.0;0.0;0.0;0.0;7007.0;-3384.5
1;30295.0;7003.0;238.0;0.0;0.0;0.0;0.0;7005.0;238.0;0.0;0.0;0.0;0.0;7004.0;-2525.75
1;30296.0;7002.0;257.0;0.0;0.0;0.0;0.0;7004.0;257.0;0.0;0.0;0.0;0.0;7003.0;-2181.0
1;30297.0;7001.0;202.0;0.0;0.0;0.0;0.0;7003.0;202.0;0.0;0.0;0.0;0.0;7002.0;-2004.25
1;30298.0;7001.0;212.0;0.0;0.0;0.0;0.0;7003.0;68.0;7004.0;144.0;0.0;0.0;7002.0;-2056.0
1;30299.0;7001.0;74.0;7000.0;187.0;0.0;0.0;7003.0;261.0;0.0;0.0;0.0;0.0;7002.0;-1866.0
1;30300.0;7001.0;89.0;7000.0;198.0;0.0;0.0;7002.0;89.0;7003.0;198.0;0.0;0.0;7001.5;-1771.5
1;30301.0;7000.0;62.0;6999.0;180.0;0.0;0.0;7001.0;62.0;7002.0;180.0;0.0;0.0;7000.5;-1539.0
1;30302.0;6999.0;240.0;0.0;0.0;0.0;0.0;7001.0;240.0;0.0;0.0;0.0;0.0;7000.0;-1375.75
1;30303.0;6999.0;180.0;0.0;0.0;0.0;0.0;7001.0;180.0;0.0;0.0;0.0;0.0;7000.0;-1389.0
1;30304.0;6998.0;266.0;0.0;0.0;0.0;0.0;7000.0;256.0;0.0;0.0;0.0;0.0;6999.0;-971.75
1;30305.0;7000.0;256.0;0.0;0.0;0.0;0.0;7002.0;256.0;0.0;0.0;0.0;0.0;7001.0;-1585.0
1;30306.0;6998.0;64.0;6997.0;163.0;0.0;0.0;6999.0;71.0;7000.0;163.0;0.0;0.0;6998.5;-884.25
1;30307.0;6999.0;94.0;6998.0;177.0;0.0;0.0;7000.0;94.0;7001.0;177.0;0.0;0.0;6999.5;-1194.25
1;30308.0;7000.0;68.0;6999.0;199.0;0.0;0.0;7001.0;68.0;7002.0;199.0;0.0;0.0;7000.5;-1492.25
1;30309.0;7000.0;63.0;6999.0;158.0;0.0;0.0;7001.0;63.0;7002.0;158.0;0.0;0.0;7000.5;-1519.25
1;30310.0;7000.0;219.0;0.0;0.0;0.0;0.0;7002.0;219.0;0.0;0.0;0.0;0.0;7001.0;-1761.0
1;30311.0;6999.0;64.0;6998.0;162.0;0.0;0.0;7000.0;64.0;7001.0;162.0;0.0;0.0;6999.5;-1232.5
1;30312.0;7000.0;59.0;6999.0;149.0;0.0;0.0;7001.0;59.0;7002.0;149.0;0.0;0.0;7000.5;-1578.5
1;30313.0;7000.0;247.0;0.0;0.0;0.0;0.0;7002.0;247.0;0.0;0.0;0.0;0.0;7001.0;-1625.25
1;30314.0;7001.0;85.0;7000.0;124.0;0.0;0.0;7002.0;85.0;7003.0;124.0;0.0;0.0;7001.5;-1818.75
1;30315.0;7002.0;94.0;7001.0;195.0;0.0;0.0;7003.0;94.0;7004.0;195.0;0.0;0.0;7002.5;-2155.5
1;30316.0;7002.0;229.0;0.0;0.0;0.0;0.0;7004.0;229.0;0.0;0.0;0.0;0.0;7003.0;-2422.5
1;30317.0;7004.0;201.0;0.0;0.0;0.0;0.0;7006.0;201.0;0.0;0.0;0.0;0.0;7005.0;-2946.5
1;30318.0;7005.0;61.0;7004.0;103.0;0.0;0.0;7006.0;61.0;7007.0;103.0;0.0;0.0;7005.5;-3120.5
1;30319.0;7006.0;185.0;0.0;0.0;0.0;0.0;7008.0;185.0;0.0;0.0;0.0;0.0;7007.0;-3624.0
1;30320.0;7005.0;192.0;0.0;0.0;0.0;0.0;7007.0;192.0;0.0;0.0;0.0;0.0;7006.0;-3271.25
1;30321.0;7006.0;237.0;0.0;0.0;0.0;0.0;7008.0;237.0;0.0;0.0;0.0;0.0;7007.0;-3654.25
1;30322.0;7004.0;222.0;0.0;0.0;0.0;0.0;7006.0;222.0;0.0;0.0;0.0;0.0;7005.0;-3031.5
1;30323.0;7004.0;53.0;7003.0;114.0;0.0;0.0;7005.0;53.0;7006.0;114.0;0.0;0.0;7004.5;-2828.5
1;30324.0;7000.0;180.0;0.0;0.0;0.0;0.0;7002.0;180.0;0.0;0.0;0.0;0.0;7001.0;-1738.5
1;30325.0;7000.0;281.0;0.0;0.0;0.0;0.0;7002.0;281.0;0.0;0.0;0.0;0.0;7001.0;-1724.75
1;30326.0;7002.0;285.0;0.0;0.0;0.0;0.0;7004.0;288.0;0.0;0.0;0.0;0.0;7003.0;-2322.75
1;30327.0;7000.0;204.0;0.0;0.0;0.0;0.0;7002.0;204.0;0.0;0.0;0.0;0.0;7001.0;-1639.5
1;30328.0;6999.0;250.0;0.0;0.0;0.0;0.0;7001.0;250.0;0.0;0.0;0.0;0.0;7000.0;-1348.75
1;30329.0;6999.0;95.0;6998.0;111.0;0.0;0.0;7000.0;95.0;7001.0;111.0;0.0;0.0;6999.5;-1175.25
1;30330.0;6998.0;77.0;6997.0;118.0;0.0;0.0;6999.0;77.0;7000.0;118.0;0.0;0.0;6998.5;-844.75
1;30331.0;6999.0;279.0;0.0;0.0;0.0;0.0;7001.0;279.0;0.0;0.0;0.0;0.0;7000.0;-1400.75
1;30332.0;6998.0;80.0;6997.0;155.0;0.0;0.0;7000.0;235.0;0.0;0.0;0.0;0.0;6999.0;-924.0
1;30333.0;7000.0;213.0;0.0;0.0;0.0;0.0;7002.0;213.0;0.0;0.0;0.0;0.0;7001.0;-1763.5
1;30334.0;7002.0;62.0;7001.0;107.0;0.0;0.0;7003.0;66.0;7004.0;107.0;0.0;0.0;7002.5;-2249.75
1;30335.0;7001.0;204.0;0.0;0.0;0.0;0.0;7003.0;90.0;7004.0;114.0;0.0;0.0;7002.0;-2136.25
1;30336.0;7003.0;253.0;0.0;0.0;0.0;0.0;7005.0;253.0;0.0;0.0;0.0;0.0;7004.0;-2757.25
1;30337.0;7004.0;63.0;7003.0;151.0;0.0;0.0;7005.0;63.0;7006.0;151.0;0.0;0.0;7004.5;-2869.75
1;30338.0;7003.0;229.0;0.0;0.0;0.0;0.0;7005.0;229.0;0.0;0.0;0.0;0.0;7004.0;-2694.75
1;30339.0;7003.0;210.0;0.0;0.0;0.0;0.0;7005.0;210.0;0.0;0.0;0.0;0.0;7004.0;-2723.5
1;30340.0;7004.0;233.0;0.0;0.0;0.0;0.0;7006.0;233.0;0.0;0.0;0.0;0.0;7005.0;-3136.25
1;30341.0;7004.0;165.0;0.0;0.0;0.0;0.0;7006.0;165.0;0.0;0.0;0.0;0.0;7005.0;-3132.5
1;30342.0;7004.0;249.0;0.0;0.0;0.0;0.0;7006.0;249.0;0.0;0.0;0.0;0.0;7005.0;-3060.25
1;30343.0;7004.0;283.0;0.0;0.0;0.0;0.0;7006.0;283.0;0.0;0.0;0.0;0.0;7005.0;-2982.75
1;30344.0;7003.0;281.0;0.0;0.0;0.0;0.0;7005.0;281.0;0.0;0.0;0.0;0.0;7004.0;-2672.0
1;30345.0;7004.0;95.0;7003.0;172.0;0.0;0.0;7005.0;95.0;7006.0;172.0;0.0;0.0;7004.5;-2876.75
1;30346.0;7004.0;71.0;7003.0;122.0;0.0;0.0;7005.0;71.0;7006.0;122.0;0.0;0.0;7004.5;-2924.75
1;30347.0;7003.0;58.0;7002.0;110.0;0.0;0.0;7004.0;58.0;7005.0;110.0;0.0;0.0;7003.5;-2560.0
1;30348.0;7002.0;194.0;0.0;0.0;0.0;0.0;7004.0;194.0;0.0;0.0;0.0;0.0;7003.0;-2409.75
1;30349.0;7002.0;238.0;0.0;0.0;0.0;0.0;7004.0;249.0;0.0;0.0;0.0;0.0;7003.0;-2372.75
1;30350.0;7000.0;253.0;0.0;0.0;0.0;0.0;7002.0;57.0;7003.0;196.0;0.0;0.0;7001.0;-1783.0
1;30351.0;7001.0;94.0;7000.0;189.0;0.0;0.0;7002.0;89.0;7003.0;189.0;0.0;0.0;7001.5;-1880.0
1;30352.0;7000.0;239.0;0.0;0.0;0.0;0.0;7002.0;239.0;0.0;0.0;0.0;0.0;7001.0;-1605.25
1;30353.0;7001.0;69.0;7000.0;110.0;0.0;0.0;7002.0;76.0;7003.0;110.0;0.0;0.0;7001.5;-1837.0
1;30354.0;7000.0;177.0;0.0;0.0;0.0;0.0;7002.0;177.0;0.0;0.0;0.0;0.0;7001.0;-1560.25
1;30355.0;7001.0;5.0;7000.0;211.0;0.0;0.0;7002.0;211.0;0.0;0.0;0.0;0.0;7001.5;-1668.0
1;30356.0;7000.0;195.0;0.0;0.0;0.0;0.0;7002.0;195.0;0.0;0.0;0.0;0.0;7001.0;-1630.5
1;30357.0;7000.0;249.0;0.0;0.0;0.0;0.0;7002.0;249.0;0.0;0.0;0.0;0.0;7001.0;-1653.0
1;30358.0;7000.0;247.0;0.0;0.0;0.0;0.0;7002.0;72.0;7003.0;175.0;0.0;0.0;7001.0;-1767.25
1;30359.0;7002.0;54.0;7001.0;122.0;0.0;0.0;7003.0;54.0;7004.0;122.0;0.0;0.0;7002.5;-2227.75
1;30360.0;7002.0;176.0;0.0;0.0;0.0;0.0;7004.0;51.0;7005.0;125.0;0.0;0.0;7003.0;-2503.25
1;30361.0;7002.0;195.0;0.0;0.0;0.0;0.0;7004.0;195.0;0.0;0.0;0.0;0.0;7003.0;-2354.75
1;30362.0;7001.0;250.0;0.0;0.0;0.0;0.0;7003.0;245.0;0.0;0.0;0.0;0.0;7002.0;-1992.75
1;30363.0;7004.0;5.0;7003.0;261.0;0.0;0.0;7005.0;261.0;0.0;0.0;0.0;0.0;7004.5;-2798.25
1;30364.0;7003.0;187.0;0.0;0.0;0.0;0.0;7005.0;199.0;0.0;0.0;0.0;0.0;7004.0;-2682.0
1;30365.0;7002.0;269.0;0.0;0.0;0.0;0.0;7003.0;5.0;7004.0;269.0;0.0;0.0;7002.5;-2503.75
1;30366.0;7001.0;207.0;0.0;0.0;0.0;0.0;7003.0;207.0;0.0;0.0;0.0;0.0;7002.0;-1932.0
1;30367.0;7001.0;98.0;7000.0;117.0;0.0;0.0;7002.0;98.0;7003.0;117.0;0.0;0.0;7001.5;-1777.5
1;30368.0;6998.0;203.0;0.0;0.0;0.0;0.0;7000.0;61.0;7001.0;142.0;0.0;0.0;6999.0;-958.25
1;30369.0;6998.0;227.0;0.0;0.0;0.0;0.0;7000.0;227.0;0.0;0.0;0.0;0.0;6999.0;-771.0
1;30370.0;6998.0;202.0;0.0;0.0;0.0;0.0;7000.0;97.0;7001.0;105.0;0.0;0.0;6999.0;-960.75
1;30371.0;6998.0;219.0;0.0;0.0;0.0;0.0;7000.0;219.0;0.0;0.0;0.0;0.0;6999.0;-810.0
1;30372.0;7000.0;260.0;0.0;0.0;0.0;0.0;7002.0;260.0;0.0;0.0;0.0;0.0;7001.0;-1733.5
1;30373.0;7001.0;211.0;0.0;0.0;0.0;0.0;7003.0;211.0;0.0;0.0;0.0;0.0;7002.0;-2012.25
1;30374.0;7003.0;189.0;0.0;0.0;0.0;0.0;7005.0;189.0;0.0;0.0;0.0;0.0;7004.0;-2737.5
1;30375.0;7002.0;99.0;7001.0;177.0;0.0;0.0;7004.0;276.0;0.0;0.0;0.0;0.0;7003.0;-2283.5
1;30376.0;7000.0;258.0;0.0;0.0;0.0;0.0;7002.0;258.0;0.0;0.0;0.0;0.0;7001.0;-1726.75
1;30377.0;6999.0;177.0;0.0;0.0;0.0;0.0;7001.0;177.0;0.0;0.0;0.0;0.0;7000.0;-1235.25
1;30378.0;7000.0;91.0;6999.0;120.0;0.0;0.0;7001.0;91.0;7002.0;120.0;0.0;0.0;7000.5;-1480.25
1;30379.0;6998.0;284.0;0.0;0.0;0.0;0.0;7000.0;284.0;0.0;0.0;0.0;0.0;6999.0;-834.5
1;30380.0;6998.0;217.0;0.0;0.0;0.0;0.0;7000.0;217.0;0.0;0.0;0.0;0.0;6999.0;-948.25
1;30381.0;6998.0;220.0;0.0;0.0;0.0;0.0;7000.0;220.0;0.0;0.0;0.0;0.0;6999.0;-798.75
1;30382.0;6999.0;255.0;0.0;0.0;0.0;0.0;7001.0;255.0;0.0;0.0;0.0;0.0;7000.0;-1256.25
1;30383.0;6998.0;242.0;0.0;0.0;0.0;0.0;7000.0;50.0;7001.0;192.0;0.0;0.0;6999.0;-955.25
1;30384.0;6998.0;191.0;0.0;0.0;0.0;0.0;7000.0;191.0;0.0;0.0;0.0;0.0;6999.0;-747.25
1;30385.0;6999.0;225.0;0.0;0.0;0.0;0.0;7001.0;225.0;0.0;0.0;0.0;0.0;7000.0;-1159.25
1;30386.0;6997.0;184.0;0.0;0.0;0.0;0.0;6999.0;184.0;0.0;0.0;0.0;0.0;6998.0;-341.5
1;30387.0;6997.0;212.0;0.0;0.0;0.0;0.0;6999.0;212.0;0.0;0.0;0.0;0.0;6998.0;-528.5
1;30388.0;6998.0;69.0;6997.0;174.0;0.0;0.0;6999.0;69.0;7000.0;174.0;0.0;0.0;6998.5;-590.25
1;30389.0;6997.0;237.0;0.0;0.0;0.0;0.0;6999.0;237.0;0.0;0.0;0.0;0.0;6998.0;-425.25
1;30390.0;6997.0;250.0;0.0;0.0;0.0;0.0;6999.0;250.0;0.0;0.0;0.0;0.0;6998.0;-332.0
1;30391.0;6998.0;194.0;0.0;0.0;0.0;0.0;7000.0;194.0;0.0;0.0;0.0;0.0;6999.0;-819.5
1;30392.0;6999.0;204.0;0.0;0.0;0.0;0.0;7001.0;204.0;0.0;0.0;0.0;0.0;7000.0;-1302.5
1;30393.0;7001.0;66.0;7000.0;127.0;0.0;0.0;7002.0;66.0;7003.0;127.0;0.0;0.0;7001.5;-1855.25
1;30394.0;7002.0;201.0;0.0;0.0;0.0;0.0;7004.0;201.0;0.0;0.0;0.0;0.0;7003.0;-2401.25
1;30395.0;7001.0;179.0;0.0;0.0;0.0;0.0;7003.0;179.0;0.0;0.0;0.0;0.0;7002.0;-2136.25
1;30396.0;7002.0;266.0;0.0;0.0;0.0;0.0;7004.0;266.0;0.0;0.0;0.0;0.0;7003.0;-2479.25
1;30397.0;7002.0;205.0;0.0;0.0;0.0;0.0;7004.0;205.0;0.0;0.0;0.0;0.0;7003.0;-2536.0
1;30398.0;7005.0;89.0;7004.0;179.0;0.0;0.0;7006.0;89.0;7007.0;179.0;0.0;0.0;7005.5;-3531.25
1;30399.0;7006.0;54.0;7005.0;191.0;0.0;0.0;7007.0;54.0;7008.0;191.0;0.0;0.0;7006.5;-3904.5
1;30400.0;7006.0;237.0;0.0;0.0;0.0;0.0;7008.0;237.0;0.0;0.0;0.0;0.0;7007.0;-4062.0
1;30401.0;7005.0;203.0;0.0;0.0;0.0;0.0;7007.0;203.0;0.0;0.0;0.0;0.0;7006.0;-3586.25
1;30402.0;7006.0;94.0;7005.0;116.0;0.0;0.0;7007.0;94.0;7008.0;116.0;0.0;0.0;7006.5;-3852.0
1;30403.0;7006.0;211.0;0.0;0.0;0.0;0.0;7008.0;211.0;0.0;0.0;0.0;0.0;7007.0;-4052.25
1;30404.0;7006.0;213.0;0.0;0.0;0.0;0.0;7008.0;213.0;0.0;0.0;0.0;0.0;7007.0;-3984.5
1;30405.0;7004.0;182.0;0.0;0.0;0.0;0.0;7006.0;182.0;0.0;0.0;0.0;0.0;7005.0;-3177.5
1;30406.0;7004.0;201.0;0.0;0.0;0.0;0.0;7006.0;206.0;0.0;0.0;0.0;0.0;7005.0;-3222.25
1;30407.0;7006.0;259.0;0.0;0.0;0.0;0.0;7008.0;259.0;0.0;0.0;0.0;0.0;7007.0;-3992.25
1;30408.0;7006.0;237.0;0.0;0.0;0.0;0.0;7008.0;237.0;0.0;0.0;0.0;0.0;7007.0;-3996.0
1;30409.0;7006.0;226.0;0.0;0.0;0.0;0.0;7008.0;226.0;0.0;0.0;0.0;0.0;7007.0;-4036.75
1;30410.0;7006.0;243.0;0.0;0.0;0.0;0.0;7008.0;243.0;0.0;0.0;0.0;0.0;7007.0;-4211.0
1;30411.0;7008.0;48.0;7007.0;187.0;0.0;0.0;7009.0;55.0;7010.0;187.0;0.0;0.0;7008.5;-4692.75
1;30412.0;7008.0;54.0;7007.0;123.0;0.0;0.0;7009.0;54.0;7010.0;123.0;0.0;0.0;7008.5;-4693.75
1;30413.0;7008.0;188.0;0.0;0.0;0.0;0.0;7010.0;198.0;0.0;0.0;0.0;0.0;7009.0;-4868.25
1;30414.0;7005.0;221.0;0.0;0.0;0.0;0.0;7007.0;221.0;0.0;0.0;0.0;0.0;7006.0;-3758.0
1;30415.0;7004.0;281.0;0.0;0.0;0.0;0.0;7005.0;3.0;7006.0;281.0;0.0;0.0;7004.5;-3324.5
1;30416.0;7003.0;72.0;7002.0;189.0;0.0;0.0;7005.0;261.0;0.0;0.0;0.0;0.0;7004.0;-2625.75
1;30417.0;7004.0;52.0;7003.0;136.0;0.0;0.0;7005.0;52.0;7006.0;136.0;0.0;0.0;7004.5;-3017.25
1;30418.0;7003.0;201.0;0.0;0.0;0.0;0.0;7005.0;201.0;0.0;0.0;0.0;0.0;7004.0;-2884.25
1;30419.0;7004.0;226.0;0.0;0.0;0.0;0.0;7006.0;226.0;0.0;0.0;0.0;0.0;7005.0;-3116.25
1;30420.0;7001.0;291.0;0.0;0.0;0.0;0.0;7003.0;291.0;0.0;0.0;0.0;0.0;7002.0;-1884.0
1;30421.0;6999.0;234.0;0.0;0.0;0.0;0.0;7001.0;234.0;0.0;0.0;0.0;0.0;7000.0;-1071.75
1;30422.0;6999.0;269.0;0.0;0.0;0.0;0.0;7001.0;269.0;0.0;0.0;0.0;0.0;7000.0;-964.75
1;30423.0;7000.0;7.0;6999.0;244.0;0.0;0.0;7001.0;244.0;0.0;0.0;0.0;0.0;7000.5;-1126.0
1;30424.0;7001.0;281.0;0.0;0.0;0.0;0.0;7003.0;281.0;0.0;0.0;0.0;0.0;7002.0;-1952.75
1;30425.0;7002.0;261.0;0.0;0.0;0.0;0.0;7004.0;261.0;0.0;0.0;0.0;0.0;7003.0;-2454.0
1;30426.0;7001.0;239.0;0.0;0.0;0.0;0.0;7002.0;12.0;7003.0;239.0;0.0;0.0;7001.5;-1995.0
1;30427.0;7000.0;238.0;0.0;0.0;0.0;0.0;7002.0;238.0;0.0;0.0;0.0;0.0;7001.0;-1360.0
1;30428.0;6998.0;222.0;0.0;0.0;0.0;0.0;7000.0;222.0;0.0;0.0;0.0;0.0;6999.0;-490.5
1;30429.0;7000.0;99.0;6999.0;168.0;0.0;0.0;7001.0;99.0;7002.0;168.0;0.0;0.0;7000.5;-1239.5
1;30430.0;7001.0;99.0;7000.0;152.0;0.0;0.0;7002.0;99.0;7003.0;152.0;0.0;0.0;7001.5;-1605.25
1;30431.0;7000.0;244.0;0.0;0.0;0.0;0.0;7002.0;244.0;0.0;0.0;0.0;0.0;7001.0;-1540.0
1;30432.0;7002.0;71.0;7001.0;180.0;0.0;0.0;7003.0;71.0;7004.0;180.0;0.0;0.0;7002.5;-2100.5
1;30433.0;7002.0;251.0;0.0;0.0;0.0;0.0;7004.0;248.0;0.0;0.0;0.0;0.0;7003.0;-2221.5
1;30434.0;7001.0;58.0;7000.0;169.0;0.0;0.0;7002.0;58.0;7003.0;169.0;0.0;0.0;7001.5;-1719.75
1;30435.0;7003.0;68.0;7002.0;149.0;0.0;0.0;7004.0;68.0;7005.0;149.0;0.0;0.0;7003.5;-2574.5
1;30436.0;7000.0;245.0;0.0;0.0;0.0;0.0;7001.0;11.0;7002.0;245.0;0.0;0.0;7000.5;-1534.5
1;30437.0;7001.0;203.0;0.0;0.0;0.0;0.0;7003.0;203.0;0.0;0.0;0.0;0.0;7002.0;-1929.25
1;30438.0;7001.0;157.0;0.0;0.0;0.0;0.0;7003.0;157.0;0.0;0.0;0.0;0.0;7002.0;-1930.5
1;30439.0;7000.0;225.0;0.0;0.0;0.0;0.0;7002.0;94.0;7003.0;131.0;0.0;0.0;7001.0;-1571.0
1;30440.0;7001.0;261.0;0.0;0.0;0.0;0.0;7003.0;261.0;0.0;0.0;0.0;0.0;7002.0;-1873.75
1;30441.0;7000.0;224.0;0.0;0.0;0.0;0.0;7002.0;219.0;0.0;0.0;0.0;0.0;7001.0;-1284.0
1;30442.0;7002.0;71.0;7001.0;176.0;0.0;0.0;7004.0;247.0;0.0;0.0;0.0;0.0;7003.0;-2185.75
1;30443.0;7002.0;69.0;7001.0;122.0;0.0;0.0;7003.0;69.0;7004.0;122.0;0.0;0.0;7002.5;-2157.0
1;30444.0;6999.0;294.0;0.0;0.0;0.0;0.0;7001.0;294.0;0.0;0.0;0.0;0.0;7000.0;-1052.75
1;30445.0;6999.0;83.0;6998.0;183.0;0.0;0.0;7001.0;266.0;0.0;0.0;0.0;0.0;7000.0;-805.25
1;30446.0;6999.0;213.0;0.0;0.0;0.0;0.0;7001.0;213.0;0.0;0.0;0.0;0.0;7000.0;-925.5
1;30447.0;6998.0;199.0;0.0;0.0;0.0;0.0;7000.0;199.0;0.0;0.0;0.0;0.0;6999.0;-607.0
1;30448.0;6997.0;174.0;0.0;0.0;0.0;0.0;6999.0;174.0;0.0;0.0;0.0;0.0;6998.0;-168.5
1;30449.0;6997.0;251.0;0.0;0.0;0.0;0.0;6999.0;251.0;0.0;0.0;0.0;0.0;6998.0;-2.0
1;30450.0;6997.0;267.0;0.0;0.0;0.0;0.0;6999.0;267.0;0.0;0.0;0.0;0.0;6998.0;-114.25
1;30451.0;6998.0;198.0;0.0;0.0;0.0;0.0;7000.0;198.0;0.0;0.0;0.0;0.0;6999.0;-629.5
1;30452.0;6999.0;227.0;0.0;0.0;0.0;0.0;7001.0;227.0;0.0;0.0;0.0;0.0;7000.0;-917.0
1;30453.0;7000.0;84.0;6999.0;131.0;0.0;0.0;7001.0;84.0;7002.0;131.0;0.0;0.0;7000.5;-1163.0
1;30454.0;7000.0;94.0;6999.0;121.0;0.0;0.0;7001.0;94.0;7002.0;121.0;0.0;0.0;7000.5;-1249.0
1;30455.0;7001.0;204.0;0.0;0.0;0.0;0.0;7003.0;204.0;0.0;0.0;0.0;0.0;7002.0;-1864.5
1;30456.0;7001.0;250.0;0.0;0.0;0.0;0.0;7003.0;95.0;7004.0;155.0;0.0;0.0;7002.0;-2046.75
1;30457.0;7000.0;261.0;0.0;0.0;0.0;0.0;7002.0;261.0;0.0;0.0;0.0;0.0;7001.0;-1553.0
1;30458.0;7002.0;232.0;0.0;0.0;0.0;0.0;7004.0;232.0;0.0;0.0;0.0;0.0;7003.0;-2318.0
1;30459.0;7002.0;196.0;0.0;0.0;0.0;0.0;7004.0;196.0;0.0;0.0;0.0;0.0;7003.0;-2487.25
1;30460.0;7002.0;291.0;0.0;0.0;0.0;0.0;7004.0;291.0;0.0;0.0;0.0;0.0;7003.0;-2253.0
1;30461.0;7003.0;287.0;0.0;0.0;0.0;0.0;7005.0;287.0;0.0;0.0;0.0;0.0;7004.0;-2734.5
1;30462.0;7004.0;80.0;7003.0;115.0;0.0;0.0;7005.0;80.0;7006.0;115.0;0.0;0.0;7004.5;-3055.0
1;30463.0;7003.0;227.0;0.0;0.0;0.0;0.0;7005.0;98.0;7006.0;129.0;0.0;0.0;7004.0;-2966.75
1;30464.0;7002.0;196.0;0.0;0.0;0.0;0.0;7004.0;196.0;0.0;0.0;0.0;0.0;7003.0;-2294.5
1;30465.0;7002.0;186.0;0.0;0.0;0.0;0.0;7004.0;186.0;0.0;0.0;0.0;0.0;7003.0;-2378.75
1;30466.0;7002.0;226.0;0.0;0.0;0.0;0.0;7004.0;217.0;0.0;0.0;0.0;0.0;7003.0;-2338.75
1;30467.0;7002.0;80.0;7001.0;110.0;0.0;0.0;7003.0;80.0;7004.0;110.0;0.0;0.0;7002.5;-2073.5
1;30468.0;7001.0;210.0;0.0;0.0;0.0;0.0;7003.0;210.0;0.0;0.0;0.0;0.0;7002.0;-1765.25
1;30469.0;7001.0;275.0;0.0;0.0;0.0;0.0;7003.0;266.0;0.0;0.0;0.0;0.0;7002.0;-1744.5
1;30470.0;7001.0;266.0;0.0;0.0;0.0;0.0;7003.0;266.0;0.0;0.0;0.0;0.0;7002.0;-1856.0
1;30471.0;7002.0;221.0;0.0;0.0;0.0;0.0;7004.0;232.0;0.0;0.0;0.0;0.0;7003.0;-2295.5
1;30472.0;7002.0;260.0;0.0;0.0;0.0;0.0;7004.0;260.0;0.0;0.0;0.0;0.0;7003.0;-2251.75
1;30473.0;7000.0;181.0;0.0;0.0;0.0;0.0;7002.0;74.0;7003.0;107.0;0.0;0.0;7001.0;-1548.0
1;30474.0;7000.0;179.0;0.0;0.0;0.0;0.0;7002.0;179.0;0.0;0.0;0.0;0.0;7001.0;-1306.75
1;30475.0;7000.0;90.0;6999.0;139.0;0.0;0.0;7002.0;229.0;0.0;0.0;0.0;0.0;7001.0;-1217.75
1;30476.0;7000.0;81.0;6999.0;102.0;0.0;0.0;7001.0;81.0;7002.0;102.0;0.0;0.0;7000.5;-1083.5
1;30477.0;6999.0;93.0;6998.0;161.0;0.0;0.0;7000.0;93.0;7001.0;161.0;0.0;0.0;6999.5;-640.5
1;30478.0;7001.0;68.0;7000.0;108.0;0.0;0.0;7002.0;68.0;7003.0;108.0;0.0;0.0;7001.5;-1569.0
1;30479.0;7000.0;48.0;6999.0;149.0;0.0;0.0;7001.0;58.0;7002.0;149.0;0.0;0.0;7000.5;-1200.0
1;30480.0;6998.0;275.0;0.0;0.0;0.0;0.0;7000.0;275.0;0.0;0.0;0.0;0.0;6999.0;-310.25
1;30481.0;6996.0;178.0;0.0;0.0;0.0;0.0;6998.0;178.0;0.0;0.0;0.0;0.0;6997.0;506.5
1;30482.0;6997.0;62.0;6996.0;173.0;0.0;0.0;6998.0;62.0;6999.0;173.0;0.0;0.0;6997.5;366.25
1;30483.0;6995.0;182.0;0.0;0.0;0.0;0.0;6997.0;182.0;0.0;0.0;0.0;0.0;6996.0;1155.5
1;30484.0;6995.0;265.0;0.0;0.0;0.0;0.0;6997.0;265.0;0.0;0.0;0.0;0.0;6996.0;1097.0
1;30485.0;6995.0;168.0;0.0;0.0;0.0;0.0;6997.0;168.0;0.0;0.0;0.0;0.0;6996.0;1093.75
1;30486.0;6995.0;54.0;6994.0;172.0;0.0;0.0;6996.0;54.0;6997.0;172.0;0.0;0.0;6995.5;1446.75
1;30487.0;6994.0;210.0;0.0;0.0;0.0;0.0;6996.0;210.0;0.0;0.0;0.0;0.0;6995.0;1643.5
1;30488.0;6995.0;82.0;6994.0;148.0;0.0;0.0;6996.0;82.0;6997.0;148.0;0.0;0.0;6995.5;1350.75
1;30489.0;6994.0;244.0;0.0;0.0;0.0;0.0;6996.0;244.0;0.0;0.0;0.0;0.0;6995.0;1527.75
1;30490.0;6995.0;90.0;6994.0;117.0;0.0;0.0;6996.0;90.0;6997.0;117.0;0.0;0.0;6995.5;1396.5
1;30491.0;6993.0;87.0;6992.0;129.0;0.0;0.0;6994.0;87.0;6995.0;129.0;0.0;0.0;6993.5;2405.25
1;30492.0;6994.0;175.0;0.0;0.0;0.0;0.0;6996.0;175.0;0.0;0.0;0.0;0.0;6995.0;1685.0
1;30493.0;6991.0;235.0;0.0;0.0;0.0;0.0;6993.0;58.0;6994.0;177.0;0.0;0.0;6992.0;3019.75
1;30494.0;6993.0;214.0;0.0;0.0;0.0;0.0;6995.0;214.0;0.0;0.0;0.0;0.0;6994.0;2184.25
1;30495.0;6994.0;178.0;0.0;0.0;0.0;0.0;6996.0;178.0;0.0;0.0;0.0;0.0;6995.0;1615.5
1;30496.0;6996.0;81.0;6995.0;171.0;0.0;0.0;6997.0;81.0;6998.0;171.0;0.0;0.0;6996.5;922.25
1;30497.0;6995.0;205.0;0.0;0.0;0.0;0.0;6997.0;205.0;0.0;0.0;0.0;0.0;6996.0;1134.25
1;30498.0;6995.0;274.0;0.0;0.0;0.0;0.0;6997.0;274.0;0.0;0.0;0.0;0.0;6996.0;1054.0
1;30499.0;6994.0;191.0;0.0;0.0;0.0;0.0;6996.0;191.0;0.0;0.0;0.0;0.0;6995.0;1795.75
1;30500.0;6994.0;59.0;6993.0;126.0;0.0;0.0;6995.0;56.0;6996.0;126.0;0.0;0.0;6994.5;1844.25
1;30501.0;6993.0;292.0;0.0;0.0;0.0;0.0;6995.0;292.0;0.0;0.0;0.0;0.0;6994.0;2126.5
1;30502.0;6993.0;195.0;0.0;0.0;0.0;0.0;6995.0;195.0;0.0;0.0;0.0;0.0;6994.0;2049.5
1;30503.0;6993.0;211.0;0.0;0.0;0.0;0.0;6994.0;11.0;6995.0;211.0;0.0;0.0;6993.5;2104.0
1;30504.0;6994.0;57.0;6993.0;108.0;0.0;0.0;6996.0;165.0;0.0;0.0;0.0;0.0;6995.0;1820.5
1;30505.0;6994.0;76.0;6993.0;142.0;0.0;0.0;6995.0;76.0;6996.0;142.0;0.0;0.0;6994.5;1842.25
1;30506.0;6995.0;74.0;6994.0;127.0;0.0;0.0;6996.0;74.0;6997.0;127.0;0.0;0.0;6995.5;1326.5
1;30507.0;6994.0;79.0;6993.0;170.0;0.0;0.0;6996.0;249.0;0.0;0.0;0.0;0.0;6995.0;1810.0
1;30508.0;6994.0;248.0;0.0;0.0;0.0;0.0;6996.0;248.0;0.0;0.0;0.0;0.0;6995.0;1487.0
1;30509.0;6996.0;70.0;6995.0;192.0;0.0;0.0;6998.0;262.0;0.0;0.0;0.0;0.0;6997.0;752.5
1;30510.0;6997.0;203.0;0.0;0.0;0.0;0.0;6999.0;203.0;0.0;0.0;0.0;0.0;6998.0;160.25
1;30511.0;6997.0;95.0;6996.0;162.0;0.0;0.0;6998.0;95.0;6999.0;162.0;0.0;0.0;6997.5;323.25
1;30512.0;6997.0;236.0;0.0;0.0;0.0;0.0;6999.0;236.0;0.0;0.0;0.0;0.0;6998.0;56.0
1;30513.0;6996.0;280.0;0.0;0.0;0.0;0.0;6998.0;280.0;0.0;0.0;0.0;0.0;6997.0;463.5
1;30514.0;6997.0;68.0;6996.0;178.0;0.0;0.0;6998.0;68.0;6999.0;178.0;0.0;0.0;6997.5;331.5
1;30515.0;6996.0;218.0;0.0;0.0;0.0;0.0;6998.0;218.0;0.0;0.0;0.0;0.0;6997.0;617.75
1;30516.0;6996.0;49.0;6995.0;167.0;0.0;0.0;6997.0;58.0;6998.0;167.0;0.0;0.0;6996.5;876.25
1;30517.0;6997.0;80.0;6996.0;105.0;0.0;0.0;6998.0;80.0;6999.0;105.0;0.0;0.0;6997.5;330.5
1;30518.0;6996.0;272.0;0.0;0.0;0.0;0.0;6998.0;272.0;0.0;0.0;0.0;0.0;6997.0;557.25
1;30519.0;6998.0;252.0;0.0;0.0;0.0;0.0;7000.0;252.0;0.0;0.0;0.0;0.0;6999.0;-440.5
1;30520.0;6999.0;211.0;0.0;0.0;0.0;0.0;7001.0;211.0;0.0;0.0;0.0;0.0;7000.0;-946.0
1;30521.0;6998.0;58.0;6997.0;182.0;0.0;0.0;6999.0;58.0;7000.0;182.0;0.0;0.0;6998.5;-164.5
1;30522.0;7000.0;263.0;0.0;0.0;0.0;0.0;7002.0;263.0;0.0;0.0;0.0;0.0;7001.0;-1604.5
1;30523.0;7000.0;256.0;0.0;0.0;0.0;0.0;7002.0;256.0;0.0;0.0;0.0;0.0;7001.0;-1452.25
1;30524.0;6999.0;63.0;6998.0;143.0;0.0;0.0;7001.0;206.0;0.0;0.0;0.0;0.0;7000.0;-896.5
1;30525.0;6998.0;269.0;0.0;0.0;0.0;0.0;7000.0;269.0;0.0;0.0;0.0;0.0;6999.0;-595.75
1;30526.0;6998.0;63.0;6997.0;198.0;0.0;0.0;7000.0;261.0;0.0;0.0;0.0;0.0;6999.0;-343.25
1;30527.0;6998.0;87.0;6997.0;106.0;0.0;0.0;6999.0;87.0;7000.0;106.0;0.0;0.0;6998.5;-261.25
1;30528.0;6997.0;231.0;0.0;0.0;0.0;0.0;6998.0;11.0;6999.0;66.0;7000.0;165.0;6997.5;-160.75
1;30529.0;6998.0;265.0;0.0;0.0;0.0;0.0;7000.0;265.0;0.0;0.0;0.0;0.0;6999.0;-579.25
1;30530.0;6999.0;50.0;6998.0;155.0;0.0;0.0;7000.0;50.0;7001.0;155.0;0.0;0.0;6999.5;-799.5
1;30531.0;6997.0;178.0;0.0;0.0;0.0;0.0;6999.0;178.0;0.0;0.0;0.0;0.0;6998.0;-127.25
1;30532.0;6996.0;171.0;0.0;0.0;0.0;0.0;6998.0;171.0;0.0;0.0;0.0;0.0;6997.0;533.5
1;30533.0;6994.0;224.0;0.0;0.0;0.0;0.0;6996.0;224.0;0.0;0.0;0.0;0.0;6995.0;1711.25
1;30534.0;6995.0;242.0;0.0;0.0;0.0;0.0;6997.0;242.0;0.0;0.0;0.0;0.0;6996.0;1174.25
1;30535.0;6994.0;193.0;0.0;0.0;0.0;0.0;6996.0;193.0;0.0;0.0;0.0;0.0;6995.0;1814.5
1;30536.0;6994.0;237.0;0.0;0.0;0.0;0.0;6996.0;237.0;0.0;0.0;0.0;0.0;6995.0;1759.5
1;30537.0;6994.0;246.0;0.0;0.0;0.0;0.0;6996.0;251.0;0.0;0.0;0.0;0.0;6995.0;1824.0
1;30538.0;6993.0;232.0;0.0;0.0;0.0;0.0;6995.0;232.0;0.0;0.0;0.0;0.0;6994.0;2381.5
1;30539.0;6993.0;248.0;0.0;0.0;0.0;0.0;6995.0;248.0;0.0;0.0;0.0;0.0;6994.0;2303.0
1;30540.0;6993.0;93.0;6992.0;159.0;0.0;0.0;6994.0;93.0;6995.0;159.0;0.0;0.0;6993.5;2508.5
1;30541.0;6992.0;60.0;6991.0;124.0;0.0;0.0;6993.0;60.0;6994.0;124.0;0.0;0.0;6992.5;3038.5
1;30542.0;6992.0;186.0;0.0;0.0;0.0;0.0;6994.0;186.0;0.0;0.0;0.0;0.0;6993.0;2737.5
1;30543.0;6991.0;240.0;0.0;0.0;0.0;0.0;6993.0;240.0;0.0;0.0;0.0;0.0;6992.0;3223.25
1;30544.0;6991.0;184.0;0.0;0.0;0.0;0.0;6993.0;184.0;0.0;0.0;0.0;0.0;6992.0;3203.25
1;30545.0;6992.0;178.0;0.0;0.0;0.0;0.0;6994.0;181.0;0.0;0.0;0.0;0.0;6993.0;2946.75
1;30546.0;6994.0;67.0;6993.0;118.0;0.0;0.0;6995.0;67.0;6996.0;118.0;0.0;0.0;6994.5;1954.5
1;30547.0;6993.0;186.0;0.0;0.0;0.0;0.0;6995.0;186.0;0.0;0.0;0.0;0.0;6994.0;2073.25
1;30548.0;6993.0;293.0;0.0;0.0;0.0;0.0;6995.0;285.0;0.0;0.0;0.0;0.0;6994.0;2276.5
1;30549.0;6993.0;219.0;0.0;0.0;0.0;0.0;6995.0;219.0;0.0;0.0;0.0;0.0;6994.0;2189.25
1;30550.0;6992.0;224.0;0.0;0.0;0.0;0.0;6994.0;220.0;0.0;0.0;0.0;0.0;6993.0;2887.75
1;30551.0;6993.0;250.0;0.0;0.0;0.0;0.0;6995.0;250.0;0.0;0.0;0.0;0.0;6994.0;2218.75
1;30552.0;6993.0;76.0;6992.0;199.0;0.0;0.0;6994.0;76.0;6995.0;199.0;0.0;0.0;6993.5;2456.5
1;30553.0;6992.0;185.0;0.0;0.0;0.0;0.0;6993.0;6.0;6994.0;185.0;0.0;0.0;6992.5;2725.75
1;30554.0;6993.0;106.0;6992.0;194.0;0.0;0.0;6994.0;95.0;6995.0;194.0;0.0;0.0;6993.5;2458.25
1;30555.0;6991.0;206.0;0.0;0.0;0.0;0.0;6993.0;206.0;0.0;0.0;0.0;0.0;6992.0;3333.5
1;30556.0;6990.0;171.0;0.0;0.0;0.0;0.0;6992.0;171.0;0.0;0.0;0.0;0.0;6991.0;4026.25
1;30557.0;6991.0;77.0;6990.0;138.0;0.0;0.0;6992.0;77.0;6993.0;138.0;0.0;0.0;6991.5;3702.5
1;30558.0;6992.0;279.0;0.0;0.0;0.0;0.0;6994.0;279.0;0.0;0.0;0.0;0.0;6993.0;2677.5
1;30559.0;6990.0;247.0;0.0;0.0;0.0;0.0;6992.0;247.0;0.0;0.0;0.0;0.0;6991.0;3928.75
1;30560.0;6990.0;230.0;0.0;0.0;0.0;0.0;6992.0;230.0;0.0;0.0;0.0;0.0;6991.0;3898.75
1;30561.0;6991.0;214.0;0.0;0.0;0.0;0.0;6992.0;5.0;6993.0;214.0;0.0;0.0;6991.5;3179.25
1;30562.0;6991.0;212.0;0.0;0.0;0.0;0.0;6993.0;212.0;0.0;0.0;0.0;0.0;6992.0;3335.75
1;30563.0;6991.0;166.0;0.0;0.0;0.0;0.0;6993.0;166.0;0.0;0.0;0.0;0.0;6992.0;3446.25
1;30564.0;6992.0;186.0;0.0;0.0;0.0;0.0;6994.0;186.0;0.0;0.0;0.0;0.0;6993.0;2813.0
1;30565.0;6993.0;66.0;6992.0;173.0;0.0;0.0;6994.0;66.0;6995.0;173.0;0.0;0.0;6993.5;2450.0
1;30566.0;6993.0;230.0;0.0;0.0;0.0;0.0;6995.0;230.0;0.0;0.0;0.0;0.0;6994.0;2290.5
1;30567.0;6991.0;187.0;0.0;0.0;0.0;0.0;6993.0;187.0;0.0;0.0;0.0;0.0;6992.0;3193.75
1;30568.0;6991.0;211.0;0.0;0.0;0.0;0.0;6993.0;211.0;0.0;0.0;0.0;0.0;6992.0;3186.75
1;30569.0;6992.0;295.0;0.0;0.0;0.0;0.0;6994.0;295.0;0.0;0.0;0.0;0.0;6993.0;2754.25
1;30570.0;6992.0;53.0;6991.0;164.0;0.0;0.0;6993.0;53.0;6994.0;164.0;0.0;0.0;6992.5;2972.0
1;30571.0;6992.0;55.0;6991.0;101.0;0.0;0.0;6993.0;55.0;6994.0;101.0;0.0;0.0;6992.5;3104.0
1;30572.0;6991.0;208.0;0.0;0.0;0.0;0.0;6993.0;208.0;0.0;0.0;0.0;0.0;6992.0;3445.75
1;30573.0;6991.0;213.0;0.0;0.0;0.0;0.0;6993.0;213.0;0.0;0.0;0.0;0.0;6992.0;3468.0
1;30574.0;6990.0;231.0;0.0;0.0;0.0;0.0;6992.0;231.0;0.0;0.0;0.0;0.0;6991.0;3893.25
1;30575.0;6991.0;52.0;6990.0;167.0;0.0;0.0;6992.0;52.0;6993.0;167.0;0.0;0.0;6991.5;3531.25
1;30576.0;6991.0;173.0;0.0;0.0;0.0;0.0;6993.0;173.0;0.0;0.0;0.0;0.0;6992.0;3299.0
1;30577.0;6992.0;75.0;6991.0;138.0;0.0;0.0;6993.0;75.0;6994.0;138.0;0.0;0.0;6992.5;2948.5
1;30578.0;6991.0;70.0;6990.0;175.0;0.0;0.0;6992.0;81.0;6993.0;175.0;0.0;0.0;6991.5;3582.0
1;30579.0;6989.0;80.0;6988.0;105.0;0.0;0.0;6990.0;80.0;6991.0;105.0;0.0;0.0;6989.5;4789.5
1;30580.0;6989.0;156.0;0.0;0.0;0.0;0.0;6991.0;156.0;0.0;0.0;0.0;0.0;6990.0;4367.5
1;30581.0;6988.0;201.0;0.0;0.0;0.0;0.0;6990.0;201.0;0.0;0.0;0.0;0.0;6989.0;5028.5
1;30582.0;6989.0;221.0;0.0;0.0;0.0;0.0;6991.0;221.0;0.0;0.0;0.0;0.0;6990.0;4569.0
1;30583.0;6990.0;79.0;6989.0;108.0;0.0;0.0;6991.0;67.0;6992.0;108.0;0.0;0.0;6990.5;4246.0
1;30584.0;6990.0;76.0;6989.0;146.0;0.0;0.0;6991.0;76.0;6992.0;146.0;0.0;0.0;6990.5;4256.5
1;30585.0;6987.0;199.0;0.0;0.0;0.0;0.0;6989.0;199.0;0.0;0.0;0.0;0.0;6988.0;5581.5
1;30586.0;6988.0;61.0;6987.0;169.0;0.0;0.0;6989.0;72.0;6990.0;169.0;0.0;0.0;6988.5;5365.5
1;30587.0;6988.0;221.0;0.0;0.0;0.0;0.0;6990.0;221.0;0.0;0.0;0.0;0.0;6989.0;5227.5
1;30588.0;6990.0;287.0;0.0;0.0;0.0;0.0;6992.0;287.0;0.0;0.0;0.0;0.0;6991.0;3906.0
1;30589.0;6991.0;97.0;6990.0;137.0;0.0;0.0;6993.0;234.0;0.0;0.0;0.0;0.0;6992.0;3455.5
1;30590.0;6991.0;92.0;6990.0;157.0;0.0;0.0;6992.0;92.0;6993.0;157.0;0.0;0.0;6991.5;3631.5
1;30591.0;6989.0;78.0;6988.0;108.0;0.0;0.0;6990.0;78.0;6991.0;108.0;0.0;0.0;6989.5;4732.0
1;30592.0;6990.0;201.0;0.0;0.0;0.0;0.0;6992.0;201.0;0.0;0.0;0.0;0.0;6991.0;3892.5
1;30593.0;6989.0;228.0;0.0;0.0;0.0;0.0;6991.0;228.0;0.0;0.0;0.0;0.0;6990.0;4622.0
1;30594.0;6988.0;225.0;0.0;0.0;0.0;0.0;6990.0;225.0;0.0;0.0;0.0;0.0;6989.0;5033.5
1;30595.0;6989.0;65.0;6988.0;174.0;0.0;0.0;6990.0;65.0;6991.0;174.0;0.0;0.0;6989.5;4795.5
1;30596.0;6989.0;73.0;6988.0;149.0;0.0;0.0;6990.0;73.0;6991.0;149.0;0.0;0.0;6989.5;4899.5
1;30597.0;6990.0;96.0;6989.0;122.0;0.0;0.0;6991.0;96.0;6992.0;122.0;0.0;0.0;6990.5;4267.5
1;30598.0;6989.0;221.0;0.0;0.0;0.0;0.0;6991.0;221.0;0.0;0.0;0.0;0.0;6990.0;4432.5
1;30599.0;6990.0;212.0;0.0;0.0;0.0;0.0;6992.0;212.0;0.0;0.0;0.0;0.0;6991.0;3774.0
1;30600.0;6991.0;287.0;0.0;0.0;0.0;0.0;6993.0;287.0;0.0;0.0;0.0;0.0;6992.0;3333.0
1;30601.0;6990.0;56.0;6989.0;113.0;0.0;0.0;6991.0;56.0;6992.0;113.0;0.0;0.0;6990.5;4181.0
1;30602.0;6988.0;219.0;0.0;0.0;0.0;0.0;6990.0;219.0;0.0;0.0;0.0;0.0;6989.0;5082.5
1;30603.0;6988.0;286.0;0.0;0.0;0.0;0.0;6990.0;286.0;0.0;0.0;0.0;0.0;6989.0;4986.5
1;30604.0;6989.0;257.0;0.0;0.0;0.0;0.0;6991.0;257.0;0.0;0.0;0.0;0.0;6990.0;4479.5
1;30605.0;6991.0;187.0;0.0;0.0;0.0;0.0;6993.0;191.0;0.0;0.0;0.0;0.0;6992.0;3374.5
1;30606.0;6990.0;208.0;0.0;0.0;0.0;0.0;6992.0;208.0;0.0;0.0;0.0;0.0;6991.0;3953.0
1;30607.0;6989.0;221.0;0.0;0.0;0.0;0.0;6991.0;221.0;0.0;0.0;0.0;0.0;6990.0;4692.5
1;30608.0;6990.0;275.0;0.0;0.0;0.0;0.0;6992.0;275.0;0.0;0.0;0.0;0.0;6991.0;3935.5
1;30609.0;6990.0;203.0;0.0;0.0;0.0;0.0;6992.0;203.0;0.0;0.0;0.0;0.0;6991.0;4034.5
1;30610.0;6991.0;96.0;6990.0;166.0;0.0;0.0;6992.0;96.0;6993.0;166.0;0.0;0.0;6991.5;3493.5
1;30611.0;6990.0;85.0;6989.0;197.0;0.0;0.0;6991.0;78.0;6992.0;197.0;0.0;0.0;6990.5;4215.0
1;30612.0;6991.0;234.0;0.0;0.0;0.0;0.0;6993.0;234.0;0.0;0.0;0.0;0.0;6992.0;3340.5
1;30613.0;6990.0;210.0;0.0;0.0;0.0;0.0;6992.0;210.0;0.0;0.0;0.0;0.0;6991.0;3786.0
1;30614.0;6991.0;91.0;6990.0;120.0;0.0;0.0;6992.0;91.0;6993.0;120.0;0.0;0.0;6991.5;3494.0
1;30615.0;6990.0;279.0;0.0;0.0;0.0;0.0;6992.0;279.0;0.0;0.0;0.0;0.0;6991.0;3771.5
1;30616.0;6990.0;210.0;0.0;0.0;0.0;0.0;6992.0;210.0;0.0;0.0;0.0;0.0;6991.0;3915.5
1;30617.0;6992.0;221.0;0.0;0.0;0.0;0.0;6994.0;221.0;0.0;0.0;0.0;0.0;6993.0;2751.0
1;30618.0;6992.0;71.0;6991.0;124.0;0.0;0.0;6993.0;71.0;6994.0;124.0;0.0;0.0;6992.5;2863.0
1;30619.0;6994.0;91.0;6993.0;171.0;0.0;0.0;6995.0;91.0;6996.0;171.0;0.0;0.0;6994.5;1611.5
1;30620.0;6995.0;180.0;0.0;0.0;0.0;0.0;6997.0;56.0;6998.0;124.0;0.0;0.0;6996.0;459.0
1;30621.0;6996.0;225.0;0.0;0.0;0.0;0.0;6997.0;9.0;6998.0;94.0;6999.0;131.0;6996.5;-171.0
1;30622.0;6996.0;240.0;0.0;0.0;0.0;0.0;6998.0;240.0;0.0;0.0;0.0;0.0;6997.0;-3.0
1;30623.0;6994.0;175.0;0.0;0.0;0.0;0.0;6996.0;175.0;0.0;0.0;0.0;0.0;6995.0;1473.5
1;30624.0;6991.0;206.0;0.0;0.0;0.0;0.0;6993.0;206.0;0.0;0.0;0.0;0.0;6992.0;3060.5
1;30625.0;6992.0;276.0;0.0;0.0;0.0;0.0;6994.0;276.0;0.0;0.0;0.0;0.0;6993.0;2582.0
1;30626.0;6991.0;93.0;6990.0;144.0;0.0;0.0;6992.0;93.0;6993.0;144.0;0.0;0.0;6991.5;3654.5
1;30627.0;6990.0;193.0;0.0;0.0;0.0;0.0;6992.0;193.0;0.0;0.0;0.0;0.0;6991.0;4008.0
1;30628.0;6989.0;218.0;0.0;0.0;0.0;0.0;6991.0;218.0;0.0;0.0;0.0;0.0;6990.0;4502.5
1;30629.0;6990.0;85.0;6989.0;124.0;0.0;0.0;6992.0;209.0;0.0;0.0;0.0;0.0;6991.0;4092.0
1;30630.0;6989.0;90.0;6988.0;166.0;0.0;0.0;6990.0;90.0;6991.0;166.0;0.0;0.0;6989.5;4770.0
1;30631.0;6990.0;51.0;6989.0;141.0;0.0;0.0;6991.0;51.0;6992.0;141.0;0.0;0.0;6990.5;4206.0
1;30632.0;6992.0;51.0;6991.0;167.0;0.0;0.0;6993.0;51.0;6994.0;167.0;0.0;0.0;6992.5;3000.5
1;30633.0;6993.0;211.0;0.0;0.0;0.0;0.0;6995.0;211.0;0.0;0.0;0.0;0.0;6994.0;1790.5
1;30634.0;6993.0;211.0;0.0;0.0;0.0;0.0;6995.0;211.0;0.0;0.0;0.0;0.0;6994.0;1845.0
1;30635.0;6992.0;163.0;0.0;0.0;0.0;0.0;6994.0;62.0;6995.0;101.0;0.0;0.0;6993.0;2407.5
1;30636.0;6992.0;181.0;0.0;0.0;0.0;0.0;6994.0;181.0;0.0;0.0;0.0;0.0;6993.0;2631.0
1;30637.0;6994.0;206.0;0.0;0.0;0.0;0.0;6996.0;206.0;0.0;0.0;0.0;0.0;6995.0;1372.5
1;30638.0;6992.0;232.0;0.0;0.0;0.0;0.0;6994.0;232.0;0.0;0.0;0.0;0.0;6993.0;2462.0
1;30639.0;6991.0;82.0;6990.0;121.0;0.0;0.0;6992.0;94.0;6993.0;121.0;0.0;0.0;6991.5;3630.5
1;30640.0;6989.0;255.0;0.0;0.0;0.0;0.0;6991.0;255.0;0.0;0.0;0.0;0.0;6990.0;4453.5
1;30641.0;6992.0;218.0;0.0;0.0;0.0;0.0;6994.0;218.0;0.0;0.0;0.0;0.0;6993.0;2434.5
1;30642.0;6993.0;175.0;0.0;0.0;0.0;0.0;6995.0;175.0;0.0;0.0;0.0;0.0;6994.0;2091.0
1;30643.0;6992.0;231.0;0.0;0.0;0.0;0.0;6994.0;231.0;0.0;0.0;0.0;0.0;6993.0;2452.5
1;30644.0;6992.0;197.0;0.0;0.0;0.0;0.0;6994.0;197.0;0.0;0.0;0.0;0.0;6993.0;2779.0
1;30645.0;6993.0;179.0;0.0;0.0;0.0;0.0;6995.0;179.0;0.0;0.0;0.0;0.0;6994.0;1954.5
1;30646.0;6992.0;192.0;0.0;0.0;0.0;0.0;6994.0;192.0;0.0;0.0;0.0;0.0;6993.0;2620.5
1;30647.0;6991.0;88.0;6990.0;160.0;0.0;0.0;6992.0;88.0;6993.0;160.0;0.0;0.0;6991.5;3491.0
1;30648.0;6990.0;163.0;0.0;0.0;0.0;0.0;6992.0;163.0;0.0;0.0;0.0;0.0;6991.0;3920.5
1;30649.0;6990.0;52.0;6989.0;147.0;0.0;0.0;6992.0;199.0;0.0;0.0;0.0;0.0;6991.0;4144.5
1;30650.0;6989.0;224.0;0.0;0.0;0.0;0.0;6991.0;224.0;0.0;0.0;0.0;0.0;6990.0;4499.5
1;30651.0;6991.0;76.0;6990.0;184.0;0.0;0.0;6992.0;76.0;6993.0;184.0;0.0;0.0;6991.5;3572.0
1;30652.0;6993.0;232.0;0.0;0.0;0.0;0.0;6995.0;232.0;0.0;0.0;0.0;0.0;6994.0;1925.5
1;30653.0;6994.0;50.0;6993.0;115.0;0.0;0.0;6995.0;62.0;6996.0;115.0;0.0;0.0;6994.5;1500.5
1;30654.0;6993.0;59.0;6992.0;163.0;0.0;0.0;6994.0;59.0;6995.0;163.0;0.0;0.0;6993.5;2156.0
1;30655.0;6991.0;275.0;0.0;0.0;0.0;0.0;6993.0;275.0;0.0;0.0;0.0;0.0;6992.0;3307.0
1;30656.0;6992.0;9.0;6991.0;215.0;0.0;0.0;6993.0;68.0;6994.0;147.0;0.0;0.0;6992.5;3036.0
1;30657.0;6991.0;243.0;0.0;0.0;0.0;0.0;6993.0;243.0;0.0;0.0;0.0;0.0;6992.0;3326.0
1;30658.0;6990.0;202.0;0.0;0.0;0.0;0.0;6992.0;202.0;0.0;0.0;0.0;0.0;6991.0;3868.5
1;30659.0;6991.0;240.0;0.0;0.0;0.0;0.0;6993.0;240.0;0.0;0.0;0.0;0.0;6992.0;3292.5
1;30660.0;6989.0;263.0;0.0;0.0;0.0;0.0;6991.0;263.0;0.0;0.0;0.0;0.0;6990.0;4575.0
1;30661.0;6989.0;262.0;0.0;0.0;0.0;0.0;6991.0;262.0;0.0;0.0;0.0;0.0;6990.0;4861.0
1;30662.0;6987.0;197.0;0.0;0.0;0.0;0.0;6989.0;197.0;0.0;0.0;0.0;0.0;6988.0;5983.5
1;30663.0;6987.0;222.0;0.0;0.0;0.0;0.0;6989.0;222.0;0.0;0.0;0.0;0.0;6988.0;6061.5
1;30664.0;6987.0;95.0;6986.0;184.0;0.0;0.0;6988.0;95.0;6989.0;184.0;0.0;0.0;6987.5;6353.5
1;30665.0;6988.0;193.0;0.0;0.0;0.0;0.0;6990.0;193.0;0.0;0.0;0.0;0.0;6989.0;5475.0
1;30666.0;6989.0;205.0;0.0;0.0;0.0;0.0;6991.0;205.0;0.0;0.0;0.0;0.0;6990.0;4560.0
1;30667.0;6991.0;201.0;0.0;0.0;0.0;0.0;6993.0;201.0;0.0;0.0;0.0;0.0;6992.0;3323.5
1;30668.0;6992.0;218.0;0.0;0.0;0.0;0.0;6994.0;218.0;0.0;0.0;0.0;0.0;6993.0;2477.5
1;30669.0;6992.0;176.0;0.0;0.0;0.0;0.0;6994.0;176.0;0.0;0.0;0.0;0.0;6993.0;2757.0
1;30670.0;6992.0;285.0;0.0;0.0;0.0;0.0;6994.0;285.0;0.0;0.0;0.0;0.0;6993.0;2380.5
1;30671.0;6992.0;182.0;0.0;0.0;0.0;0.0;6994.0;182.0;0.0;0.0;0.0;0.0;6993.0;2557.0
1;30672.0;6994.0;204.0;0.0;0.0;0.0;0.0;6996.0;204.0;0.0;0.0;0.0;0.0;6995.0;1297.5
1;30673.0;6992.0;226.0;0.0;0.0;0.0;0.0;6994.0;226.0;0.0;0.0;0.0;0.0;6993.0;2399.0
1;30674.0;6996.0;4.0;6995.0;251.0;0.0;0.0;6997.0;251.0;0.0;0.0;0.0;0.0;6996.5;245.0
1;30675.0;6997.0;177.0;0.0;0.0;0.0;0.0;6999.0;177.0;0.0;0.0;0.0;0.0;6998.0;-856.5
1;30676.0;6998.0;64.0;6997.0;178.0;0.0;0.0;6999.0;64.0;7000.0;178.0;0.0;0.0;6998.5;-1423.0
1;30677.0;6999.0;249.0;0.0;0.0;0.0;0.0;7001.0;249.0;0.0;0.0;0.0;0.0;7000.0;-2205.5
1;30678.0;6998.0;70.0;6997.0;172.0;0.0;0.0;6999.0;70.0;7000.0;172.0;0.0;0.0;6998.5;-1419.5
1;30679.0;7000.0;94.0;6999.0;192.0;0.0;0.0;7001.0;94.0;7002.0;192.0;0.0;0.0;7000.5;-2734.5
1;30680.0;6999.0;87.0;6998.0;140.0;0.0;0.0;7001.0;227.0;0.0;0.0;0.0;0.0;7000.0;-2141.0
1;30681.0;7000.0;248.0;0.0;0.0;0.0;0.0;7002.0;248.0;0.0;0.0;0.0;0.0;7001.0;-2898.5
1;30682.0;7001.0;85.0;7000.0;112.0;0.0;0.0;7002.0;85.0;7003.0;112.0;0.0;0.0;7001.5;-3481.5
1;30683.0;7001.0;166.0;0.0;0.0;0.0;0.0;7003.0;166.0;0.0;0.0;0.0;0.0;7002.0;-3624.5
1;30684.0;7000.0;227.0;0.0;0.0;0.0;0.0;7002.0;227.0;0.0;0.0;0.0;0.0;7001.0;-3086.0
1;30685.0;7001.0;201.0;0.0;0.0;0.0;0.0;7003.0;201.0;0.0;0.0;0.0;0.0;7002.0;-3974.0
1;30686.0;7001.0;74.0;7000.0;130.0;0.0;0.0;7002.0;74.0;7003.0;130.0;0.0;0.0;7001.5;-3462.0
1;30687.0;7001.0;245.0;0.0;0.0;0.0;0.0;7003.0;245.0;0.0;0.0;0.0;0.0;7002.0;-3632.0
1;30688.0;7002.0;72.0;7001.0;105.0;0.0;0.0;7004.0;177.0;0.0;0.0;0.0;0.0;7003.0;-4260.0
1;30689.0;7002.0;164.0;0.0;0.0;0.0;0.0;7004.0;164.0;0.0;0.0;0.0;0.0;7003.0;-4583.5
1;30690.0;7004.0;60.0;7003.0;103.0;0.0;0.0;7005.0;60.0;7006.0;103.0;0.0;0.0;7004.5;-5521.5
1;30691.0;7004.0;203.0;0.0;0.0;0.0;0.0;7006.0;203.0;0.0;0.0;0.0;0.0;7005.0;-5736.5
1;30692.0;7005.0;211.0;0.0;0.0;0.0;0.0;7007.0;211.0;0.0;0.0;0.0;0.0;7006.0;-6568.0
1;30693.0;7005.0;270.0;0.0;0.0;0.0;0.0;7007.0;270.0;0.0;0.0;0.0;0.0;7006.0;-6823.5
1;30694.0;7004.0;280.0;0.0;0.0;0.0;0.0;7006.0;280.0;0.0;0.0;0.0;0.0;7005.0;-5987.0
1;30695.0;7003.0;59.0;7002.0;160.0;0.0;0.0;7004.0;54.0;7005.0;160.0;0.0;0.0;7003.5;-4804.0
1;30696.0;7005.0;91.0;7004.0;152.0;0.0;0.0;7006.0;91.0;7007.0;152.0;0.0;0.0;7005.5;-6315.0
1;30697.0;7006.0;89.0;7005.0;177.0;0.0;0.0;7008.0;266.0;0.0;0.0;0.0;0.0;7007.0;-7084.5
1;30698.0;7004.0;53.0;7003.0;136.0;0.0;0.0;7005.0;53.0;7006.0;136.0;0.0;0.0;7004.5;-5645.5
1;30699.0;7004.0;195.0;0.0;0.0;0.0;0.0;7006.0;195.0;0.0;0.0;0.0;0.0;7005.0;-6025.5
1;30700.0;7004.0;245.0;0.0;0.0;0.0;0.0;7006.0;245.0;0.0;0.0;0.0;0.0;7005.0;-6113.5
1;30701.0;7004.0;58.0;7003.0;141.0;0.0;0.0;7005.0;58.0;7006.0;141.0;0.0;0.0;7004.5;-5602.5
1;30702.0;7005.0;75.0;7004.0;156.0;0.0;0.0;7006.0;79.0;7007.0;156.0;0.0;0.0;7005.5;-6339.5
1;30703.0;7006.0;210.0;0.0;0.0;0.0;0.0;7008.0;210.0;0.0;0.0;0.0;0.0;7007.0;-7539.0
1;30704.0;7007.0;218.0;0.0;0.0;0.0;0.0;7009.0;218.0;0.0;0.0;0.0;0.0;7008.0;-8259.5
1;30705.0;7009.0;73.0;7008.0;141.0;0.0;0.0;7010.0;78.0;7011.0;141.0;0.0;0.0;7009.5;-9159.0
1;30706.0;7007.0;233.0;0.0;0.0;0.0;0.0;7009.0;233.0;0.0;0.0;0.0;0.0;7008.0;-8145.0
1;30707.0;7007.0;239.0;0.0;0.0;0.0;0.0;7009.0;239.0;0.0;0.0;0.0;0.0;7008.0;-8260.5
1;30708.0;7007.0;65.0;7006.0;185.0;0.0;0.0;7009.0;250.0;0.0;0.0;0.0;0.0;7008.0;-7817.0
1;30709.0;7006.0;69.0;7005.0;185.0;0.0;0.0;7007.0;69.0;7008.0;185.0;0.0;0.0;7006.5;-6924.0
1;30710.0;7006.0;59.0;7005.0;141.0;0.0;0.0;7008.0;209.0;0.0;0.0;0.0;0.0;7007.0;-7111.0
1;30711.0;7007.0;212.0;0.0;0.0;0.0;0.0;7009.0;212.0;0.0;0.0;0.0;0.0;7008.0;-7917.5
1;30712.0;7004.0;226.0;0.0;0.0;0.0;0.0;7006.0;53.0;7007.0;173.0;0.0;0.0;7005.0;-6135.5
1;30713.0;7007.0;230.0;0.0;0.0;0.0;0.0;7009.0;75.0;7010.0;155.0;0.0;0.0;7008.0;-8340.0
1;30714.0;7007.0;55.0;7006.0;114.0;0.0;0.0;7008.0;55.0;7009.0;114.0;0.0;0.0;7007.5;-7643.5
1;30715.0;7007.0;75.0;7006.0;188.0;0.0;0.0;7009.0;263.0;0.0;0.0;0.0;0.0;7008.0;-7834.0
1;30716.0;7008.0;74.0;7007.0;105.0;0.0;0.0;7009.0;74.0;7010.0;105.0;0.0;0.0;7008.5;-8386.5
1;30717.0;7006.0;275.0;0.0;0.0;0.0;0.0;7008.0;275.0;0.0;0.0;0.0;0.0;7007.0;-7314.0
1;30718.0;7005.0;94.0;7004.0;162.0;0.0;0.0;7007.0;256.0;0.0;0.0;0.0;0.0;7006.0;-6336.5
1;30719.0;7006.0;57.0;7005.0;190.0;0.0;0.0;7007.0;57.0;7008.0;190.0;0.0;0.0;7006.5;-7045.5
1;30720.0;7006.0;231.0;0.0;0.0;0.0;0.0;7008.0;231.0;0.0;0.0;0.0;0.0;7007.0;-7214.0
1;30721.0;7008.0;87.0;7007.0;130.0;0.0;0.0;7009.0;87.0;7010.0;130.0;0.0;0.0;7008.5;-8388.0
1;30722.0;7008.0;97.0;7007.0;156.0;0.0;0.0;7009.0;97.0;7010.0;156.0;0.0;0.0;7008.5;-8495.5
1;30723.0;7008.0;262.0;0.0;0.0;0.0;0.0;7010.0;262.0;0.0;0.0;0.0;0.0;7009.0;-8623.5
1;30724.0;7010.0;246.0;0.0;0.0;0.0;0.0;7012.0;246.0;0.0;0.0;0.0;0.0;7011.0;-10392.0
1;30725.0;7009.0;163.0;0.0;0.0;0.0;0.0;7011.0;163.0;0.0;0.0;0.0;0.0;7010.0;-9762.5
1;30726.0;7008.0;232.0;0.0;0.0;0.0;0.0;7010.0;232.0;0.0;0.0;0.0;0.0;7009.0;-8898.5
1;30727.0;7009.0;288.0;0.0;0.0;0.0;0.0;7011.0;288.0;0.0;0.0;0.0;0.0;7010.0;-9540.5
1;30728.0;7010.0;70.0;7009.0;198.0;0.0;0.0;7012.0;268.0;0.0;0.0;0.0;0.0;7011.0;-10088.5
1;30729.0;7009.0;208.0;0.0;0.0;0.0;0.0;7011.0;208.0;0.0;0.0;0.0;0.0;7010.0;-9509.5
1;30730.0;7010.0;205.0;0.0;0.0;0.0;0.0;7012.0;205.0;0.0;0.0;0.0;0.0;7011.0;-10107.0
1;30731.0;7010.0;257.0;0.0;0.0;0.0;0.0;7012.0;257.0;0.0;0.0;0.0;0.0;7011.0;-10457.0
1;30732.0;7012.0;54.0;7011.0;171.0;0.0;0.0;7013.0;58.0;7014.0;171.0;0.0;0.0;7012.5;-11383.5
1;30733.0;7012.0;218.0;0.0;0.0;0.0;0.0;7014.0;218.0;0.0;0.0;0.0;0.0;7013.0;-11796.0
1;30734.0;7014.0;88.0;7013.0;105.0;0.0;0.0;7016.0;193.0;0.0;0.0;0.0;0.0;7015.0;-13089.5
1;30735.0;7015.0;84.0;7014.0;177.0;0.0;0.0;7017.0;261.0;0.0;0.0;0.0;0.0;7016.0;-13833.5
1;30736.0;7016.0;250.0;0.0;0.0;0.0;0.0;7018.0;250.0;0.0;0.0;0.0;0.0;7017.0;-15037.5
1;30737.0;7017.0;264.0;0.0;0.0;0.0;0.0;7019.0;264.0;0.0;0.0;0.0;0.0;7018.0;-15786.0
1;30738.0;7018.0;75.0;7017.0;154.0;0.0;0.0;7019.0;83.0;7020.0;154.0;0.0;0.0;7018.5;-15895.0
1;30739.0;7018.0;258.0;0.0;0.0;0.0;0.0;7020.0;258.0;0.0;0.0;0.0;0.0;7019.0;-16530.0
1;30740.0;7018.0;98.0;7017.0;142.0;0.0;0.0;7020.0;240.0;0.0;0.0;0.0;0.0;7019.0;-16117.0
1;30741.0;7018.0;198.0;0.0;0.0;0.0;0.0;7020.0;198.0;0.0;0.0;0.0;0.0;7019.0;-16175.0
1;30742.0;7018.0;56.0;7017.0;169.0;0.0;0.0;7020.0;225.0;0.0;0.0;0.0;0.0;7019.0;-16087.0
1;30743.0;7019.0;11.0;7018.0;210.0;0.0;0.0;7020.0;210.0;0.0;0.0;0.0;0.0;7019.5;-16473.5
1;30744.0;7017.0;214.0;0.0;0.0;0.0;0.0;7019.0;214.0;0.0;0.0;0.0;0.0;7018.0;-15710.0
1;30745.0;7016.0;200.0;0.0;0.0;0.0;0.0;7018.0;200.0;0.0;0.0;0.0;0.0;7017.0;-14719.5
1;30746.0;7017.0;53.0;7016.0;181.0;0.0;0.0;7018.0;53.0;7019.0;181.0;0.0;0.0;7017.5;-15240.5
1;30747.0;7014.0;170.0;0.0;0.0;0.0;0.0;7016.0;170.0;0.0;0.0;0.0;0.0;7015.0;-13384.0
1;30748.0;7016.0;85.0;7015.0;182.0;0.0;0.0;7017.0;85.0;7018.0;182.0;0.0;0.0;7016.5;-14408.0
1;30749.0;7016.0;210.0;0.0;0.0;0.0;0.0;7017.0;12.0;7018.0;210.0;0.0;0.0;7016.5;-14955.5
1;30750.0;7016.0;211.0;0.0;0.0;0.0;0.0;7018.0;211.0;0.0;0.0;0.0;0.0;7017.0;-14858.5
1;30751.0;7016.0;249.0;0.0;0.0;0.0;0.0;7018.0;249.0;0.0;0.0;0.0;0.0;7017.0;-14901.5
1;30752.0;7017.0;4.0;7016.0;294.0;0.0;0.0;7018.0;294.0;0.0;0.0;0.0;0.0;7017.5;-14988.5
1;30753.0;7016.0;220.0;0.0;0.0;0.0;0.0;7018.0;220.0;0.0;0.0;0.0;0.0;7017.0;-14769.0
1;30754.0;7016.0;59.0;7015.0;156.0;0.0;0.0;7017.0;59.0;7018.0;156.0;0.0;0.0;7016.5;-14393.5
1;30755.0;7015.0;245.0;0.0;0.0;0.0;0.0;7017.0;245.0;0.0;0.0;0.0;0.0;7016.0;-14216.5
1;30756.0;7016.0;55.0;7015.0;114.0;0.0;0.0;7017.0;55.0;7018.0;114.0;0.0;0.0;7016.5;-14540.0
1;30757.0;7015.0;64.0;7014.0;170.0;0.0;0.0;7017.0;234.0;0.0;0.0;0.0;0.0;7016.0;-13808.0
1;30758.0;7014.0;201.0;0.0;0.0;0.0;0.0;7016.0;201.0;0.0;0.0;0.0;0.0;7015.0;-13212.0
1;30759.0;7014.0;241.0;0.0;0.0;0.0;0.0;7016.0;241.0;0.0;0.0;0.0;0.0;7015.0;-13441.5
1;30760.0;7013.0;74.0;7012.0;200.0;0.0;0.0;7014.0;74.0;7015.0;200.0;0.0;0.0;7013.5;-12131.0
1;30761.0;7012.0;265.0;0.0;0.0;0.0;0.0;7014.0;265.0;0.0;0.0;0.0;0.0;7013.0;-11826.0
1;30762.0;7013.0;186.0;0.0;0.0;0.0;0.0;7015.0;186.0;0.0;0.0;0.0;0.0;7014.0;-12555.5
1;30763.0;7012.0;102.0;7011.0;152.0;0.0;0.0;7014.0;243.0;0.0;0.0;0.0;0.0;7013.0;-11495.0
1;30764.0;7012.0;174.0;0.0;0.0;0.0;0.0;7014.0;174.0;0.0;0.0;0.0;0.0;7013.0;-11546.0
1;30765.0;7012.0;69.0;7011.0;137.0;0.0;0.0;7013.0;69.0;7014.0;137.0;0.0;0.0;7012.5;-11494.0
1;30766.0;7013.0;105.0;7012.0;127.0;0.0;0.0;7014.0;97.0;7015.0;127.0;0.0;0.0;7013.5;-12095.5
1;30767.0;7011.0;185.0;0.0;0.0;0.0;0.0;7013.0;182.0;0.0;0.0;0.0;0.0;7012.0;-10955.5
1;30768.0;7011.0;193.0;0.0;0.0;0.0;0.0;7013.0;193.0;0.0;0.0;0.0;0.0;7012.0;-11034.0
1;30769.0;7012.0;82.0;7011.0;178.0;0.0;0.0;7013.0;82.0;7014.0;178.0;0.0;0.0;7012.5;-11282.0
1;30770.0;7010.0;258.0;0.0;0.0;0.0;0.0;7012.0;258.0;0.0;0.0;0.0;0.0;7011.0;-10000.0
1;30771.0;7010.0;86.0;7009.0;186.0;0.0;0.0;7011.0;86.0;7012.0;186.0;0.0;0.0;7010.5;-9855.0
1;30772.0;7010.0;99.0;7009.0;164.0;0.0;0.0;7011.0;93.0;7012.0;164.0;0.0;0.0;7010.5;-9807.5
1;30773.0;7009.0;93.0;7008.0;126.0;0.0;0.0;7010.0;93.0;7011.0;126.0;0.0;0.0;7009.5;-9039.0
1;30774.0;7008.0;267.0;0.0;0.0;0.0;0.0;7010.0;267.0;0.0;0.0;0.0;0.0;7009.0;-8499.0
1;30775.0;7007.0;218.0;0.0;0.0;0.0;0.0;7009.0;218.0;0.0;0.0;0.0;0.0;7008.0;-7975.5
1;30776.0;7008.0;91.0;7007.0;103.0;0.0;0.0;7009.0;91.0;7010.0;103.0;0.0;0.0;7008.5;-8345.0
1;30777.0;7006.0;208.0;0.0;0.0;0.0;0.0;7008.0;208.0;0.0;0.0;0.0;0.0;7007.0;-7171.5
1;30778.0;7007.0;271.0;0.0;0.0;0.0;0.0;7009.0;264.0;0.0;0.0;0.0;0.0;7008.0;-7891.0
1;30779.0;7008.0;183.0;0.0;0.0;0.0;0.0;7010.0;183.0;0.0;0.0;0.0;0.0;7009.0;-8574.5
1;30780.0;7008.0;64.0;7007.0;184.0;0.0;0.0;7009.0;64.0;7010.0;184.0;0.0;0.0;7008.5;-8402.0
1;30781.0;7010.0;191.0;0.0;0.0;0.0;0.0;7012.0;191.0;0.0;0.0;0.0;0.0;7011.0;-10020.5
1;30782.0;7010.0;217.0;0.0;0.0;0.0;0.0;7012.0;217.0;0.0;0.0;0.0;0.0;7011.0;-10061.0
1;30783.0;7012.0;58.0;7011.0;112.0;0.0;0.0;7013.0;58.0;7014.0;112.0;0.0;0.0;7012.5;-11396.0
1;30784.0;7012.0;80.0;7011.0;169.0;0.0;0.0;7013.0;80.0;7014.0;169.0;0.0;0.0;7012.5;-11466.0
1;30785.0;7012.0;192.0;0.0;0.0;0.0;0.0;7014.0;192.0;0.0;0.0;0.0;0.0;7013.0;-11565.5
1;30786.0;7012.0;209.0;0.0;0.0;0.0;0.0;7014.0;209.0;0.0;0.0;0.0;0.0;7013.0;-11835.5
1;30787.0;7014.0;212.0;0.0;0.0;0.0;0.0;7016.0;212.0;0.0;0.0;0.0;0.0;7015.0;-13206.5
1;30788.0;7014.0;206.0;0.0;0.0;0.0;0.0;7015.0;3.0;7016.0;206.0;0.0;0.0;7014.5;-13532.0
1;30789.0;7015.0;248.0;0.0;0.0;0.0;0.0;7017.0;248.0;0.0;0.0;0.0;0.0;7016.0;-13893.0
1;30790.0;7015.0;89.0;7014.0;153.0;0.0;0.0;7016.0;89.0;7017.0;153.0;0.0;0.0;7015.5;-13704.0
1;30791.0;7014.0;179.0;0.0;0.0;0.0;0.0;7016.0;75.0;7017.0;104.0;0.0;0.0;7015.0;-13610.0
1;30792.0;7013.0;192.0;0.0;0.0;0.0;0.0;7015.0;192.0;0.0;0.0;0.0;0.0;7014.0;-12665.5
1;30793.0;7014.0;97.0;7013.0;163.0;0.0;0.0;7015.0;97.0;7016.0;163.0;0.0;0.0;7014.5;-12905.0
1;30794.0;7013.0;273.0;0.0;0.0;0.0;0.0;7015.0;273.0;0.0;0.0;0.0;0.0;7014.0;-12487.5
1;30795.0;7015.0;81.0;7014.0;152.0;0.0;0.0;7016.0;81.0;7017.0;152.0;0.0;0.0;7015.5;-13721.0
1;30796.0;7014.0;264.0;0.0;0.0;0.0;0.0;7016.0;264.0;0.0;0.0;0.0;0.0;7015.0;-13231.5
1;30797.0;7015.0;265.0;0.0;0.0;0.0;0.0;7017.0;265.0;0.0;0.0;0.0;0.0;7016.0;-14156.5
1;30798.0;7017.0;61.0;7016.0;189.0;0.0;0.0;7018.0;61.0;7019.0;189.0;0.0;0.0;7017.5;-15341.0
1;30799.0;7016.0;279.0;0.0;0.0;0.0;0.0;7018.0;96.0;7019.0;183.0;0.0;0.0;7017.0;-15187.5
1;30800.0;7017.0;206.0;0.0;0.0;0.0;0.0;7019.0;90.0;7020.0;116.0;0.0;0.0;7018.0;-15981.0
1;30801.0;7017.0;181.0;0.0;0.0;0.0;0.0;7019.0;181.0;0.0;0.0;0.0;0.0;7018.0;-15900.5
1;30802.0;7017.0;99.0;7016.0;147.0;0.0;0.0;7019.0;246.0;0.0;0.0;0.0;0.0;7018.0;-15470.0
1;30803.0;7017.0;67.0;7016.0;162.0;0.0;0.0;7018.0;67.0;7019.0;162.0;0.0;0.0;7017.5;-15308.0
1;30804.0;7016.0;206.0;0.0;0.0;0.0;0.0;7018.0;206.0;0.0;0.0;0.0;0.0;7017.0;-15123.5
1;30805.0;7017.0;276.0;0.0;0.0;0.0;0.0;7019.0;276.0;0.0;0.0;0.0;0.0;7018.0;-15882.0
1;30806.0;7018.0;197.0;0.0;0.0;0.0;0.0;7020.0;197.0;0.0;0.0;0.0;0.0;7019.0;-16698.5
1;30807.0;7018.0;61.0;7017.0;145.0;0.0;0.0;7019.0;61.0;7020.0;145.0;0.0;0.0;7018.5;-16109.0
1;30808.0;7017.0;215.0;0.0;0.0;0.0;0.0;7019.0;215.0;0.0;0.0;0.0;0.0;7018.0;-15937.5
1;30809.0;7019.0;94.0;7018.0;180.0;0.0;0.0;7020.0;94.0;7021.0;180.0;0.0;0.0;7019.5;-16883.0
1;30810.0;7019.0;221.0;0.0;0.0;0.0;0.0;7021.0;221.0;0.0;0.0;0.0;0.0;7020.0;-17201.5
1;30811.0;7019.0;196.0;0.0;0.0;0.0;0.0;7021.0;196.0;0.0;0.0;0.0;0.0;7020.0;-17085.0
1;30812.0;7017.0;255.0;0.0;0.0;0.0;0.0;7019.0;255.0;0.0;0.0;0.0;0.0;7018.0;-15636.5
1;30813.0;7018.0;202.0;0.0;0.0;0.0;0.0;7020.0;202.0;0.0;0.0;0.0;0.0;7019.0;-16691.5
1;30814.0;7017.0;258.0;0.0;0.0;0.0;0.0;7019.0;258.0;0.0;0.0;0.0;0.0;7018.0;-15714.0
1;30815.0;7017.0;176.0;0.0;0.0;0.0;0.0;7019.0;176.0;0.0;0.0;0.0;0.0;7018.0;-15816.0
1;30816.0;7018.0;70.0;7017.0;109.0;0.0;0.0;7019.0;70.0;7020.0;109.0;0.0;0.0;7018.5;-16174.0
1;30817.0;7018.0;252.0;0.0;0.0;0.0;0.0;7020.0;252.0;0.0;0.0;0.0;0.0;7019.0;-16595.5
1;30818.0;7019.0;12.0;7018.0;221.0;0.0;0.0;7020.0;221.0;0.0;0.0;0.0;0.0;7019.5;-16751.5
1;30819.0;7018.0;214.0;0.0;0.0;0.0;0.0;7020.0;214.0;0.0;0.0;0.0;0.0;7019.0;-16709.5
1;30820.0;7019.0;283.0;0.0;0.0;0.0;0.0;7021.0;283.0;0.0;0.0;0.0;0.0;7020.0;-17421.5
1;30821.0;7019.0;232.0;0.0;0.0;0.0;0.0;7021.0;232.0;0.0;0.0;0.0;0.0;7020.0;-17303.5
1;30822.0;7019.0;255.0;0.0;0.0;0.0;0.0;7021.0;255.0;0.0;0.0;0.0;0.0;7020.0;-17578.0
1;30823.0;7020.0;92.0;7019.0;120.0;0.0;0.0;7021.0;92.0;7022.0;120.0;0.0;0.0;7020.5;-17673.5
1;30824.0;7021.0;68.0;7020.0;139.0;0.0;0.0;7023.0;207.0;0.0;0.0;0.0;0.0;7022.0;-18715.5
1;30825.0;7021.0;91.0;7020.0;117.0;0.0;0.0;7022.0;91.0;7023.0;117.0;0.0;0.0;7021.5;-18676.5
1;30826.0;7019.0;169.0;0.0;0.0;0.0;0.0;7021.0;169.0;0.0;0.0;0.0;0.0;7020.0;-17377.0
1;30827.0;7019.0;83.0;7018.0;130.0;0.0;0.0;7020.0;83.0;7021.0;130.0;0.0;0.0;7019.5;-16921.0
1;30828.0;7019.0;186.0;0.0;0.0;0.0;0.0;7021.0;186.0;0.0;0.0;0.0;0.0;7020.0;-17240.5
1;30829.0;7018.0;56.0;7017.0;150.0;0.0;0.0;7019.0;56.0;7020.0;150.0;0.0;0.0;7018.5;-16196.0
1;30830.0;7020.0;194.0;0.0;0.0;0.0;0.0;7022.0;191.0;0.0;0.0;0.0;0.0;7021.0;-18054.5
1;30831.0;7020.0;189.0;0.0;0.0;0.0;0.0;7022.0;189.0;0.0;0.0;0.0;0.0;7021.0;-18272.0
1;30832.0;7020.0;63.0;7019.0;167.0;0.0;0.0;7021.0;63.0;7022.0;167.0;0.0;0.0;7020.5;-17718.5
1;30833.0;7021.0;247.0;0.0;0.0;0.0;0.0;7023.0;247.0;0.0;0.0;0.0;0.0;7022.0;-18933.5
1;30834.0;7022.0;183.0;0.0;0.0;0.0;0.0;7024.0;183.0;0.0;0.0;0.0;0.0;7023.0;-19852.0
1;30835.0;7021.0;207.0;0.0;0.0;0.0;0.0;7023.0;207.0;0.0;0.0;0.0;0.0;7022.0;-19122.5
1;30836.0;7020.0;187.0;0.0;0.0;0.0;0.0;7022.0;187.0;0.0;0.0;0.0;0.0;7021.0;-18343.5
1;30837.0;7021.0;257.0;0.0;0.0;0.0;0.0;7023.0;257.0;0.0;0.0;0.0;0.0;7022.0;-18754.5
1;30838.0;7020.0;206.0;0.0;0.0;0.0;0.0;7022.0;206.0;0.0;0.0;0.0;0.0;7021.0;-18335.5
1;30839.0;7019.0;281.0;0.0;0.0;0.0;0.0;7021.0;281.0;0.0;0.0;0.0;0.0;7020.0;-17170.5
1;30840.0;7020.0;220.0;0.0;0.0;0.0;0.0;7022.0;220.0;0.0;0.0;0.0;0.0;7021.0;-18241.0
1;30841.0;7020.0;151.0;0.0;0.0;0.0;0.0;7022.0;151.0;0.0;0.0;0.0;0.0;7021.0;-18241.0
1;30842.0;7022.0;60.0;7021.0;141.0;0.0;0.0;7023.0;60.0;7024.0;141.0;0.0;0.0;7022.5;-19435.0
1;30843.0;7022.0;240.0;0.0;0.0;0.0;0.0;7024.0;240.0;0.0;0.0;0.0;0.0;7023.0;-19916.0
1;30844.0;7022.0;283.0;0.0;0.0;0.0;0.0;7024.0;283.0;0.0;0.0;0.0;0.0;7023.0;-19706.0
1;30845.0;7021.0;245.0;0.0;0.0;0.0;0.0;7023.0;245.0;0.0;0.0;0.0;0.0;7022.0;-19109.5
1;30846.0;7022.0;260.0;0.0;0.0;0.0;0.0;7024.0;260.0;0.0;0.0;0.0;0.0;7023.0;-19551.5
1;30847.0;7024.0;54.0;7023.0;101.0;0.0;0.0;7025.0;54.0;7026.0;101.0;0.0;0.0;7024.5;-21012.5
1;30848.0;7024.0;251.0;0.0;0.0;0.0;0.0;7026.0;251.0;0.0;0.0;0.0;0.0;7025.0;-21560.0
1;30849.0;7025.0;57.0;7024.0;140.0;0.0;0.0;7026.0;57.0;7027.0;140.0;0.0;0.0;7025.5;-21929.0
1;30850.0;7023.0;209.0;0.0;0.0;0.0;0.0;7025.0;209.0;0.0;0.0;0.0;0.0;7024.0;-20548.5
1;30851.0;7023.0;177.0;0.0;0.0;0.0;0.0;7025.0;77.0;7026.0;100.0;0.0;0.0;7024.0;-20872.5
1;30852.0;7024.0;210.0;0.0;0.0;0.0;0.0;7026.0;210.0;0.0;0.0;0.0;0.0;7025.0;-21380.5
1;30853.0;7025.0;203.0;0.0;0.0;0.0;0.0;7027.0;203.0;0.0;0.0;0.0;0.0;7026.0;-22422.0
1;30854.0;7026.0;226.0;0.0;0.0;0.0;0.0;7028.0;226.0;0.0;0.0;0.0;0.0;7027.0;-22884.5
1;30855.0;7025.0;258.0;0.0;0.0;0.0;0.0;7027.0;258.0;0.0;0.0;0.0;0.0;7026.0;-22461.5
1;30856.0;7026.0;202.0;0.0;0.0;0.0;0.0;7028.0;202.0;0.0;0.0;0.0;0.0;7027.0;-23203.0
1;30857.0;7029.0;198.0;0.0;0.0;0.0;0.0;7031.0;198.0;0.0;0.0;0.0;0.0;7030.0;-25401.5
1;30858.0;7029.0;71.0;7028.0;110.0;0.0;0.0;7030.0;71.0;7031.0;110.0;0.0;0.0;7029.5;-25159.0
1;30859.0;7029.0;100.0;7028.0;107.0;0.0;0.0;7030.0;100.0;7031.0;107.0;0.0;0.0;7029.5;-25038.0
1;30860.0;7027.0;186.0;0.0;0.0;0.0;0.0;7029.0;186.0;0.0;0.0;0.0;0.0;7028.0;-24086.0
1;30861.0;7029.0;10.0;7028.0;209.0;0.0;0.0;7030.0;51.0;7031.0;158.0;0.0;0.0;7029.5;-25002.5
1;30862.0;7029.0;53.0;7028.0;102.0;0.0;0.0;7030.0;53.0;7031.0;102.0;0.0;0.0;7029.5;-25178.0
1;30863.0;7028.0;177.0;0.0;0.0;0.0;0.0;7030.0;177.0;0.0;0.0;0.0;0.0;7029.0;-24785.0
1;30864.0;7030.0;243.0;0.0;0.0;0.0;0.0;7032.0;243.0;0.0;0.0;0.0;0.0;7031.0;-26185.0
1;30865.0;7030.0;89.0;7029.0;116.0;0.0;0.0;7031.0;89.0;7032.0;116.0;0.0;0.0;7030.5;-25956.5
1;30866.0;7029.0;4.0;7028.0;269.0;0.0;0.0;7030.0;73.0;7031.0;196.0;0.0;0.0;7029.5;-24984.0
1;30867.0;7030.0;63.0;7029.0;192.0;0.0;0.0;7031.0;63.0;7032.0;192.0;0.0;0.0;7030.5;-25860.5
1;30868.0;7029.0;55.0;7028.0;114.0;0.0;0.0;7031.0;169.0;0.0;0.0;0.0;0.0;7030.0;-25252.5
1;30869.0;7028.0;50.0;7027.0;125.0;0.0;0.0;7029.0;50.0;7030.0;125.0;0.0;0.0;7028.5;-24277.5
1;30870.0;7029.0;240.0;0.0;0.0;0.0;0.0;7031.0;240.0;0.0;0.0;0.0;0.0;7030.0;-25740.5
1;30871.0;7026.0;216.0;0.0;0.0;0.0;0.0;7028.0;79.0;7029.0;137.0;0.0;0.0;7027.0;-23283.0
1;30872.0;7025.0;54.0;7024.0;178.0;0.0;0.0;7026.0;54.0;7027.0;178.0;0.0;0.0;7025.5;-21793.5
1;30873.0;7025.0;285.0;0.0;0.0;0.0;0.0;7027.0;285.0;0.0;0.0;0.0;0.0;7026.0;-21915.0
1;30874.0;7027.0;229.0;0.0;0.0;0.0;0.0;7028.0;10.0;7029.0;229.0;0.0;0.0;7027.5;-23880.5
1;30875.0;7027.0;212.0;0.0;0.0;0.0;0.0;7029.0;212.0;0.0;0.0;0.0;0.0;7028.0;-23631.0
1;30876.0;7028.0;70.0;7027.0;185.0;0.0;0.0;7029.0;65.0;7030.0;185.0;0.0;0.0;7028.5;-24193.0
1;30877.0;7027.0;246.0;0.0;0.0;0.0;0.0;7029.0;246.0;0.0;0.0;0.0;0.0;7028.0;-23747.5
1;30878.0;7026.0;54.0;7025.0;168.0;0.0;0.0;7027.0;54.0;7028.0;168.0;0.0;0.0;7026.5;-22577.5
1;30879.0;7023.0;64.0;7022.0;199.0;0.0;0.0;7024.0;64.0;7025.0;199.0;0.0;0.0;7023.5;-20155.5
1;30880.0;7023.0;233.0;0.0;0.0;0.0;0.0;7025.0;88.0;7026.0;145.0;0.0;0.0;7024.0;-20760.5
1;30881.0;7025.0;3.0;7024.0;229.0;0.0;0.0;7026.0;64.0;7027.0;165.0;0.0;0.0;7025.5;-21600.0
1;30882.0;7025.0;68.0;7024.0;104.0;0.0;0.0;7026.0;68.0;7027.0;104.0;0.0;0.0;7025.5;-21613.0
1;30883.0;7025.0;98.0;7024.0;164.0;0.0;0.0;7026.0;98.0;7027.0;164.0;0.0;0.0;7025.5;-21824.0
1;30884.0;7026.0;242.0;0.0;0.0;0.0;0.0;7028.0;242.0;0.0;0.0;0.0;0.0;7027.0;-23210.5
1;30885.0;7026.0;59.0;7025.0;159.0;0.0;0.0;7027.0;59.0;7028.0;159.0;0.0;0.0;7026.5;-22659.5
1;30886.0;7027.0;71.0;7026.0;165.0;0.0;0.0;7028.0;71.0;7029.0;165.0;0.0;0.0;7027.5;-23507.0
1;30887.0;7027.0;276.0;0.0;0.0;0.0;0.0;7029.0;276.0;0.0;0.0;0.0;0.0;7028.0;-23987.5
1;30888.0;7026.0;227.0;0.0;0.0;0.0;0.0;7028.0;227.0;0.0;0.0;0.0;0.0;7027.0;-22781.0
1;30889.0;7025.0;57.0;7024.0;138.0;0.0;0.0;7026.0;57.0;7027.0;138.0;0.0;0.0;7025.5;-21767.5
1;30890.0;7027.0;71.0;7026.0;110.0;0.0;0.0;7028.0;80.0;7029.0;110.0;0.0;0.0;7027.5;-23502.5
1;30891.0;7027.0;265.0;0.0;0.0;0.0;0.0;7029.0;265.0;0.0;0.0;0.0;0.0;7028.0;-23981.5
1;30892.0;7027.0;277.0;0.0;0.0;0.0;0.0;7029.0;277.0;0.0;0.0;0.0;0.0;7028.0;-23931.5
1;30893.0;7027.0;179.0;0.0;0.0;0.0;0.0;7029.0;179.0;0.0;0.0;0.0;0.0;7028.0;-24068.5
1;30894.0;7026.0;54.0;7025.0;104.0;0.0;0.0;7027.0;54.0;7028.0;104.0;0.0;0.0;7026.5;-22666.0
1;30895.0;7028.0;240.0;0.0;0.0;0.0;0.0;7030.0;240.0;0.0;0.0;0.0;0.0;7029.0;-24582.5
1;30896.0;7029.0;199.0;0.0;0.0;0.0;0.0;7031.0;199.0;0.0;0.0;0.0;0.0;7030.0;-25687.0
1;30897.0;7027.0;209.0;0.0;0.0;0.0;0.0;7029.0;209.0;0.0;0.0;0.0;0.0;7028.0;-24063.0
1;30898.0;7028.0;225.0;0.0;0.0;0.0;0.0;7030.0;225.0;0.0;0.0;0.0;0.0;7029.0;-24715.5
1;30899.0;7027.0;74.0;7026.0;168.0;0.0;0.0;7028.0;74.0;7029.0;168.0;0.0;0.0;7027.5;-23256.0
1;30900.0;7028.0;206.0;0.0;0.0;0.0;0.0;7030.0;206.0;0.0;0.0;0.0;0.0;7029.0;-24453.0
1;30901.0;7028.0;201.0;0.0;0.0;0.0;0.0;7030.0;201.0;0.0;0.0;0.0;0.0;7029.0;-24682.5
1;30902.0;7027.0;90.0;7026.0;133.0;0.0;0.0;7028.0;90.0;7029.0;133.0;0.0;0.0;7027.5;-23316.0
1;30903.0;7025.0;258.0;0.0;0.0;0.0;0.0;7027.0;258.0;0.0;0.0;0.0;0.0;7026.0;-22049.0
1;30904.0;7025.0;189.0;0.0;0.0;0.0;0.0;7027.0;189.0;0.0;0.0;0.0;0.0;7026.0;-22235.0
1;30905.0;7025.0;76.0;7024.0;124.0;0.0;0.0;7026.0;76.0;7027.0;124.0;0.0;0.0;7025.5;-21589.0
1;30906.0;7027.0;225.0;0.0;0.0;0.0;0.0;7029.0;225.0;0.0;0.0;0.0;0.0;7028.0;-23704.5
1;30907.0;7027.0;73.0;7026.0;138.0;0.0;0.0;7029.0;211.0;0.0;0.0;0.0;0.0;7028.0;-23529.5
1;30908.0;7026.0;67.0;7025.0;161.0;0.0;0.0;7027.0;67.0;7028.0;161.0;0.0;0.0;7026.5;-22490.5
1;30909.0;7026.0;224.0;0.0;0.0;0.0;0.0;7028.0;224.0;0.0;0.0;0.0;0.0;7027.0;-22882.5
1;30910.0;7027.0;215.0;0.0;0.0;0.0;0.0;7029.0;215.0;0.0;0.0;0.0;0.0;7028.0;-23897.0
1;30911.0;7027.0;212.0;0.0;0.0;0.0;0.0;7029.0;203.0;0.0;0.0;0.0;0.0;7028.0;-23658.5
1;30912.0;7027.0;210.0;0.0;0.0;0.0;0.0;7029.0;210.0;0.0;0.0;0.0;0.0;7028.0;-23960.5
1;30913.0;7027.0;85.0;7026.0;182.0;0.0;0.0;7028.0;85.0;7029.0;182.0;0.0;0.0;7027.5;-23427.0
1;30914.0;7025.0;269.0;0.0;0.0;0.0;0.0;7027.0;269.0;0.0;0.0;0.0;0.0;7026.0;-22091.0
1;30915.0;7025.0;56.0;7024.0;191.0;0.0;0.0;7026.0;56.0;7027.0;191.0;0.0;0.0;7025.5;-21583.5
1;30916.0;7026.0;68.0;7025.0;195.0;0.0;0.0;7027.0;68.0;7028.0;195.0;0.0;0.0;7026.5;-22504.5
1;30917.0;7026.0;88.0;7025.0;140.0;0.0;0.0;7027.0;88.0;7028.0;140.0;0.0;0.0;7026.5;-22575.5
1;30918.0;7026.0;261.0;0.0;0.0;0.0;0.0;7028.0;261.0;0.0;0.0;0.0;0.0;7027.0;-23074.0
1;30919.0;7026.0;190.0;0.0;0.0;0.0;0.0;7028.0;190.0;0.0;0.0;0.0;0.0;7027.0;-22684.0
1;30920.0;7026.0;174.0;0.0;0.0;0.0;0.0;7028.0;174.0;0.0;0.0;0.0;0.0;7027.0;-22836.5
1;30921.0;7027.0;47.0;7026.0;106.0;0.0;0.0;7028.0;57.0;7029.0;106.0;0.0;0.0;7027.5;-23430.0
1;30922.0;7028.0;256.0;0.0;0.0;0.0;0.0;7030.0;256.0;0.0;0.0;0.0;0.0;7029.0;-24889.5
1;30923.0;7029.0;54.0;7028.0;192.0;0.0;0.0;7031.0;246.0;0.0;0.0;0.0;0.0;7030.0;-25300.5
1;30924.0;7027.0;59.0;7026.0;195.0;0.0;0.0;7028.0;59.0;7029.0;195.0;0.0;0.0;7027.5;-23398.0
1;30925.0;7026.0;55.0;7025.0;159.0;0.0;0.0;7027.0;55.0;7028.0;159.0;0.0;0.0;7026.5;-22558.5
1;30926.0;7026.0;189.0;0.0;0.0;0.0;0.0;7028.0;189.0;0.0;0.0;0.0;0.0;7027.0;-23024.5
1;30927.0;7027.0;240.0;0.0;0.0;0.0;0.0;7029.0;240.0;0.0;0.0;0.0;0.0;7028.0;-23686.0
1;30928.0;7026.0;69.0;7025.0;179.0;0.0;0.0;7027.0;69.0;7028.0;179.0;0.0;0.0;7026.5;-22369.0
1;30929.0;7025.0;76.0;7024.0;142.0;0.0;0.0;7027.0;218.0;0.0;0.0;0.0;0.0;7026.0;-21751.0
1;30930.0;7023.0;166.0;0.0;0.0;0.0;0.0;7025.0;166.0;0.0;0.0;0.0;0.0;7024.0;-20295.5
1;30931.0;7022.0;171.0;0.0;0.0;0.0;0.0;7024.0;171.0;0.0;0.0;0.0;0.0;7023.0;-19560.0
1;30932.0;7022.0;236.0;0.0;0.0;0.0;0.0;7024.0;236.0;0.0;0.0;0.0;0.0;7023.0;-19412.0
1;30933.0;7022.0;277.0;0.0;0.0;0.0;0.0;7024.0;277.0;0.0;0.0;0.0;0.0;7023.0;-19528.5
1;30934.0;7023.0;182.0;0.0;0.0;0.0;0.0;7025.0;182.0;0.0;0.0;0.0;0.0;7024.0;-20124.0
1;30935.0;7023.0;74.0;7022.0;165.0;0.0;0.0;7024.0;74.0;7025.0;165.0;0.0;0.0;7023.5;-19782.5
1;30936.0;7024.0;96.0;7023.0;134.0;0.0;0.0;7025.0;96.0;7026.0;134.0;0.0;0.0;7024.5;-20766.0
1;30937.0;7026.0;78.0;7025.0;180.0;0.0;0.0;7027.0;85.0;7028.0;180.0;0.0;0.0;7026.5;-22556.0
1;30938.0;7027.0;226.0;0.0;0.0;0.0;0.0;7029.0;226.0;0.0;0.0;0.0;0.0;7028.0;-23862.0
1;30939.0;7029.0;64.0;7028.0;183.0;0.0;0.0;7030.0;64.0;7031.0;183.0;0.0;0.0;7029.5;-25205.0
1;30940.0;7029.0;97.0;7028.0;104.0;0.0;0.0;7030.0;97.0;7031.0;104.0;0.0;0.0;7029.5;-25114.5
1;30941.0;7027.0;199.0;0.0;0.0;0.0;0.0;7029.0;199.0;0.0;0.0;0.0;0.0;7028.0;-23978.0
1;30942.0;7027.0;53.0;7026.0;138.0;0.0;0.0;7028.0;53.0;7029.0;138.0;0.0;0.0;7027.5;-23354.0
1;30943.0;7026.0;260.0;0.0;0.0;0.0;0.0;7028.0;260.0;0.0;0.0;0.0;0.0;7027.0;-22771.5
1;30944.0;7024.0;70.0;7023.0;108.0;0.0;0.0;7026.0;178.0;0.0;0.0;0.0;0.0;7025.0;-20790.0
1;30945.0;7023.0;251.0;0.0;0.0;0.0;0.0;7025.0;251.0;0.0;0.0;0.0;0.0;7024.0;-19979.5
1;30946.0;7025.0;242.0;0.0;0.0;0.0;0.0;7027.0;242.0;0.0;0.0;0.0;0.0;7026.0;-21768.5
1;30947.0;7026.0;259.0;0.0;0.0;0.0;0.0;7028.0;259.0;0.0;0.0;0.0;0.0;7027.0;-23083.0
1;30948.0;7026.0;254.0;0.0;0.0;0.0;0.0;7028.0;254.0;0.0;0.0;0.0;0.0;7027.0;-22878.5
1;30949.0;7028.0;224.0;0.0;0.0;0.0;0.0;7030.0;224.0;0.0;0.0;0.0;0.0;7029.0;-24549.0
1;30950.0;7028.0;271.0;0.0;0.0;0.0;0.0;7029.0;12.0;7030.0;271.0;0.0;0.0;7028.5;-24757.0
1;30951.0;7030.0;212.0;0.0;0.0;0.0;0.0;7032.0;98.0;7033.0;114.0;0.0;0.0;7031.0;-26889.0
1;30952.0;7031.0;84.0;7030.0;186.0;0.0;0.0;7032.0;91.0;7033.0;186.0;0.0;0.0;7031.5;-27037.0
1;30953.0;7031.0;66.0;7030.0;178.0;0.0;0.0;7033.0;244.0;0.0;0.0;0.0;0.0;7032.0;-27203.5
1;30954.0;7031.0;220.0;0.0;0.0;0.0;0.0;7033.0;220.0;0.0;0.0;0.0;0.0;7032.0;-27373.5
1;30955.0;7031.0;265.0;0.0;0.0;0.0;0.0;7033.0;265.0;0.0;0.0;0.0;0.0;7032.0;-27233.0
1;30956.0;7033.0;75.0;7032.0;142.0;0.0;0.0;7034.0;75.0;7035.0;142.0;0.0;0.0;7033.5;-28925.0
1;30957.0;7031.0;190.0;0.0;0.0;0.0;0.0;7033.0;190.0;0.0;0.0;0.0;0.0;7032.0;-27415.5
1;30958.0;7031.0;51.0;7030.0;103.0;0.0;0.0;7032.0;51.0;7033.0;103.0;0.0;0.0;7031.5;-27103.5
1;30959.0;7031.0;238.0;0.0;0.0;0.0;0.0;7033.0;238.0;0.0;0.0;0.0;0.0;7032.0;-27440.0
1;30960.0;7032.0;215.0;0.0;0.0;0.0;0.0;7034.0;215.0;0.0;0.0;0.0;0.0;7033.0;-28503.5
1;30961.0;7033.0;62.0;7032.0;145.0;0.0;0.0;7034.0;67.0;7035.0;145.0;0.0;0.0;7033.5;-28781.0
1;30962.0;7032.0;220.0;0.0;0.0;0.0;0.0;7034.0;220.0;0.0;0.0;0.0;0.0;7033.0;-28533.5
1;30963.0;7029.0;279.0;0.0;0.0;0.0;0.0;7031.0;279.0;0.0;0.0;0.0;0.0;7030.0;-25724.5
1;30964.0;7028.0;218.0;0.0;0.0;0.0;0.0;7030.0;218.0;0.0;0.0;0.0;0.0;7029.0;-24928.0
1;30965.0;7029.0;205.0;0.0;0.0;0.0;0.0;7031.0;205.0;0.0;0.0;0.0;0.0;7030.0;-25604.5
1;30966.0;7028.0;263.0;0.0;0.0;0.0;0.0;7030.0;263.0;0.0;0.0;0.0;0.0;7029.0;-24459.0
1;30967.0;7028.0;99.0;7027.0;151.0;0.0;0.0;7029.0;99.0;7030.0;151.0;0.0;0.0;7028.5;-24212.5
1;30968.0;7029.0;240.0;0.0;0.0;0.0;0.0;7031.0;240.0;0.0;0.0;0.0;0.0;7030.0;-25729.0
1;30969.0;7028.0;243.0;0.0;0.0;0.0;0.0;7030.0;243.0;0.0;0.0;0.0;0.0;7029.0;-24583.0
1;30970.0;7029.0;211.0;0.0;0.0;0.0;0.0;7031.0;211.0;0.0;0.0;0.0;0.0;7030.0;-25843.0
1;30971.0;7030.0;154.0;0.0;0.0;0.0;0.0;7032.0;154.0;0.0;0.0;0.0;0.0;7031.0;-26735.5
1;30972.0;7030.0;187.0;0.0;0.0;0.0;0.0;7031.0;7.0;7032.0;187.0;0.0;0.0;7030.5;-26762.5
1;30973.0;7031.0;249.0;0.0;0.0;0.0;0.0;7033.0;99.0;7034.0;150.0;0.0;0.0;7032.0;-27807.0
1;30974.0;7034.0;202.0;0.0;0.0;0.0;0.0;7036.0;72.0;7037.0;130.0;0.0;0.0;7035.0;-30617.0
1;30975.0;7035.0;96.0;7034.0;153.0;0.0;0.0;7036.0;96.0;7037.0;153.0;0.0;0.0;7035.5;-30678.5
1;30976.0;7034.0;214.0;0.0;0.0;0.0;0.0;7036.0;205.0;0.0;0.0;0.0;0.0;7035.0;-30270.0
1;30977.0;7034.0;257.0;0.0;0.0;0.0;0.0;7035.0;6.0;7036.0;257.0;0.0;0.0;7034.5;-30362.5
1;30978.0;7032.0;246.0;0.0;0.0;0.0;0.0;7034.0;246.0;0.0;0.0;0.0;0.0;7033.0;-28552.5
1;30979.0;7033.0;191.0;0.0;0.0;0.0;0.0;7035.0;191.0;0.0;0.0;0.0;0.0;7034.0;-29258.0
1;30980.0;7034.0;211.0;0.0;0.0;0.0;0.0;7036.0;211.0;0.0;0.0;0.0;0.0;7035.0;-30332.5
1;30981.0;7033.0;232.0;0.0;0.0;0.0;0.0;7035.0;232.0;0.0;0.0;0.0;0.0;7034.0;-29201.0
1;30982.0;7033.0;203.0;0.0;0.0;0.0;0.0;7035.0;203.0;0.0;0.0;0.0;0.0;7034.0;-29349.5
1;30983.0;7033.0;162.0;0.0;0.0;0.0;0.0;7035.0;162.0;0.0;0.0;0.0;0.0;7034.0;-29324.5
1;30984.0;7033.0;248.0;0.0;0.0;0.0;0.0;7035.0;248.0;0.0;0.0;0.0;0.0;7034.0;-29340.0
1;30985.0;7032.0;234.0;0.0;0.0;0.0;0.0;7034.0;52.0;7035.0;182.0;0.0;0.0;7033.0;-28741.5
1;30986.0;7032.0;283.0;0.0;0.0;0.0;0.0;7034.0;283.0;0.0;0.0;0.0;0.0;7033.0;-28417.5
1;30987.0;7033.0;293.0;0.0;0.0;0.0;0.0;7035.0;293.0;0.0;0.0;0.0;0.0;7034.0;-29531.0
1;30988.0;7033.0;235.0;0.0;0.0;0.0;0.0;7035.0;235.0;0.0;0.0;0.0;0.0;7034.0;-29283.0
1;30989.0;7033.0;244.0;0.0;0.0;0.0;0.0;7035.0;244.0;0.0;0.0;0.0;0.0;7034.0;-29298.0
1;30990.0;7034.0;75.0;7033.0;130.0;0.0;0.0;7035.0;75.0;7036.0;130.0;0.0;0.0;7034.5;-29715.0
1;30991.0;7035.0;68.0;7034.0;145.0;0.0;0.0;7036.0;68.0;7037.0;145.0;0.0;0.0;7035.5;-30708.5
1;30992.0;7035.0;181.0;0.0;0.0;0.0;0.0;7037.0;181.0;0.0;0.0;0.0;0.0;7036.0;-31166.0
1;30993.0;7037.0;65.0;7036.0;137.0;0.0;0.0;7038.0;65.0;7039.0;137.0;0.0;0.0;7037.5;-32693.5
1;30994.0;7037.0;240.0;0.0;0.0;0.0;0.0;7039.0;240.0;0.0;0.0;0.0;0.0;7038.0;-33348.5
1;30995.0;7038.0;203.0;0.0;0.0;0.0;0.0;7039.0;9.0;7040.0;203.0;0.0;0.0;7038.5;-34137.5
1;30996.0;7037.0;215.0;0.0;0.0;0.0;0.0;7039.0;215.0;0.0;0.0;0.0;0.0;7038.0;-33372.5
1;30997.0;7038.0;215.0;0.0;0.0;0.0;0.0;7040.0;215.0;0.0;0.0;0.0;0.0;7039.0;-34026.5
1;30998.0;7037.0;171.0;0.0;0.0;0.0;0.0;7039.0;171.0;0.0;0.0;0.0;0.0;7038.0;-33006.0
1;30999.0;7038.0;78.0;7037.0;137.0;0.0;0.0;7039.0;69.0;7040.0;137.0;0.0;0.0;7038.5;-33726.5
1;31000.0;7037.0;228.0;0.0;0.0;0.0;0.0;7039.0;221.0;0.0;0.0;0.0;0.0;7038.0;-33005.0
1;31001.0;7038.0;90.0;7037.0;115.0;0.0;0.0;7039.0;90.0;7040.0;115.0;0.0;0.0;7038.5;-33538.0
1;31002.0;7037.0;87.0;7036.0;176.0;0.0;0.0;7038.0;87.0;7039.0;176.0;0.0;0.0;7037.5;-32589.5
1;31003.0;7037.0;92.0;7036.0;119.0;0.0;0.0;7039.0;211.0;0.0;0.0;0.0;0.0;7038.0;-32816.5
1;31004.0;7036.0;73.0;7035.0;133.0;0.0;0.0;7037.0;73.0;7038.0;133.0;0.0;0.0;7036.5;-31665.0
1;31005.0;7036.0;234.0;0.0;0.0;0.0;0.0;7038.0;51.0;7039.0;183.0;0.0;0.0;7037.0;-32465.0
1;31006.0;7035.0;75.0;7034.0;199.0;0.0;0.0;7037.0;274.0;0.0;0.0;0.0;0.0;7036.0;-30931.5
1;31007.0;7036.0;223.0;0.0;0.0;0.0;0.0;7038.0;223.0;0.0;0.0;0.0;0.0;7037.0;-32135.5
1;31008.0;7037.0;66.0;7036.0;181.0;0.0;0.0;7038.0;66.0;7039.0;181.0;0.0;0.0;7037.5;-32655.5
1;31009.0;7040.0;91.0;7039.0;187.0;0.0;0.0;7041.0;91.0;7042.0;187.0;0.0;0.0;7040.5;-35385.0
1;31010.0;7042.0;197.0;0.0;0.0;0.0;0.0;7044.0;197.0;0.0;0.0;0.0;0.0;7043.0;-37627.5
1;31011.0;7041.0;63.0;7040.0;150.0;0.0;0.0;7042.0;63.0;7043.0;150.0;0.0;0.0;7041.5;-36576.5
1;31012.0;7044.0;78.0;7043.0;111.0;0.0;0.0;7045.0;78.0;7046.0;111.0;0.0;0.0;7044.5;-39282.0
1;31013.0;7044.0;171.0;0.0;0.0;0.0;0.0;7046.0;171.0;0.0;0.0;0.0;0.0;7045.0;-40022.0
1;31014.0;7045.0;89.0;7044.0;138.0;0.0;0.0;7046.0;94.0;7047.0;138.0;0.0;0.0;7045.5;-40319.0
1;31015.0;7043.0;258.0;0.0;0.0;0.0;0.0;7045.0;258.0;0.0;0.0;0.0;0.0;7044.0;-38649.0
1;31016.0;7042.0;64.0;7041.0;174.0;0.0;0.0;7043.0;64.0;7044.0;174.0;0.0;0.0;7042.5;-37322.0
1;31017.0;7042.0;212.0;0.0;0.0;0.0;0.0;7044.0;212.0;0.0;0.0;0.0;0.0;7043.0;-38007.0
1;31018.0;7042.0;94.0;7041.0;199.0;0.0;0.0;7043.0;94.0;7044.0;199.0;0.0;0.0;7042.5;-37474.5
1;31019.0;7042.0;73.0;7041.0;126.0;0.0;0.0;7043.0;73.0;7044.0;126.0;0.0;0.0;7042.5;-37515.5
1;31020.0;7042.0;160.0;0.0;0.0;0.0;0.0;7044.0;160.0;0.0;0.0;0.0;0.0;7043.0;-37668.0
1;31021.0;7041.0;76.0;7040.0;139.0;0.0;0.0;7042.0;76.0;7043.0;139.0;0.0;0.0;7041.5;-36338.0
1;31022.0;7042.0;82.0;7041.0;199.0;0.0;0.0;7043.0;82.0;7044.0;199.0;0.0;0.0;7042.5;-37276.0
1;31023.0;7040.0;67.0;7039.0;116.0;0.0;0.0;7041.0;67.0;7042.0;116.0;0.0;0.0;7040.5;-35364.5
1;31024.0;7040.0;234.0;0.0;0.0;0.0;0.0;7042.0;234.0;0.0;0.0;0.0;0.0;7041.0;-36054.0
1;31025.0;7041.0;252.0;0.0;0.0;0.0;0.0;7043.0;252.0;0.0;0.0;0.0;0.0;7042.0;-36772.5
1;31026.0;7043.0;191.0;0.0;0.0;0.0;0.0;7045.0;191.0;0.0;0.0;0.0;0.0;7044.0;-39012.0
1;31027.0;7043.0;168.0;0.0;0.0;0.0;0.0;7045.0;168.0;0.0;0.0;0.0;0.0;7044.0;-38649.5
1;31028.0;7043.0;84.0;7042.0;146.0;0.0;0.0;7044.0;84.0;7045.0;146.0;0.0;0.0;7043.5;-38333.0
1;31029.0;7041.0;188.0;0.0;0.0;0.0;0.0;7043.0;188.0;0.0;0.0;0.0;0.0;7042.0;-36689.5
1;31030.0;7040.0;92.0;7039.0;163.0;0.0;0.0;7041.0;92.0;7042.0;163.0;0.0;0.0;7040.5;-35538.0
1;31031.0;7040.0;195.0;0.0;0.0;0.0;0.0;7042.0;195.0;0.0;0.0;0.0;0.0;7041.0;-35729.0
1;31032.0;7041.0;68.0;7040.0;112.0;0.0;0.0;7042.0;68.0;7043.0;112.0;0.0;0.0;7041.5;-36483.5
1;31033.0;7041.0;219.0;0.0;0.0;0.0;0.0;7043.0;219.0;0.0;0.0;0.0;0.0;7042.0;-36628.0
1;31034.0;7043.0;91.0;7042.0;200.0;0.0;0.0;7044.0;91.0;7045.0;200.0;0.0;0.0;7043.5;-38284.5
1;31035.0;7043.0;244.0;0.0;0.0;0.0;0.0;7045.0;244.0;0.0;0.0;0.0;0.0;7044.0;-38656.5
1;31036.0;7042.0;50.0;7041.0;141.0;0.0;0.0;7043.0;50.0;7044.0;141.0;0.0;0.0;7042.5;-37447.5
1;31037.0;7041.0;189.0;0.0;0.0;0.0;0.0;7043.0;74.0;7044.0;115.0;0.0;0.0;7042.0;-37205.0
1;31038.0;7041.0;191.0;0.0;0.0;0.0;0.0;7043.0;191.0;0.0;0.0;0.0;0.0;7042.0;-37028.0
1;31039.0;7040.0;220.0;0.0;0.0;0.0;0.0;7042.0;220.0;0.0;0.0;0.0;0.0;7041.0;-36096.5
1;31040.0;7039.0;82.0;7038.0;169.0;0.0;0.0;7040.0;82.0;7041.0;169.0;0.0;0.0;7039.5;-34599.5
1;31041.0;7039.0;249.0;0.0;0.0;0.0;0.0;7041.0;67.0;7042.0;182.0;0.0;0.0;7040.0;-35245.0
1;31042.0;7041.0;241.0;0.0;0.0;0.0;0.0;7043.0;236.0;0.0;0.0;0.0;0.0;7042.0;-36757.5
1;31043.0;7041.0;225.0;0.0;0.0;0.0;0.0;7043.0;225.0;0.0;0.0;0.0;0.0;7042.0;-36884.5
1;31044.0;7041.0;71.0;7040.0;151.0;0.0;0.0;7042.0;71.0;7043.0;151.0;0.0;0.0;7041.5;-36546.5
1;31045.0;7040.0;201.0;0.0;0.0;0.0;0.0;7042.0;201.0;0.0;0.0;0.0;0.0;7041.0;-35654.5
1;31046.0;7040.0;215.0;0.0;0.0;0.0;0.0;7042.0;215.0;0.0;0.0;0.0;0.0;7041.0;-35975.0
1;31047.0;7040.0;198.0;0.0;0.0;0.0;0.0;7042.0;198.0;0.0;0.0;0.0;0.0;7041.0;-36155.0
1;31048.0;7041.0;236.0;0.0;0.0;0.0;0.0;7043.0;247.0;0.0;0.0;0.0;0.0;7042.0;-36849.5
1;31049.0;7041.0;197.0;0.0;0.0;0.0;0.0;7043.0;197.0;0.0;0.0;0.0;0.0;7042.0;-36711.5
1;31050.0;7042.0;206.0;0.0;0.0;0.0;0.0;7044.0;206.0;0.0;0.0;0.0;0.0;7043.0;-38183.0
1;31051.0;7042.0;219.0;0.0;0.0;0.0;0.0;7044.0;219.0;0.0;0.0;0.0;0.0;7043.0;-38004.5
1;31052.0;7043.0;52.0;7042.0;131.0;0.0;0.0;7044.0;52.0;7045.0;131.0;0.0;0.0;7043.5;-38274.0
1;31053.0;7042.0;54.0;7041.0;157.0;0.0;0.0;7044.0;211.0;0.0;0.0;0.0;0.0;7043.0;-37582.0
1;31054.0;7043.0;226.0;0.0;0.0;0.0;0.0;7045.0;226.0;0.0;0.0;0.0;0.0;7044.0;-39001.0
1;31055.0;7043.0;86.0;7042.0;197.0;0.0;0.0;7045.0;283.0;0.0;0.0;0.0;0.0;7044.0;-38544.5
1;31056.0;7044.0;205.0;0.0;0.0;0.0;0.0;7046.0;64.0;7047.0;141.0;0.0;0.0;7045.0;-40184.5
1;31057.0;7043.0;273.0;0.0;0.0;0.0;0.0;7045.0;281.0;0.0;0.0;0.0;0.0;7044.0;-38870.5
1;31058.0;7043.0;193.0;0.0;0.0;0.0;0.0;7045.0;193.0;0.0;0.0;0.0;0.0;7044.0;-38755.5
1;31059.0;7044.0;209.0;0.0;0.0;0.0;0.0;7046.0;209.0;0.0;0.0;0.0;0.0;7045.0;-39761.5
1;31060.0;7046.0;7.0;7045.0;165.0;0.0;0.0;7047.0;165.0;0.0;0.0;0.0;0.0;7046.5;-41102.0
1;31061.0;7046.0;76.0;7045.0;168.0;0.0;0.0;7047.0;69.0;7048.0;168.0;0.0;0.0;7046.5;-41460.0
1;31062.0;7046.0;232.0;0.0;0.0;0.0;0.0;7048.0;232.0;0.0;0.0;0.0;0.0;7047.0;-42092.5
1;31063.0;7045.0;212.0;0.0;0.0;0.0;0.0;7047.0;100.0;7048.0;112.0;0.0;0.0;7046.0;-41172.5
1;31064.0;7045.0;227.0;0.0;0.0;0.0;0.0;7047.0;227.0;0.0;0.0;0.0;0.0;7046.0;-40978.0
1;31065.0;7044.0;215.0;0.0;0.0;0.0;0.0;7046.0;215.0;0.0;0.0;0.0;0.0;7045.0;-39930.5
1;31066.0;7045.0;223.0;0.0;0.0;0.0;0.0;7047.0;223.0;0.0;0.0;0.0;0.0;7046.0;-40822.5
1;31067.0;7044.0;212.0;0.0;0.0;0.0;0.0;7046.0;212.0;0.0;0.0;0.0;0.0;7045.0;-40123.0
1;31068.0;7044.0;253.0;0.0;0.0;0.0;0.0;7046.0;253.0;0.0;0.0;0.0;0.0;7045.0;-39805.5
1;31069.0;7043.0;46.0;7042.0;145.0;0.0;0.0;7044.0;52.0;7045.0;145.0;0.0;0.0;7043.5;-38339.5
1;31070.0;7043.0;55.0;7042.0;110.0;0.0;0.0;7044.0;55.0;7045.0;110.0;0.0;0.0;7043.5;-38389.5
1;31071.0;7042.0;183.0;0.0;0.0;0.0;0.0;7044.0;54.0;7045.0;129.0;0.0;0.0;7043.0;-38230.0
1;31072.0;7041.0;208.0;0.0;0.0;0.0;0.0;7043.0;83.0;7044.0;125.0;0.0;0.0;7042.0;-37234.0
1;31073.0;7042.0;213.0;0.0;0.0;0.0;0.0;7044.0;220.0;0.0;0.0;0.0;0.0;7043.0;-37643.0
1;31074.0;7042.0;256.0;0.0;0.0;0.0;0.0;7044.0;256.0;0.0;0.0;0.0;0.0;7043.0;-37834.0
1;31075.0;7041.0;160.0;0.0;0.0;0.0;0.0;7043.0;160.0;0.0;0.0;0.0;0.0;7042.0;-36949.0
1;31076.0;7041.0;62.0;7040.0;108.0;0.0;0.0;7042.0;62.0;7043.0;108.0;0.0;0.0;7041.5;-36303.0
1;31077.0;7040.0;191.0;0.0;0.0;0.0;0.0;7042.0;191.0;0.0;0.0;0.0;0.0;7041.0;-35766.5
1;31078.0;7040.0;286.0;0.0;0.0;0.0;0.0;7042.0;286.0;0.0;0.0;0.0;0.0;7041.0;-35794.5
1;31079.0;7040.0;97.0;7039.0;181.0;0.0;0.0;7041.0;97.0;7042.0;181.0;0.0;0.0;7040.5;-35467.5
1;31080.0;7039.0;204.0;0.0;0.0;0.0;0.0;7041.0;204.0;0.0;0.0;0.0;0.0;7040.0;-34665.5
1;31081.0;7039.0;170.0;0.0;0.0;0.0;0.0;7041.0;180.0;0.0;0.0;0.0;0.0;7040.0;-34647.0
1;31082.0;7039.0;176.0;0.0;0.0;0.0;0.0;7041.0;176.0;0.0;0.0;0.0;0.0;7040.0;-34939.5
1;31083.0;7039.0;190.0;0.0;0.0;0.0;0.0;7041.0;60.0;7042.0;130.0;0.0;0.0;7040.0;-35180.5
1;31084.0;7038.0;277.0;0.0;0.0;0.0;0.0;7040.0;274.0;0.0;0.0;0.0;0.0;7039.0;-33726.0
1;31085.0;7037.0;255.0;0.0;0.0;0.0;0.0;7039.0;255.0;0.0;0.0;0.0;0.0;7038.0;-32652.5
1;31086.0;7037.0;267.0;0.0;0.0;0.0;0.0;7039.0;267.0;0.0;0.0;0.0;0.0;7038.0;-32641.0
1;31087.0;7038.0;92.0;7037.0;106.0;0.0;0.0;7039.0;95.0;7040.0;106.0;0.0;0.0;7038.5;-33239.0
1;31088.0;7039.0;248.0;0.0;0.0;0.0;0.0;7041.0;248.0;0.0;0.0;0.0;0.0;7040.0;-35152.0
1;31089.0;7040.0;54.0;7039.0;174.0;0.0;0.0;7041.0;54.0;7042.0;174.0;0.0;0.0;7040.5;-35500.5
1;31090.0;7038.0;238.0;0.0;0.0;0.0;0.0;7040.0;238.0;0.0;0.0;0.0;0.0;7039.0;-33614.0
1;31091.0;7038.0;258.0;0.0;0.0;0.0;0.0;7040.0;258.0;0.0;0.0;0.0;0.0;7039.0;-34135.5
1;31092.0;7041.0;53.0;7040.0;146.0;0.0;0.0;7042.0;53.0;7043.0;146.0;0.0;0.0;7041.5;-36458.5
1;31093.0;7041.0;181.0;0.0;0.0;0.0;0.0;7043.0;181.0;0.0;0.0;0.0;0.0;7042.0;-37111.5
1;31094.0;7039.0;192.0;0.0;0.0;0.0;0.0;7040.0;11.0;7041.0;192.0;0.0;0.0;7039.5;-34954.5
1;31095.0;7039.0;87.0;7038.0;102.0;0.0;0.0;7041.0;189.0;0.0;0.0;0.0;0.0;7040.0;-34517.0
1;31096.0;7039.0;56.0;7038.0;149.0;0.0;0.0;7040.0;56.0;7041.0;149.0;0.0;0.0;7039.5;-34349.5
1;31097.0;7039.0;245.0;0.0;0.0;0.0;0.0;7041.0;245.0;0.0;0.0;0.0;0.0;7040.0;-34770.5
1;31098.0;7038.0;79.0;7037.0;167.0;0.0;0.0;7039.0;83.0;7040.0;167.0;0.0;0.0;7038.5;-33309.0
1;31099.0;7037.0;179.0;0.0;0.0;0.0;0.0;7039.0;179.0;0.0;0.0;0.0;0.0;7038.0;-32846.0
1;31100.0;7037.0;253.0;0.0;0.0;0.0;0.0;7039.0;253.0;0.0;0.0;0.0;0.0;7038.0;-33004.5
1;31101.0;7036.0;191.0;0.0;0.0;0.0;0.0;7038.0;191.0;0.0;0.0;0.0;0.0;7037.0;-31813.0
1;31102.0;7036.0;95.0;7035.0;200.0;0.0;0.0;7037.0;95.0;7038.0;200.0;0.0;0.0;7036.5;-31301.5
1;31103.0;7037.0;72.0;7036.0;124.0;0.0;0.0;7038.0;72.0;7039.0;124.0;0.0;0.0;7037.5;-32304.0
1;31104.0;7035.0;187.0;0.0;0.0;0.0;0.0;7037.0;187.0;0.0;0.0;0.0;0.0;7036.0;-30599.0
1;31105.0;7036.0;50.0;7035.0;118.0;0.0;0.0;7038.0;168.0;0.0;0.0;0.0;0.0;7037.0;-31373.0
1;31106.0;7037.0;215.0;0.0;0.0;0.0;0.0;7039.0;215.0;0.0;0.0;0.0;0.0;7038.0;-32559.5
1;31107.0;7036.0;230.0;0.0;0.0;0.0;0.0;7038.0;230.0;0.0;0.0;0.0;0.0;7037.0;-31663.0
1;31108.0;7036.0;92.0;7035.0;109.0;0.0;0.0;7037.0;92.0;7038.0;109.0;0.0;0.0;7036.5;-31273.5
1;31109.0;7035.0;262.0;0.0;0.0;0.0;0.0;7037.0;262.0;0.0;0.0;0.0;0.0;7036.0;-30771.0
1;31110.0;7036.0;80.0;7035.0;180.0;0.0;0.0;7037.0;80.0;7038.0;180.0;0.0;0.0;7036.5;-31247.0
1;31111.0;7035.0;242.0;0.0;0.0;0.0;0.0;7037.0;242.0;0.0;0.0;0.0;0.0;7036.0;-30954.0
1;31112.0;7036.0;84.0;7035.0;123.0;0.0;0.0;7037.0;84.0;7038.0;123.0;0.0;0.0;7036.5;-31108.0
1;31113.0;7034.0;175.0;0.0;0.0;0.0;0.0;7036.0;175.0;0.0;0.0;0.0;0.0;7035.0;-29724.5
1;31114.0;7034.0;233.0;0.0;0.0;0.0;0.0;7036.0;233.0;0.0;0.0;0.0;0.0;7035.0;-29736.5
1;31115.0;7034.0;189.0;0.0;0.0;0.0;0.0;7036.0;189.0;0.0;0.0;0.0;0.0;7035.0;-29745.5
1;31116.0;7037.0;58.0;7036.0;153.0;0.0;0.0;7038.0;58.0;7039.0;153.0;0.0;0.0;7037.5;-32362.0
1;31117.0;7036.0;211.0;0.0;0.0;0.0;0.0;7038.0;211.0;0.0;0.0;0.0;0.0;7037.0;-31899.0
1;31118.0;7036.0;69.0;7035.0;145.0;0.0;0.0;7037.0;69.0;7038.0;145.0;0.0;0.0;7036.5;-31351.0
1;31119.0;7035.0;52.0;7034.0;103.0;0.0;0.0;7036.0;52.0;7037.0;103.0;0.0;0.0;7035.5;-30111.5
1;31120.0;7035.0;205.0;0.0;0.0;0.0;0.0;7037.0;205.0;0.0;0.0;0.0;0.0;7036.0;-30982.0
1;31121.0;7035.0;200.0;0.0;0.0;0.0;0.0;7037.0;191.0;0.0;0.0;0.0;0.0;7036.0;-30445.5
1;31122.0;7035.0;72.0;7034.0;106.0;0.0;0.0;7036.0;72.0;7037.0;106.0;0.0;0.0;7035.5;-30093.5
1;31123.0;7036.0;4.0;7035.0;258.0;0.0;0.0;7037.0;75.0;7038.0;183.0;0.0;0.0;7036.5;-31041.5
1;31124.0;7035.0;243.0;0.0;0.0;0.0;0.0;7037.0;243.0;0.0;0.0;0.0;0.0;7036.0;-30824.5
1;31125.0;7037.0;180.0;0.0;0.0;0.0;0.0;7039.0;54.0;7040.0;126.0;0.0;0.0;7038.0;-33133.5
1;31126.0;7038.0;247.0;0.0;0.0;0.0;0.0;7040.0;247.0;0.0;0.0;0.0;0.0;7039.0;-34165.0
1;31127.0;7037.0;250.0;0.0;0.0;0.0;0.0;7039.0;250.0;0.0;0.0;0.0;0.0;7038.0;-32890.0
1;31128.0;7035.0;200.0;0.0;0.0;0.0;0.0;7037.0;200.0;0.0;0.0;0.0;0.0;7036.0;-30449.5
1;31129.0;7035.0;193.0;0.0;0.0;0.0;0.0;7037.0;182.0;0.0;0.0;0.0;0.0;7036.0;-30676.5
1;31130.0;7035.0;203.0;0.0;0.0;0.0;0.0;7037.0;203.0;0.0;0.0;0.0;0.0;7036.0;-30881.0
1;31131.0;7035.0;54.0;7034.0;186.0;0.0;0.0;7036.0;54.0;7037.0;186.0;0.0;0.0;7035.5;-30300.5
1;31132.0;7035.0;68.0;7034.0;184.0;0.0;0.0;7036.0;68.0;7037.0;184.0;0.0;0.0;7035.5;-29996.0
1;31133.0;7035.0;248.0;0.0;0.0;0.0;0.0;7037.0;248.0;0.0;0.0;0.0;0.0;7036.0;-30836.0
1;31134.0;7037.0;92.0;7036.0;152.0;0.0;0.0;7038.0;81.0;7039.0;152.0;0.0;0.0;7037.5;-32181.5
1;31135.0;7038.0;289.0;0.0;0.0;0.0;0.0;7040.0;90.0;7041.0;199.0;0.0;0.0;7039.0;-34233.0
1;31136.0;7041.0;98.0;7040.0;146.0;0.0;0.0;7042.0;98.0;7043.0;146.0;0.0;0.0;7041.5;-36543.0
1;31137.0;7041.0;273.0;0.0;0.0;0.0;0.0;7043.0;273.0;0.0;0.0;0.0;0.0;7042.0;-37430.0
1;31138.0;7043.0;78.0;7042.0;126.0;0.0;0.0;7045.0;204.0;0.0;0.0;0.0;0.0;7044.0;-38897.0
1;31139.0;7044.0;173.0;0.0;0.0;0.0;0.0;7046.0;65.0;7047.0;108.0;0.0;0.0;7045.0;-40676.0
1;31140.0;7044.0;275.0;0.0;0.0;0.0;0.0;7046.0;275.0;0.0;0.0;0.0;0.0;7045.0;-40341.5
1;31141.0;7044.0;158.0;0.0;0.0;0.0;0.0;7046.0;158.0;0.0;0.0;0.0;0.0;7045.0;-40101.0
1;31142.0;7045.0;75.0;7044.0;173.0;0.0;0.0;7046.0;75.0;7047.0;173.0;0.0;0.0;7045.5;-40879.0
1;31143.0;7043.0;222.0;0.0;0.0;0.0;0.0;7045.0;222.0;0.0;0.0;0.0;0.0;7044.0;-39391.0
1;31144.0;7044.0;59.0;7043.0;127.0;0.0;0.0;7046.0;186.0;0.0;0.0;0.0;0.0;7045.0;-39973.0
1;31145.0;7044.0;263.0;0.0;0.0;0.0;0.0;7046.0;263.0;0.0;0.0;0.0;0.0;7045.0;-40540.5
1;31146.0;7045.0;71.0;7044.0;168.0;0.0;0.0;7046.0;71.0;7047.0;168.0;0.0;0.0;7045.5;-40794.0
1;31147.0;7044.0;206.0;0.0;0.0;0.0;0.0;7046.0;206.0;0.0;0.0;0.0;0.0;7045.0;-40536.5
1;31148.0;7045.0;215.0;0.0;0.0;0.0;0.0;7047.0;215.0;0.0;0.0;0.0;0.0;7046.0;-41662.5
1;31149.0;7045.0;55.0;7044.0;130.0;0.0;0.0;7047.0;185.0;0.0;0.0;0.0;0.0;7046.0;-41065.0
1;31150.0;7046.0;248.0;0.0;0.0;0.0;0.0;7048.0;248.0;0.0;0.0;0.0;0.0;7047.0;-42514.0
1;31151.0;7047.0;185.0;0.0;0.0;0.0;0.0;7049.0;185.0;0.0;0.0;0.0;0.0;7048.0;-43453.0
1;31152.0;7048.0;88.0;7047.0;167.0;0.0;0.0;7049.0;88.0;7050.0;167.0;0.0;0.0;7048.5;-43992.0
1;31153.0;7047.0;257.0;0.0;0.0;0.0;0.0;7049.0;257.0;0.0;0.0;0.0;0.0;7048.0;-43887.5
1;31154.0;7048.0;64.0;7047.0;166.0;0.0;0.0;7049.0;64.0;7050.0;166.0;0.0;0.0;7048.5;-44272.5
1;31155.0;7048.0;166.0;0.0;0.0;0.0;0.0;7050.0;166.0;0.0;0.0;0.0;0.0;7049.0;-44490.5
1;31156.0;7050.0;49.0;7049.0;154.0;0.0;0.0;7052.0;206.0;0.0;0.0;0.0;0.0;7051.0;-46514.0
1;31157.0;7049.0;89.0;7048.0;131.0;0.0;0.0;7050.0;89.0;7051.0;131.0;0.0;0.0;7049.5;-45250.5
