day;timestamp;buyer;seller;currency;price;quantity
1;30003.0;Paris;Camilla;SEASHELLS;7002.0;9
1;30008.0;Caesar;Camilla;SEASHELLS;7002.0;6
1;30016.0;Caesar;Camilla;SEASHELLS;6998.0;10
1;30016.0;Caesar;Paris;SEASHELLS;6998.0;8
1;30017.0;Caesar;Camilla;SEASHELLS;6995.0;4
1;30018.0;Caesar;Paris;SEASHELLS;6995.0;8
1;30045.0;Caesar;Camilla;SEASHELLS;6992.0;6
1;30047.0;Paris;Caesar;SEASHELLS;6995.0;5
1;30047.0;Caesar;Camilla;SEASHELLS;6993.0;9
1;30056.0;Caesar;Camilla;SEASHELLS;6998.0;9
1;30062.0;Caesar;Paris;SEASHELLS;6998.0;4
1;30065.0;Caesar;Camilla;SEASHELLS;6997.0;6
1;30068.0;Paris;Caesar;SEASHELLS;6999.0;9
1;30078.0;Paris;Caesar;SEASHELLS;6998.0;10
1;30083.0;Caesar;Paris;SEASHELLS;6992.0;5
1;30086.0;Caesar;Camilla;SEASHELLS;6992.0;3
1;30092.0;Paris;Caesar;SEASHELLS;6994.0;5
1;30095.0;Caesar;Paris;SEASHELLS;6991.0;9
1;30103.0;Caesar;Camilla;SEASHELLS;6996.0;7
1;30120.0;Caesar;Paris;SEASHELLS;6994.0;7
1;30125.0;Caesar;Paris;SEASHELLS;6991.0;7
1;30132.0;Paris;Caesar;SEASHELLS;6992.0;9
1;30134.0;Caesar;Camilla;SEASHELLS;6991.0;10
1;30138.0;Caesar;Camilla;SEASHELLS;6991.0;12
1;30148.0;Caesar;Camilla;SEASHELLS;6994.0;3
1;30152.0;Caesar;Paris;SEASHELLS;6990.0;4
1;30155.0;Paris;Caesar;SEASHELLS;6992.0;6
1;30164.0;Caesar;Camilla;SEASHELLS;6989.0;12
1;30182.0;Caesar;Camilla;SEASHELLS;6991.0;12
1;30204.0;Paris;Caesar;SEASHELLS;6992.0;7
1;30208.0;Caesar;Paris;SEASHELLS;6995.0;9
1;30209.0;Caesar;Camilla;SEASHELLS;6995.0;12
1;30212.0;Caesar;Paris;SEASHELLS;6994.0;5
1;30230.0;Paris;Caesar;SEASHELLS;7000.0;4
1;30241.0;Paris;Caesar;SEASHELLS;7001.0;7
1;30242.0;Paris;Caesar;SEASHELLS;7002.0;6
1;30252.0;Paris;Caesar;SEASHELLS;6998.0;10
1;30258.0;Paris;Caesar;SEASHELLS;6999.0;6
1;30259.0;Paris;Caesar;SEASHELLS;6999.0;9
1;30262.0;Caesar;Paris;SEASHELLS;7001.0;9
1;30291.0;Paris;Caesar;SEASHELLS;7007.0;7
1;30303.0;Caesar;Paris;SEASHELLS;6999.0;10
1;30306.0;Caesar;Camilla;SEASHELLS;6998.0;7
1;30314.0;Caesar;Paris;SEASHELLS;7001.0;4
1;30326.0;Caesar;Camilla;SEASHELLS;7002.0;3
1;30328.0;Caesar;Paris;SEASHELLS;6999.0;4
1;30334.0;Caesar;Camilla;SEASHELLS;7002.0;4
1;30349.0;Paris;Caesar;SEASHELLS;7004.0;8
1;30349.0;Caesar;Camilla;SEASHELLS;7002.0;11
1;30353.0;Caesar;Camilla;SEASHELLS;7001.0;7
1;30357.0;Paris;Caesar;SEASHELLS;7002.0;6
1;30362.0;Paris;Caesar;SEASHELLS;7003.0;7
1;30364.0;Caesar;Camilla;SEASHELLS;7003.0;12
1;30368.0;Paris;Caesar;SEASHELLS;7000.0;7
1;30385.0;Paris;Caesar;SEASHELLS;7001.0;6
1;30387.0;Paris;Caesar;SEASHELLS;6999.0;7
1;30403.0;Caesar;Paris;SEASHELLS;7006.0;4
1;30406.0;Caesar;Camilla;SEASHELLS;7004.0;5
1;30411.0;Caesar;Camilla;SEASHELLS;7008.0;7
1;30412.0;Caesar;Paris;SEASHELLS;7008.0;6
1;30413.0;Caesar;Camilla;SEASHELLS;7008.0;10
1;30420.0;Caesar;Paris;SEASHELLS;7001.0;5
1;30432.0;Caesar;Paris;SEASHELLS;7002.0;6
1;30435.0;Paris;Caesar;SEASHELLS;7004.0;6
1;30445.0;Paris;Caesar;SEASHELLS;7001.0;4
1;30452.0;Paris;Caesar;SEASHELLS;7001.0;8
1;30467.0;Paris;Caesar;SEASHELLS;7003.0;10
1;30471.0;Caesar;Camilla;SEASHELLS;7002.0;11
1;30479.0;Caesar;Camilla;SEASHELLS;7000.0;10
1;30482.0;Paris;Caesar;SEASHELLS;6998.0;7
1;30489.0;Paris;Caesar;SEASHELLS;6996.0;8
1;30495.0;Paris;Caesar;SEASHELLS;6996.0;8
1;30505.0;Paris;Caesar;SEASHELLS;6995.0;9
1;30511.0;Paris;Caesar;SEASHELLS;6998.0;6
1;30516.0;Caesar;Camilla;SEASHELLS;6996.0;9
1;30529.0;Caesar;Paris;SEASHELLS;6998.0;8
1;30537.0;Caesar;Camilla;SEASHELLS;6994.0;5
1;30545.0;Caesar;Camilla;SEASHELLS;6992.0;3
1;30560.0;Caesar;Paris;SEASHELLS;6990.0;9
1;30568.0;Caesar;Paris;SEASHELLS;6991.0;10
1;30574.0;Caesar;Paris;SEASHELLS;6990.0;10
1;30578.0;Caesar;Camilla;SEASHELLS;6991.0;11
1;30586.0;Caesar;Camilla;SEASHELLS;6988.0;11
1;30590.0;Paris;Caesar;SEASHELLS;6992.0;8
1;30592.0;Paris;Caesar;SEASHELLS;6992.0;7
1;30605.0;Caesar;Camilla;SEASHELLS;6991.0;4
1;30612.0;Caesar;Paris;SEASHELLS;6991.0;10
1;30633.0;Caesar;Paris;SEASHELLS;6993.0;9
1;30639.0;Caesar;Camilla;SEASHELLS;6991.0;12
1;30642.0;Caesar;Paris;SEASHELLS;6993.0;7
1;30644.0;Caesar;Paris;SEASHELLS;6992.0;8
1;30648.0;Caesar;Paris;SEASHELLS;6990.0;8
1;30651.0;Paris;Caesar;SEASHELLS;6992.0;7
1;30653.0;Caesar;Camilla;SEASHELLS;6994.0;12
1;30702.0;Caesar;Camilla;SEASHELLS;7005.0;4
1;30702.0;Paris;Caesar;SEASHELLS;7006.0;4
1;30705.0;Caesar;Camilla;SEASHELLS;7009.0;5
1;30710.0;Caesar;Camilla;SEASHELLS;7006.0;9
1;30712.0;Paris;Caesar;SEASHELLS;7006.0;9
1;30713.0;Paris;Caesar;SEASHELLS;7009.0;9
1;30730.0;Paris;Caesar;SEASHELLS;7012.0;5
1;30732.0;Caesar;Camilla;SEASHELLS;7012.0;4
1;30738.0;Caesar;Camilla;SEASHELLS;7018.0;8
1;30756.0;Caesar;Paris;SEASHELLS;7016.0;4
1;30776.0;Paris;Caesar;SEASHELLS;7009.0;8
1;30787.0;Paris;Caesar;SEASHELLS;7016.0;7
1;30794.0;Paris;Caesar;SEASHELLS;7015.0;10
1;30803.0;Caesar;Paris;SEASHELLS;7017.0;7
1;30814.0;Paris;Caesar;SEASHELLS;7019.0;8
1;30816.0;Caesar;Paris;SEASHELLS;7018.0;4
1;30819.0;Caesar;Paris;SEASHELLS;7018.0;4
1;30834.0;Paris;Caesar;SEASHELLS;7024.0;6
1;30856.0;Paris;Caesar;SEASHELLS;7028.0;8
1;30867.0;Caesar;Paris;SEASHELLS;7030.0;9
1;30868.0;Paris;Caesar;SEASHELLS;7031.0;7
1;30890.0;Caesar;Camilla;SEASHELLS;7027.0;9
1;30892.0;Paris;Caesar;SEASHELLS;7029.0;8
1;30895.0;Paris;Caesar;SEASHELLS;7030.0;10
1;30898.0;Paris;Caesar;SEASHELLS;7030.0;5
1;30921.0;Caesar;Camilla;SEASHELLS;7027.0;10
1;30937.0;Caesar;Camilla;SEASHELLS;7026.0;7
1;30938.0;Caesar;Paris;SEASHELLS;7027.0;9
1;30939.0;Paris;Caesar;SEASHELLS;7030.0;8
1;30952.0;Caesar;Camilla;SEASHELLS;7031.0;7
1;30961.0;Caesar;Camilla;SEASHELLS;7033.0;5
1;30963.0;Paris;Caesar;SEASHELLS;7031.0;5
1;30972.0;Paris;Camilla;SEASHELLS;7031.0;7
1;30990.0;Paris;Caesar;SEASHELLS;7035.0;7
1;30993.0;Paris;Caesar;SEASHELLS;7038.0;6
1;31014.0;Caesar;Camilla;SEASHELLS;7045.0;5
1;31020.0;Paris;Caesar;SEASHELLS;7044.0;4
1;31033.0;Paris;Caesar;SEASHELLS;7043.0;7
1;31046.0;Caesar;Paris;SEASHELLS;7040.0;7
1;31048.0;Caesar;Camilla;SEASHELLS;7041.0;11
1;31057.0;Caesar;Camilla;SEASHELLS;7043.0;8
1;31065.0;Caesar;Paris;SEASHELLS;7044.0;8
1;31069.0;Caesar;Camilla;SEASHELLS;7043.0;6
1;31073.0;Caesar;Camilla;SEASHELLS;7042.0;7
1;31081.0;Caesar;Camilla;SEASHELLS;7039.0;10
1;31085.0;Paris;Caesar;SEASHELLS;7039.0;8
1;31087.0;Caesar;Camilla;SEASHELLS;7038.0;3
1;31088.0;Paris;Caesar;SEASHELLS;7041.0;7
1;31096.0;Paris;Caesar;SEASHELLS;7040.0;6
1;31098.0;Caesar;Camilla;SEASHELLS;7038.0;4
1;31115.0;Caesar;Paris;SEASHELLS;7034.0;8
1;31126.0;Caesar;Paris;SEASHELLS;7038.0;10
1;31135.0;Caesar;Paris;SEASHELLS;7038.0;9
1;31150.0;Caesar;Paris;SEASHELLS;7046.0;9
1;31156.0;Caesar;Camilla;SEASHELLS;7050.0;3
1;31171.0;Caesar;Paris;SEASHELLS;7057.0;4
1;31176.0;Paris;Caesar;SEASHELLS;7059.0;7
1;31202.0;Caesar;Paris;SEASHELLS;7059.0;9
1;31207.0;Caesar;Paris;SEASHELLS;7060.0;9
1;31219.0;Paris;Caesar;SEASHELLS;7064.0;5
1;31229.0;Caesar;Paris;SEASHELLS;7057.0;5
1;31241.0;Caesar;Camilla;SEASHELLS;7060.0;4
1;31266.0;Caesar;Camilla;SEASHELLS;7066.0;7
1;31269.0;Paris;Caesar;SEASHELLS;7069.0;7
1;31292.0;Caesar;Camilla;SEASHELLS;7060.0;11
1;31304.0;Caesar;Paris;SEASHELLS;7061.0;5
1;31318.0;Paris;Caesar;SEASHELLS;7066.0;9
1;31337.0;Caesar;Paris;SEASHELLS;7062.0;4
1;31338.0;Caesar;Paris;SEASHELLS;7062.0;9
1;31342.0;Camilla;Paris;SEASHELLS;7060.0;7
1;31344.0;Caesar;Paris;SEASHELLS;7059.0;4
1;31345.0;Caesar;Paris;SEASHELLS;7060.0;8
1;31346.0;Caesar;Camilla;SEASHELLS;7060.0;11
1;31353.0;Paris;Caesar;SEASHELLS;7060.0;10
1;31355.0;Caesar;Paris;SEASHELLS;7061.0;5
1;31363.0;Caesar;Paris;SEASHELLS;7060.0;6
1;31375.0;Caesar;Paris;SEASHELLS;7064.0;6
1;31387.0;Caesar;Paris;SEASHELLS;7066.0;6
1;31394.0;Caesar;Camilla;SEASHELLS;7064.0;8
1;31408.0;Paris;Caesar;SEASHELLS;7070.0;8
1;31430.0;Caesar;Paris;SEASHELLS;7063.0;4
1;31439.0;Paris;Caesar;SEASHELLS;7066.0;8
1;31460.0;Paris;Caesar;SEASHELLS;7069.0;10
1;31486.0;Caesar;Paris;SEASHELLS;7067.0;7
1;31496.0;Caesar;Paris;SEASHELLS;7058.0;7
1;31498.0;Caesar;Camilla;SEASHELLS;7060.0;9
1;31504.0;Paris;Caesar;SEASHELLS;7062.0;4
1;31518.0;Caesar;Camilla;SEASHELLS;7065.0;7
1;31519.0;Caesar;Camilla;SEASHELLS;7064.0;8
1;31519.0;Caesar;Paris;SEASHELLS;7064.0;6
1;31520.0;Caesar;Camilla;SEASHELLS;7065.0;9
1;31530.0;Paris;Caesar;SEASHELLS;7062.0;7
1;31531.0;Caesar;Paris;SEASHELLS;7060.0;6
1;31544.0;Caesar;Paris;SEASHELLS;7058.0;9
1;31548.0;Paris;Caesar;SEASHELLS;7059.0;7
1;31552.0;Paris;Caesar;SEASHELLS;7060.0;5
1;31557.0;Caesar;Camilla;SEASHELLS;7055.0;11
1;31578.0;Caesar;Paris;SEASHELLS;7055.0;9
1;31614.0;Paris;Caesar;SEASHELLS;7069.0;8
1;31618.0;Caesar;Camilla;SEASHELLS;7069.0;3
1;31622.0;Caesar;Camilla;SEASHELLS;7071.0;5
1;31626.0;Caesar;Paris;SEASHELLS;7064.0;7
1;31640.0;Paris;Caesar;SEASHELLS;7070.0;4
1;31650.0;Caesar;Paris;SEASHELLS;7072.0;8
1;31655.0;Caesar;Camilla;SEASHELLS;7074.0;11
1;31662.0;Caesar;Paris;SEASHELLS;7071.0;8
1;31663.0;Caesar;Paris;SEASHELLS;7071.0;7
1;31686.0;Paris;Caesar;SEASHELLS;7073.0;8
1;31698.0;Caesar;Camilla;SEASHELLS;7074.0;3
1;31710.0;Caesar;Camilla;SEASHELLS;7070.0;9
1;31715.0;Caesar;Paris;SEASHELLS;7070.0;4
1;31716.0;Caesar;Camilla;SEASHELLS;7072.0;3
1;31726.0;Caesar;Paris;SEASHELLS;7075.0;7
1;31728.0;Caesar;Camilla;SEASHELLS;7073.0;10
1;31734.0;Caesar;Camilla;SEASHELLS;7071.0;4
1;31738.0;Caesar;Camilla;SEASHELLS;7070.0;6
1;31751.0;Paris;Caesar;SEASHELLS;7074.0;8
1;31752.0;Caesar;Camilla;SEASHELLS;7073.0;8
1;31760.0;Caesar;Paris;SEASHELLS;7066.0;10
1;31766.0;Caesar;Camilla;SEASHELLS;7065.0;12
1;31776.0;Caesar;Paris;SEASHELLS;7063.0;7
1;31781.0;Caesar;Paris;SEASHELLS;7062.0;6
1;31783.0;Paris;Caesar;SEASHELLS;7064.0;10
1;31794.0;Paris;Caesar;SEASHELLS;7055.0;10
1;31797.0;Caesar;Paris;SEASHELLS;7060.0;7
1;31800.0;Caesar;Paris;SEASHELLS;7058.0;4
1;31807.0;Caesar;Paris;SEASHELLS;7058.0;8
1;31813.0;Caesar;Camilla;SEASHELLS;7059.0;3
1;31818.0;Paris;Caesar;SEASHELLS;7059.0;10
1;31835.0;Caesar;Paris;SEASHELLS;7054.0;8
1;31855.0;Caesar;Camilla;SEASHELLS;7061.0;12
1;31869.0;Paris;Caesar;SEASHELLS;7064.0;4
1;31878.0;Caesar;Camilla;SEASHELLS;7063.0;3
1;31895.0;Paris;Caesar;SEASHELLS;7063.0;8
1;31897.0;Caesar;Paris;SEASHELLS;7065.0;6
1;31898.0;Caesar;Paris;SEASHELLS;7065.0;5
1;31899.0;Caesar;Camilla;SEASHELLS;7064.0;8
1;31914.0;Paris;Caesar;SEASHELLS;7070.0;7
1;31919.0;Paris;Caesar;SEASHELLS;7069.0;5
1;31950.0;Caesar;Paris;SEASHELLS;7068.0;10
1;31958.0;Caesar;Camilla;SEASHELLS;7072.0;3
1;31961.0;Caesar;Camilla;SEASHELLS;7072.0;9
1;31976.0;Caesar;Paris;SEASHELLS;7077.0;8
1;31978.0;Caesar;Camilla;SEASHELLS;7076.0;8
1;31983.0;Paris;Caesar;SEASHELLS;7083.0;4
1;31988.0;Caesar;Paris;SEASHELLS;7080.0;6
1;31995.0;Caesar;Paris;SEASHELLS;7080.0;9
1;31996.0;Paris;Caesar;SEASHELLS;7082.0;4
1;32003.0;Paris;Caesar;SEASHELLS;7083.0;8
1;32004.0;Caesar;Paris;SEASHELLS;7082.0;8
1;32051.0;Paris;Caesar;SEASHELLS;7093.0;9
1;32053.0;Caesar;Camilla;SEASHELLS;7093.0;9
1;32055.0;Paris;Caesar;SEASHELLS;7093.0;8
1;32064.0;Caesar;Camilla;SEASHELLS;7093.0;10
1;32066.0;Caesar;Paris;SEASHELLS;7093.0;5
1;32098.0;Paris;Caesar;SEASHELLS;7097.0;10
1;32102.0;Paris;Caesar;SEASHELLS;7097.0;10
1;32125.0;Caesar;Camilla;SEASHELLS;7085.0;8
1;32127.0;Caesar;Camilla;SEASHELLS;7084.0;5
1;32137.0;Caesar;Paris;SEASHELLS;7087.0;10
1;32155.0;Caesar;Paris;SEASHELLS;7089.0;9
1;32158.0;Caesar;Camilla;SEASHELLS;7091.0;3
1;32165.0;Paris;Caesar;SEASHELLS;7092.0;6
1;32197.0;Caesar;Paris;SEASHELLS;7082.0;7
1;32201.0;Caesar;Paris;SEASHELLS;7082.0;7
1;32215.0;Caesar;Paris;SEASHELLS;7077.0;4
1;32228.0;Paris;Caesar;SEASHELLS;7073.0;5
1;32239.0;Caesar;Paris;SEASHELLS;7070.0;7
1;32245.0;Caesar;Camilla;SEASHELLS;7072.0;3
1;32248.0;Paris;Caesar;SEASHELLS;7073.0;6
1;32251.0;Caesar;Paris;SEASHELLS;7072.0;5
1;32258.0;Caesar;Paris;SEASHELLS;7074.0;10
1;32265.0;Paris;Caesar;SEASHELLS;7072.0;4
1;32306.0;Caesar;Paris;SEASHELLS;7064.0;9
1;32333.0;Paris;Caesar;SEASHELLS;7071.0;5
1;32340.0;Caesar;Paris;SEASHELLS;7068.0;5
1;32342.0;Paris;Caesar;SEASHELLS;7065.0;9
1;32347.0;Paris;Caesar;SEASHELLS;7062.0;8
1;32353.0;Caesar;Camilla;SEASHELLS;7056.0;11
1;32359.0;Caesar;Paris;SEASHELLS;7051.0;7
1;32363.0;Caesar;Camilla;SEASHELLS;7053.0;5
1;32385.0;Caesar;Camilla;SEASHELLS;7055.0;3
1;32399.0;Paris;Caesar;SEASHELLS;7056.0;10
1;32406.0;Paris;Caesar;SEASHELLS;7058.0;7
1;32420.0;Caesar;Camilla;SEASHELLS;7061.0;3
1;32421.0;Paris;Caesar;SEASHELLS;7064.0;10
1;32449.0;Caesar;Paris;SEASHELLS;7058.0;8
1;32450.0;Caesar;Camilla;SEASHELLS;7059.0;12
1;32451.0;Caesar;Paris;SEASHELLS;7058.0;6
1;32457.0;Caesar;Paris;SEASHELLS;7057.0;4
1;32473.0;Paris;Caesar;SEASHELLS;7060.0;4
1;32474.0;Caesar;Camilla;SEASHELLS;7058.0;12
1;32475.0;Paris;Caesar;SEASHELLS;7059.0;9
1;32476.0;Paris;Caesar;SEASHELLS;7059.0;5
1;32494.0;Caesar;Camilla;SEASHELLS;7073.0;7
1;32495.0;Caesar;Camilla;SEASHELLS;7075.0;8
1;32511.0;Paris;Caesar;SEASHELLS;7071.0;5
1;32523.0;Paris;Caesar;SEASHELLS;7072.0;4
1;32539.0;Paris;Caesar;SEASHELLS;7069.0;6
1;32543.0;Caesar;Paris;SEASHELLS;7068.0;9
1;32546.0;Caesar;Paris;SEASHELLS;7069.0;8
1;32551.0;Caesar;Paris;SEASHELLS;7068.0;10
1;32561.0;Caesar;Camilla;SEASHELLS;7066.0;7
1;32562.0;Caesar;Paris;SEASHELLS;7067.0;8
1;32573.0;Caesar;Camilla;SEASHELLS;7069.0;4
1;32609.0;Paris;Caesar;SEASHELLS;7067.0;7
1;32631.0;Caesar;Camilla;SEASHELLS;7061.0;11
1;32632.0;Caesar;Camilla;SEASHELLS;7064.0;8
1;32632.0;Caesar;Paris;SEASHELLS;7064.0;9
1;32645.0;Paris;Caesar;SEASHELLS;7065.0;7
1;32651.0;Caesar;Paris;SEASHELLS;7067.0;10
1;32654.0;Caesar;Paris;SEASHELLS;7066.0;10
1;32654.0;Caesar;Camilla;SEASHELLS;7066.0;11
1;32681.0;Caesar;Paris;SEASHELLS;7063.0;7
1;32688.0;Caesar;Camilla;SEASHELLS;7065.0;3
1;32690.0;Paris;Caesar;SEASHELLS;7062.0;5
1;32711.0;Caesar;Paris;SEASHELLS;7070.0;10
1;32713.0;Paris;Caesar;SEASHELLS;7073.0;5
1;32718.0;Paris;Caesar;SEASHELLS;7075.0;10
1;32724.0;Caesar;Camilla;SEASHELLS;7069.0;9
1;32728.0;Paris;Caesar;SEASHELLS;7069.0;5
1;32729.0;Paris;Caesar;SEASHELLS;7069.0;7
1;32730.0;Caesar;Camilla;SEASHELLS;7068.0;4
1;32732.0;Caesar;Paris;SEASHELLS;7067.0;5
1;32736.0;Caesar;Camilla;SEASHELLS;7067.0;11
1;32738.0;Paris;Caesar;SEASHELLS;7069.0;9
1;32741.0;Paris;Caesar;SEASHELLS;7070.0;9
1;32745.0;Paris;Caesar;SEASHELLS;7070.0;4
1;32748.0;Caesar;Camilla;SEASHELLS;7068.0;11
1;32776.0;Paris;Caesar;SEASHELLS;7067.0;10
1;32795.0;Caesar;Camilla;SEASHELLS;7068.0;3
1;32812.0;Paris;Caesar;SEASHELLS;7072.0;9
1;32813.0;Paris;Caesar;SEASHELLS;7073.0;7
1;32843.0;Caesar;Paris;SEASHELLS;7062.0;6
1;32844.0;Paris;Caesar;SEASHELLS;7061.0;6
1;32855.0;Caesar;Camilla;SEASHELLS;7061.0;8
1;32866.0;Caesar;Camilla;SEASHELLS;7058.0;4
1;32889.0;Paris;Caesar;SEASHELLS;7062.0;8
1;32892.0;Caesar;Paris;SEASHELLS;7062.0;7
1;32897.0;Paris;Caesar;SEASHELLS;7063.0;5
1;32902.0;Caesar;Camilla;SEASHELLS;7062.0;11
1;32908.0;Caesar;Camilla;SEASHELLS;7062.0;6
1;32926.0;Paris;Caesar;SEASHELLS;7066.0;5
1;32939.0;Paris;Caesar;SEASHELLS;7071.0;4
1;32943.0;Paris;Caesar;SEASHELLS;7070.0;10
1;32958.0;Caesar;Paris;SEASHELLS;7064.0;5
1;32961.0;Caesar;Paris;SEASHELLS;7065.0;6
1;32971.0;Paris;Caesar;SEASHELLS;7066.0;4
1;32974.0;Paris;Caesar;SEASHELLS;7066.0;10
1;32979.0;Caesar;Paris;SEASHELLS;7063.0;8
1;33007.0;Caesar;Paris;SEASHELLS;7070.0;5
1;33023.0;Caesar;Camilla;SEASHELLS;7070.0;9
1;33030.0;Caesar;Camilla;SEASHELLS;7074.0;3
1;33031.0;Caesar;Paris;SEASHELLS;7072.0;5
1;33037.0;Caesar;Paris;SEASHELLS;7074.0;7
1;33047.0;Caesar;Camilla;SEASHELLS;7074.0;12
1;33051.0;Caesar;Paris;SEASHELLS;7076.0;7
1;33053.0;Paris;Caesar;SEASHELLS;7081.0;5
1;33054.0;Paris;Caesar;SEASHELLS;7083.0;9
1;33057.0;Paris;Caesar;SEASHELLS;7085.0;5
1;33060.0;Caesar;Camilla;SEASHELLS;7083.0;11
1;33072.0;Caesar;Paris;SEASHELLS;7084.0;4
1;33079.0;Caesar;Paris;SEASHELLS;7081.0;6
1;33080.0;Paris;Caesar;SEASHELLS;7082.0;8
1;33088.0;Caesar;Paris;SEASHELLS;7080.0;4
1;33095.0;Caesar;Camilla;SEASHELLS;7082.0;9
1;33098.0;Caesar;Paris;SEASHELLS;7080.0;7
1;33112.0;Paris;Caesar;SEASHELLS;7081.0;8
1;33126.0;Paris;Caesar;SEASHELLS;7081.0;4
1;33140.0;Caesar;Camilla;SEASHELLS;7078.0;7
1;33145.0;Caesar;Camilla;SEASHELLS;7079.0;12
1;33145.0;Paris;Caesar;SEASHELLS;7080.0;9
1;33176.0;Caesar;Camilla;SEASHELLS;7083.0;9
1;33184.0;Caesar;Camilla;SEASHELLS;7085.0;9
1;33196.0;Caesar;Camilla;SEASHELLS;7083.0;7
1;33196.0;Caesar;Paris;SEASHELLS;7083.0;5
1;33200.0;Caesar;Camilla;SEASHELLS;7082.0;5
1;33205.0;Caesar;Paris;SEASHELLS;7082.0;8
1;33220.0;Caesar;Camilla;SEASHELLS;7083.0;10
1;33222.0;Caesar;Camilla;SEASHELLS;7081.0;3
1;33230.0;Caesar;Paris;SEASHELLS;7079.0;6
1;33246.0;Caesar;Camilla;SEASHELLS;7074.0;11
1;33249.0;Caesar;Camilla;SEASHELLS;7075.0;8
1;33253.0;Caesar;Paris;SEASHELLS;7074.0;10
1;33279.0;Caesar;Paris;SEASHELLS;7075.0;9
1;33294.0;Caesar;Paris;SEASHELLS;7073.0;10
1;33314.0;Paris;Caesar;SEASHELLS;7070.0;10
1;33330.0;Caesar;Paris;SEASHELLS;7071.0;9
1;33333.0;Caesar;Paris;SEASHELLS;7075.0;6
1;33339.0;Caesar;Camilla;SEASHELLS;7078.0;6
1;33349.0;Caesar;Paris;SEASHELLS;7080.0;5
1;33350.0;Caesar;Paris;SEASHELLS;7081.0;5
1;33353.0;Caesar;Paris;SEASHELLS;7083.0;10
1;33367.0;Paris;Caesar;SEASHELLS;7083.0;5
1;33368.0;Caesar;Paris;SEASHELLS;7081.0;4
1;33420.0;Caesar;Camilla;SEASHELLS;7074.0;5
1;33423.0;Paris;Caesar;SEASHELLS;7075.0;6
1;33425.0;Paris;Caesar;SEASHELLS;7076.0;9
1;33427.0;Caesar;Paris;SEASHELLS;7074.0;8
1;33430.0;Camilla;Paris;SEASHELLS;7073.0;7
1;33437.0;Caesar;Paris;SEASHELLS;7069.0;10
1;33447.0;Caesar;Paris;SEASHELLS;7064.0;5
1;33450.0;Caesar;Paris;SEASHELLS;7065.0;8
1;33458.0;Caesar;Camilla;SEASHELLS;7065.0;4
1;33479.0;Caesar;Camilla;SEASHELLS;7063.0;3
1;33488.0;Paris;Caesar;SEASHELLS;7068.0;5
1;33489.0;Caesar;Paris;SEASHELLS;7066.0;9
1;33499.0;Caesar;Paris;SEASHELLS;7069.0;6
1;33500.0;Caesar;Paris;SEASHELLS;7068.0;7
1;33510.0;Caesar;Camilla;SEASHELLS;7072.0;7
1;33518.0;Caesar;Camilla;SEASHELLS;7077.0;6
1;33524.0;Caesar;Paris;SEASHELLS;7077.0;5
1;33530.0;Caesar;Camilla;SEASHELLS;7079.0;5
1;33538.0;Caesar;Paris;SEASHELLS;7081.0;5
1;33544.0;Paris;Caesar;SEASHELLS;7089.0;9
1;33551.0;Caesar;Paris;SEASHELLS;7087.0;5
1;33561.0;Caesar;Paris;SEASHELLS;7087.0;4
1;33563.0;Paris;Caesar;SEASHELLS;7086.0;5
1;33566.0;Caesar;Paris;SEASHELLS;7080.0;4
1;33567.0;Caesar;Paris;SEASHELLS;7080.0;10
1;33579.0;Caesar;Camilla;SEASHELLS;7083.0;12
1;33580.0;Caesar;Paris;SEASHELLS;7082.0;4
1;33586.0;Caesar;Paris;SEASHELLS;7084.0;7
1;33594.0;Caesar;Camilla;SEASHELLS;7082.0;12
1;33608.0;Paris;Caesar;SEASHELLS;7082.0;4
1;33612.0;Paris;Caesar;SEASHELLS;7084.0;10
1;33663.0;Paris;Caesar;SEASHELLS;7090.0;8
1;33667.0;Caesar;Paris;SEASHELLS;7089.0;10
1;33675.0;Caesar;Camilla;SEASHELLS;7083.0;12
1;33675.0;Paris;Caesar;SEASHELLS;7084.0;9
1;33689.0;Paris;Caesar;SEASHELLS;7083.0;8
1;33690.0;Paris;Caesar;SEASHELLS;7084.0;9
1;33694.0;Caesar;Camilla;SEASHELLS;7080.0;9
1;33696.0;Paris;Caesar;SEASHELLS;7082.0;5
1;33700.0;Caesar;Paris;SEASHELLS;7077.0;4
1;33707.0;Paris;Caesar;SEASHELLS;7075.0;7
1;33716.0;Caesar;Camilla;SEASHELLS;7076.0;10
1;33728.0;Caesar;Paris;SEASHELLS;7079.0;4
1;33749.0;Caesar;Paris;SEASHELLS;7087.0;10
1;33762.0;Paris;Caesar;SEASHELLS;7096.0;6
1;33778.0;Caesar;Paris;SEASHELLS;7094.0;7
1;33788.0;Caesar;Paris;SEASHELLS;7103.0;6
1;33797.0;Caesar;Paris;SEASHELLS;7102.0;5
1;33797.0;Caesar;Camilla;SEASHELLS;7102.0;12
1;33824.0;Caesar;Camilla;SEASHELLS;7100.0;4
1;33825.0;Caesar;Camilla;SEASHELLS;7099.0;9
1;33847.0;Caesar;Paris;SEASHELLS;7092.0;5
1;33855.0;Paris;Caesar;SEASHELLS;7091.0;9
1;33863.0;Caesar;Paris;SEASHELLS;7083.0;6
1;33870.0;Paris;Caesar;SEASHELLS;7089.0;10
1;33889.0;Paris;Caesar;SEASHELLS;7089.0;4
1;33891.0;Paris;Camilla;SEASHELLS;7088.0;7
1;33898.0;Paris;Caesar;SEASHELLS;7091.0;6
1;33900.0;Paris;Caesar;SEASHELLS;7094.0;4
1;33906.0;Caesar;Paris;SEASHELLS;7093.0;9
1;33910.0;Paris;Caesar;SEASHELLS;7093.0;4
1;33917.0;Paris;Caesar;SEASHELLS;7089.0;5
1;33917.0;Caesar;Camilla;SEASHELLS;7088.0;3
1;33949.0;Caesar;Camilla;SEASHELLS;7088.0;8
1;33964.0;Caesar;Paris;SEASHELLS;7092.0;5
1;33968.0;Caesar;Camilla;SEASHELLS;7093.0;5
1;33969.0;Caesar;Paris;SEASHELLS;7091.0;6
1;33986.0;Caesar;Paris;SEASHELLS;7086.0;8
1;33998.0;Paris;Caesar;SEASHELLS;7097.0;8
1;34010.0;Paris;Camilla;SEASHELLS;7094.0;5
1;34013.0;Caesar;Camilla;SEASHELLS;7092.0;11
1;34014.0;Caesar;Paris;SEASHELLS;7092.0;5
1;34018.0;Paris;Caesar;SEASHELLS;7098.0;4
1;34025.0;Caesar;Paris;SEASHELLS;7097.0;10
1;34027.0;Caesar;Camilla;SEASHELLS;7096.0;3
1;34040.0;Caesar;Camilla;SEASHELLS;7103.0;10
1;34042.0;Caesar;Camilla;SEASHELLS;7104.0;10
1;34052.0;Caesar;Camilla;SEASHELLS;7108.0;4
1;34059.0;Caesar;Paris;SEASHELLS;7108.0;7
1;34060.0;Caesar;Camilla;SEASHELLS;7109.0;7
1;34068.0;Caesar;Paris;SEASHELLS;7106.0;9
1;34105.0;Paris;Camilla;SEASHELLS;7106.0;4
1;34112.0;Caesar;Paris;SEASHELLS;7111.0;7
1;34120.0;Caesar;Paris;SEASHELLS;7111.0;8
1;34125.0;Caesar;Camilla;SEASHELLS;7110.0;10
1;34141.0;Paris;Caesar;SEASHELLS;7113.0;9
1;34154.0;Paris;Caesar;SEASHELLS;7103.0;10
1;34156.0;Paris;Caesar;SEASHELLS;7103.0;9
1;34158.0;Caesar;Camilla;SEASHELLS;7101.0;3
1;34165.0;Caesar;Paris;SEASHELLS;7099.0;8
1;34173.0;Caesar;Camilla;SEASHELLS;7103.0;8
1;34192.0;Caesar;Paris;SEASHELLS;7104.0;7
1;34200.0;Paris;Caesar;SEASHELLS;7105.0;7
1;34205.0;Paris;Caesar;SEASHELLS;7109.0;10
1;34222.0;Paris;Caesar;SEASHELLS;7108.0;8
1;34225.0;Paris;Caesar;SEASHELLS;7111.0;4
1;34231.0;Caesar;Camilla;SEASHELLS;7113.0;7
1;34237.0;Paris;Caesar;SEASHELLS;7109.0;4
1;34240.0;Caesar;Camilla;SEASHELLS;7106.0;7
1;34241.0;Caesar;Camilla;SEASHELLS;7107.0;8
1;34246.0;Paris;Caesar;SEASHELLS;7109.0;6
1;34250.0;Caesar;Camilla;SEASHELLS;7109.0;5
1;34260.0;Caesar;Camilla;SEASHELLS;7114.0;4
1;34263.0;Paris;Caesar;SEASHELLS;7115.0;7
1;34270.0;Caesar;Camilla;SEASHELLS;7110.0;11
1;34276.0;Caesar;Paris;SEASHELLS;7108.0;4
1;34280.0;Caesar;Camilla;SEASHELLS;7110.0;4
1;34282.0;Caesar;Paris;SEASHELLS;7113.0;7
1;34296.0;Caesar;Camilla;SEASHELLS;7118.0;7
1;34296.0;Caesar;Paris;SEASHELLS;7118.0;9
1;34303.0;Caesar;Paris;SEASHELLS;7116.0;9
1;34308.0;Paris;Caesar;SEASHELLS;7117.0;9
1;34311.0;Paris;Caesar;SEASHELLS;7117.0;7
1;34313.0;Paris;Caesar;SEASHELLS;7115.0;7
1;34326.0;Caesar;Paris;SEASHELLS;7113.0;6
1;34343.0;Paris;Caesar;SEASHELLS;7118.0;6
1;34354.0;Caesar;Camilla;SEASHELLS;7128.0;4
1;34356.0;Caesar;Camilla;SEASHELLS;7130.0;12
1;34360.0;Caesar;Paris;SEASHELLS;7132.0;9
1;34362.0;Paris;Caesar;SEASHELLS;7132.0;6
1;34365.0;Caesar;Paris;SEASHELLS;7132.0;8
1;34400.0;Paris;Caesar;SEASHELLS;7135.0;9
1;34411.0;Caesar;Paris;SEASHELLS;7134.0;4
1;34415.0;Caesar;Paris;SEASHELLS;7133.0;4
1;34422.0;Caesar;Paris;SEASHELLS;7134.0;7
1;34441.0;Caesar;Paris;SEASHELLS;7136.0;8
1;34447.0;Caesar;Paris;SEASHELLS;7139.0;6
1;34476.0;Paris;Caesar;SEASHELLS;7138.0;6
1;34497.0;Caesar;Camilla;SEASHELLS;7137.0;8
1;34501.0;Caesar;Paris;SEASHELLS;7133.0;9
1;34510.0;Caesar;Camilla;SEASHELLS;7137.0;12
1;34541.0;Paris;Caesar;SEASHELLS;7129.0;6
1;34543.0;Caesar;Camilla;SEASHELLS;7127.0;5
1;34545.0;Caesar;Paris;SEASHELLS;7125.0;7
1;34558.0;Paris;Caesar;SEASHELLS;7124.0;10
1;34568.0;Caesar;Paris;SEASHELLS;7118.0;10
1;34573.0;Paris;Camilla;SEASHELLS;7118.0;7
1;34574.0;Caesar;Camilla;SEASHELLS;7118.0;3
1;34589.0;Paris;Caesar;SEASHELLS;7112.0;8
1;34607.0;Caesar;Camilla;SEASHELLS;7115.0;8
1;34626.0;Paris;Caesar;SEASHELLS;7116.0;9
1;34648.0;Caesar;Paris;SEASHELLS;7109.0;5
1;34671.0;Caesar;Paris;SEASHELLS;7103.0;7
1;34689.0;Caesar;Camilla;SEASHELLS;7104.0;11
1;34711.0;Caesar;Paris;SEASHELLS;7107.0;8
1;34712.0;Caesar;Camilla;SEASHELLS;7107.0;5
1;34714.0;Caesar;Camilla;SEASHELLS;7106.0;9
1;34728.0;Caesar;Camilla;SEASHELLS;7101.0;4
1;34729.0;Caesar;Camilla;SEASHELLS;7103.0;5
1;34730.0;Paris;Caesar;SEASHELLS;7102.0;7
1;34731.0;Paris;Caesar;SEASHELLS;7103.0;6
1;34735.0;Caesar;Camilla;SEASHELLS;7101.0;6
1;34757.0;Paris;Caesar;SEASHELLS;7114.0;7
1;34759.0;Paris;Caesar;SEASHELLS;7113.0;9
1;34760.0;Caesar;Camilla;SEASHELLS;7109.0;12
1;34770.0;Caesar;Paris;SEASHELLS;7110.0;7
1;34776.0;Caesar;Paris;SEASHELLS;7111.0;6
1;34779.0;Caesar;Paris;SEASHELLS;7111.0;8
1;34786.0;Paris;Caesar;SEASHELLS;7113.0;9
1;34803.0;Paris;Caesar;SEASHELLS;7115.0;10
1;34805.0;Paris;Caesar;SEASHELLS;7111.0;7
1;34818.0;Paris;Caesar;SEASHELLS;7110.0;4
1;34826.0;Caesar;Paris;SEASHELLS;7108.0;9
1;34827.0;Caesar;Camilla;SEASHELLS;7107.0;12
1;34839.0;Paris;Caesar;SEASHELLS;7108.0;10
1;34843.0;Caesar;Paris;SEASHELLS;7107.0;10
1;34852.0;Paris;Caesar;SEASHELLS;7112.0;5
1;34868.0;Paris;Caesar;SEASHELLS;7121.0;9
1;34877.0;Caesar;Paris;SEASHELLS;7116.0;6
1;34893.0;Caesar;Paris;SEASHELLS;7120.0;8
1;34910.0;Paris;Caesar;SEASHELLS;7121.0;5
1;34910.0;Caesar;Camilla;SEASHELLS;7120.0;6
1;34927.0;Paris;Caesar;SEASHELLS;7117.0;9
1;34937.0;Caesar;Paris;SEASHELLS;7110.0;9
1;34939.0;Caesar;Paris;SEASHELLS;7109.0;6
1;34941.0;Paris;Caesar;SEASHELLS;7111.0;5
1;34944.0;Paris;Camilla;SEASHELLS;7107.0;9
1;34962.0;Caesar;Camilla;SEASHELLS;7101.0;11
1;34995.0;Paris;Caesar;SEASHELLS;7099.0;6
1;34997.0;Caesar;Camilla;SEASHELLS;7097.0;7
1;34998.0;Caesar;Paris;SEASHELLS;7097.0;10
1;35005.0;Caesar;Paris;SEASHELLS;7099.0;7
1;35028.0;Caesar;Paris;SEASHELLS;7099.0;10
1;35038.0;Paris;Caesar;SEASHELLS;7098.0;6
1;35043.0;Caesar;Camilla;SEASHELLS;7090.0;9
1;35062.0;Paris;Caesar;SEASHELLS;7093.0;9
1;35063.0;Caesar;Camilla;SEASHELLS;7092.0;8
1;35066.0;Paris;Caesar;SEASHELLS;7093.0;5
1;35074.0;Paris;Caesar;SEASHELLS;7091.0;5
1;35080.0;Caesar;Paris;SEASHELLS;7090.0;6
1;35087.0;Paris;Caesar;SEASHELLS;7093.0;9
1;35093.0;Paris;Caesar;SEASHELLS;7099.0;8
1;35094.0;Paris;Caesar;SEASHELLS;7100.0;7
1;35097.0;Caesar;Paris;SEASHELLS;7099.0;10
1;35098.0;Caesar;Camilla;SEASHELLS;7100.0;3
1;35128.0;Caesar;Camilla;SEASHELLS;7101.0;7
1;35145.0;Caesar;Paris;SEASHELLS;7101.0;7
1;35149.0;Paris;Caesar;SEASHELLS;7099.0;6
1;35175.0;Paris;Caesar;SEASHELLS;7109.0;5
1;35177.0;Paris;Camilla;SEASHELLS;7104.0;4
1;35188.0;Caesar;Paris;SEASHELLS;7106.0;8
1;35189.0;Caesar;Camilla;SEASHELLS;7106.0;6
1;35207.0;Caesar;Camilla;SEASHELLS;7108.0;4
1;35215.0;Paris;Caesar;SEASHELLS;7111.0;8
1;35218.0;Caesar;Camilla;SEASHELLS;7110.0;10
1;35218.0;Caesar;Paris;SEASHELLS;7110.0;10
1;35252.0;Paris;Camilla;SEASHELLS;7100.0;4
1;35272.0;Paris;Caesar;SEASHELLS;7092.0;8
1;35296.0;Caesar;Paris;SEASHELLS;7093.0;7
1;35329.0;Caesar;Paris;SEASHELLS;7088.0;9
1;35331.0;Caesar;Paris;SEASHELLS;7089.0;5
1;35339.0;Paris;Caesar;SEASHELLS;7091.0;4
1;35344.0;Caesar;Camilla;SEASHELLS;7090.0;9
1;35351.0;Paris;Caesar;SEASHELLS;7089.0;5
1;35354.0;Caesar;Camilla;SEASHELLS;7087.0;4
1;35354.0;Caesar;Paris;SEASHELLS;7087.0;8
1;35355.0;Paris;Caesar;SEASHELLS;7088.0;10
1;35408.0;Caesar;Paris;SEASHELLS;7090.0;6
1;35421.0;Paris;Caesar;SEASHELLS;7091.0;4
1;35425.0;Paris;Caesar;SEASHELLS;7087.0;9
1;35440.0;Caesar;Paris;SEASHELLS;7082.0;10
1;35459.0;Caesar;Camilla;SEASHELLS;7083.0;5
1;35473.0;Caesar;Camilla;SEASHELLS;7077.0;5
1;35474.0;Paris;Caesar;SEASHELLS;7079.0;4
1;35499.0;Caesar;Camilla;SEASHELLS;7083.0;3
1;35500.0;Paris;Caesar;SEASHELLS;7086.0;5
1;35515.0;Caesar;Camilla;SEASHELLS;7091.0;12
1;35517.0;Paris;Caesar;SEASHELLS;7092.0;5
1;35531.0;Caesar;Camilla;SEASHELLS;7091.0;9
1;35535.0;Caesar;Camilla;SEASHELLS;7090.0;8
1;35551.0;Caesar;Paris;SEASHELLS;7085.0;6
1;35563.0;Paris;Caesar;SEASHELLS;7091.0;6
1;35567.0;Caesar;Paris;SEASHELLS;7091.0;4
1;35568.0;Caesar;Paris;SEASHELLS;7091.0;8
1;35577.0;Paris;Caesar;SEASHELLS;7096.0;6
1;35582.0;Paris;Caesar;SEASHELLS;7094.0;4
1;35586.0;Caesar;Camilla;SEASHELLS;7096.0;4
1;35586.0;Caesar;Paris;SEASHELLS;7096.0;7
1;35602.0;Paris;Caesar;SEASHELLS;7093.0;5
1;35603.0;Caesar;Paris;SEASHELLS;7089.0;5
1;35609.0;Caesar;Paris;SEASHELLS;7090.0;4
1;35613.0;Paris;Caesar;SEASHELLS;7089.0;5
1;35622.0;Paris;Caesar;SEASHELLS;7093.0;8
1;35628.0;Caesar;Paris;SEASHELLS;7091.0;6
1;35632.0;Caesar;Paris;SEASHELLS;7092.0;10
1;35648.0;Paris;Caesar;SEASHELLS;7089.0;8
1;35659.0;Caesar;Paris;SEASHELLS;7087.0;10
1;35662.0;Caesar;Paris;SEASHELLS;7086.0;6
1;35688.0;Caesar;Camilla;SEASHELLS;7090.0;10
1;35690.0;Caesar;Paris;SEASHELLS;7089.0;10
1;35704.0;Caesar;Camilla;SEASHELLS;7089.0;3
1;35708.0;Caesar;Camilla;SEASHELLS;7087.0;6
1;35718.0;Caesar;Paris;SEASHELLS;7087.0;9
1;35721.0;Caesar;Paris;SEASHELLS;7086.0;10
1;35726.0;Caesar;Paris;SEASHELLS;7088.0;7
1;35730.0;Paris;Caesar;SEASHELLS;7087.0;6
1;35738.0;Caesar;Camilla;SEASHELLS;7092.0;4
1;35747.0;Paris;Caesar;SEASHELLS;7094.0;6
1;35754.0;Paris;Caesar;SEASHELLS;7090.0;6
1;35762.0;Caesar;Camilla;SEASHELLS;7088.0;10
1;35775.0;Paris;Caesar;SEASHELLS;7081.0;7
1;35799.0;Caesar;Camilla;SEASHELLS;7077.0;8
1;35806.0;Caesar;Paris;SEASHELLS;7077.0;5
1;35836.0;Caesar;Camilla;SEASHELLS;7066.0;7
1;35840.0;Paris;Caesar;SEASHELLS;7065.0;9
1;35854.0;Caesar;Paris;SEASHELLS;7064.0;7
1;35877.0;Caesar;Paris;SEASHELLS;7068.0;7
1;35878.0;Caesar;Camilla;SEASHELLS;7067.0;5
1;35879.0;Caesar;Camilla;SEASHELLS;7067.0;9
1;35881.0;Caesar;Paris;SEASHELLS;7069.0;7
1;35899.0;Paris;Caesar;SEASHELLS;7076.0;5
1;35904.0;Paris;Caesar;SEASHELLS;7075.0;6
1;35912.0;Caesar;Paris;SEASHELLS;7075.0;9
1;35928.0;Caesar;Paris;SEASHELLS;7075.0;4
1;35946.0;Caesar;Paris;SEASHELLS;7074.0;4
1;35955.0;Caesar;Paris;SEASHELLS;7073.0;5
1;35956.0;Caesar;Camilla;SEASHELLS;7073.0;8
1;35963.0;Caesar;Camilla;SEASHELLS;7072.0;5
1;35965.0;Caesar;Camilla;SEASHELLS;7073.0;10
1;35969.0;Paris;Caesar;SEASHELLS;7079.0;6
1;35972.0;Caesar;Camilla;SEASHELLS;7077.0;5
1;35977.0;Caesar;Paris;SEASHELLS;7078.0;8
1;35980.0;Paris;Caesar;SEASHELLS;7080.0;10
1;35991.0;Paris;Caesar;SEASHELLS;7076.0;10
1;36005.0;Caesar;Paris;SEASHELLS;7081.0;9
1;36010.0;Paris;Caesar;SEASHELLS;7078.0;7
1;36019.0;Caesar;Paris;SEASHELLS;7079.0;9
1;36037.0;Caesar;Camilla;SEASHELLS;7078.0;8
1;36039.0;Caesar;Camilla;SEASHELLS;7078.0;3
1;36050.0;Caesar;Paris;SEASHELLS;7078.0;6
1;36053.0;Paris;Caesar;SEASHELLS;7081.0;10
1;36054.0;Caesar;Paris;SEASHELLS;7079.0;8
1;36055.0;Caesar;Paris;SEASHELLS;7078.0;4
1;36057.0;Caesar;Paris;SEASHELLS;7079.0;4
1;36078.0;Caesar;Paris;SEASHELLS;7082.0;8
1;36089.0;Caesar;Camilla;SEASHELLS;7086.0;4
1;36094.0;Paris;Caesar;SEASHELLS;7087.0;5
1;36095.0;Paris;Caesar;SEASHELLS;7087.0;5
1;36103.0;Paris;Caesar;SEASHELLS;7088.0;5
1;36106.0;Caesar;Camilla;SEASHELLS;7086.0;7
1;36106.0;Paris;Caesar;SEASHELLS;7087.0;6
1;36116.0;Paris;Caesar;SEASHELLS;7095.0;5
1;36121.0;Caesar;Paris;SEASHELLS;7097.0;10
1;36125.0;Paris;Caesar;SEASHELLS;7104.0;5
1;36126.0;Caesar;Paris;SEASHELLS;7103.0;5
1;36129.0;Paris;Caesar;SEASHELLS;7106.0;6
1;36130.0;Caesar;Paris;SEASHELLS;7103.0;7
1;36132.0;Paris;Caesar;SEASHELLS;7104.0;10
1;36136.0;Caesar;Paris;SEASHELLS;7105.0;6
1;36139.0;Paris;Caesar;SEASHELLS;7106.0;6
1;36142.0;Paris;Caesar;SEASHELLS;7104.0;10
1;36143.0;Caesar;Camilla;SEASHELLS;7100.0;4
1;36145.0;Paris;Caesar;SEASHELLS;7104.0;5
1;36150.0;Caesar;Camilla;SEASHELLS;7099.0;10
1;36161.0;Caesar;Camilla;SEASHELLS;7094.0;7
1;36164.0;Paris;Caesar;SEASHELLS;7096.0;6
1;36166.0;Caesar;Camilla;SEASHELLS;7093.0;7
1;36174.0;Paris;Caesar;SEASHELLS;7089.0;9
1;36176.0;Caesar;Camilla;SEASHELLS;7086.0;3
1;36177.0;Caesar;Paris;SEASHELLS;7087.0;10
1;36189.0;Paris;Caesar;SEASHELLS;7090.0;10
1;36193.0;Caesar;Camilla;SEASHELLS;7089.0;9
1;36201.0;Paris;Caesar;SEASHELLS;7093.0;10
1;36201.0;Caesar;Camilla;SEASHELLS;7091.0;4
1;36204.0;Paris;Caesar;SEASHELLS;7095.0;6
1;36211.0;Paris;Caesar;SEASHELLS;7091.0;5
1;36216.0;Caesar;Paris;SEASHELLS;7084.0;7
1;36250.0;Caesar;Camilla;SEASHELLS;7092.0;10
1;36265.0;Paris;Caesar;SEASHELLS;7092.0;4
1;36267.0;Caesar;Camilla;SEASHELLS;7090.0;5
1;36269.0;Caesar;Camilla;SEASHELLS;7091.0;4
1;36278.0;Paris;Caesar;SEASHELLS;7094.0;4
1;36279.0;Caesar;Paris;SEASHELLS;7092.0;10
1;36285.0;Caesar;Paris;SEASHELLS;7096.0;6
1;36289.0;Paris;Caesar;SEASHELLS;7095.0;4
1;36298.0;Caesar;Paris;SEASHELLS;7092.0;9
1;36302.0;Caesar;Paris;SEASHELLS;7095.0;5
1;36323.0;Paris;Caesar;SEASHELLS;7098.0;6
1;36331.0;Paris;Caesar;SEASHELLS;7106.0;4
1;36343.0;Paris;Caesar;SEASHELLS;7108.0;9
1;36347.0;Caesar;Paris;SEASHELLS;7106.0;10
1;36348.0;Paris;Caesar;SEASHELLS;7107.0;5
1;36349.0;Paris;Caesar;SEASHELLS;7105.0;10
1;36359.0;Caesar;Camilla;SEASHELLS;7105.0;5
1;36364.0;Caesar;Paris;SEASHELLS;7104.0;7
1;36365.0;Paris;Caesar;SEASHELLS;7105.0;8
1;36369.0;Paris;Caesar;SEASHELLS;7106.0;6
1;36373.0;Paris;Caesar;SEASHELLS;7107.0;9
1;36408.0;Caesar;Paris;SEASHELLS;7101.0;9
1;36437.0;Paris;Camilla;SEASHELLS;7095.0;6
1;36439.0;Paris;Caesar;SEASHELLS;7097.0;10
1;36448.0;Caesar;Paris;SEASHELLS;7096.0;8
1;36450.0;Caesar;Camilla;SEASHELLS;7097.0;11
1;36475.0;Caesar;Camilla;SEASHELLS;7096.0;6
1;36478.0;Caesar;Paris;SEASHELLS;7097.0;8
1;36479.0;Caesar;Paris;SEASHELLS;7096.0;5
1;36486.0;Caesar;Paris;SEASHELLS;7094.0;9
1;36496.0;Caesar;Camilla;SEASHELLS;7095.0;7
1;36510.0;Caesar;Paris;SEASHELLS;7100.0;5
1;36512.0;Caesar;Paris;SEASHELLS;7100.0;8
1;36513.0;Paris;Caesar;SEASHELLS;7100.0;6
1;36530.0;Paris;Caesar;SEASHELLS;7099.0;6
1;36546.0;Paris;Caesar;SEASHELLS;7097.0;4
1;36561.0;Paris;Caesar;SEASHELLS;7102.0;9
1;36561.0;Caesar;Camilla;SEASHELLS;7101.0;5
1;36567.0;Caesar;Paris;SEASHELLS;7098.0;9
1;36569.0;Caesar;Paris;SEASHELLS;7098.0;5
1;36582.0;Paris;Caesar;SEASHELLS;7108.0;9
1;36583.0;Caesar;Camilla;SEASHELLS;7105.0;8
1;36590.0;Caesar;Camilla;SEASHELLS;7106.0;5
1;36591.0;Paris;Caesar;SEASHELLS;7109.0;4
1;36603.0;Caesar;Paris;SEASHELLS;7112.0;7
1;36604.0;Caesar;Camilla;SEASHELLS;7113.0;6
1;36619.0;Caesar;Camilla;SEASHELLS;7117.0;10
1;36621.0;Caesar;Paris;SEASHELLS;7114.0;5
1;36633.0;Caesar;Paris;SEASHELLS;7110.0;10
1;36639.0;Caesar;Camilla;SEASHELLS;7110.0;10
1;36640.0;Caesar;Camilla;SEASHELLS;7111.0;10
1;36653.0;Paris;Caesar;SEASHELLS;7113.0;7
1;36671.0;Paris;Caesar;SEASHELLS;7110.0;4
1;36672.0;Caesar;Paris;SEASHELLS;7110.0;4
1;36676.0;Caesar;Camilla;SEASHELLS;7111.0;12
1;36679.0;Caesar;Camilla;SEASHELLS;7113.0;10
1;36682.0;Paris;Caesar;SEASHELLS;7115.0;5
1;36685.0;Caesar;Paris;SEASHELLS;7114.0;10
1;36707.0;Camilla;Paris;SEASHELLS;7119.0;7
1;36723.0;Caesar;Paris;SEASHELLS;7124.0;6
1;36728.0;Caesar;Paris;SEASHELLS;7126.0;9
1;36739.0;Caesar;Paris;SEASHELLS;7123.0;9
1;36748.0;Paris;Caesar;SEASHELLS;7124.0;9
1;36751.0;Caesar;Paris;SEASHELLS;7118.0;9
1;36752.0;Caesar;Paris;SEASHELLS;7116.0;4
1;36769.0;Caesar;Paris;SEASHELLS;7117.0;5
1;36774.0;Paris;Caesar;SEASHELLS;7120.0;4
1;36806.0;Paris;Caesar;SEASHELLS;7128.0;9
1;36808.0;Caesar;Camilla;SEASHELLS;7127.0;4
1;36831.0;Caesar;Paris;SEASHELLS;7125.0;5
1;36844.0;Paris;Caesar;SEASHELLS;7118.0;7
1;36845.0;Caesar;Paris;SEASHELLS;7115.0;6
1;36850.0;Caesar;Camilla;SEASHELLS;7114.0;12
1;36856.0;Caesar;Camilla;SEASHELLS;7114.0;11
1;36863.0;Paris;Caesar;SEASHELLS;7118.0;9
1;36865.0;Caesar;Paris;SEASHELLS;7117.0;7
1;36867.0;Caesar;Camilla;SEASHELLS;7117.0;12
1;36872.0;Caesar;Paris;SEASHELLS;7112.0;5
1;36875.0;Caesar;Camilla;SEASHELLS;7116.0;11
1;36880.0;Paris;Caesar;SEASHELLS;7116.0;9
1;36880.0;Caesar;Camilla;SEASHELLS;7115.0;5
1;36886.0;Paris;Caesar;SEASHELLS;7118.0;5
1;36895.0;Paris;Caesar;SEASHELLS;7117.0;9
1;36896.0;Caesar;Paris;SEASHELLS;7115.0;8
1;36901.0;Paris;Caesar;SEASHELLS;7118.0;4
1;36908.0;Paris;Caesar;SEASHELLS;7115.0;5
1;36918.0;Paris;Caesar;SEASHELLS;7110.0;4
1;36920.0;Caesar;Paris;SEASHELLS;7109.0;9
1;36925.0;Caesar;Camilla;SEASHELLS;7112.0;10
1;36940.0;Caesar;Paris;SEASHELLS;7112.0;9
1;36949.0;Paris;Caesar;SEASHELLS;7114.0;5
1;36952.0;Caesar;Camilla;SEASHELLS;7112.0;12
1;36965.0;Caesar;Paris;SEASHELLS;7110.0;7
1;36967.0;Caesar;Paris;SEASHELLS;7110.0;8
1;36968.0;Caesar;Paris;SEASHELLS;7109.0;10
1;36982.0;Caesar;Paris;SEASHELLS;7108.0;7
1;36985.0;Caesar;Camilla;SEASHELLS;7107.0;3
1;36985.0;Caesar;Paris;SEASHELLS;7107.0;10
1;36991.0;Paris;Caesar;SEASHELLS;7111.0;8
1;37003.0;Caesar;Paris;SEASHELLS;7111.0;7
1;37025.0;Caesar;Camilla;SEASHELLS;7113.0;11
1;37033.0;Caesar;Camilla;SEASHELLS;7112.0;9
1;37036.0;Caesar;Camilla;SEASHELLS;7108.0;9
1;37054.0;Caesar;Paris;SEASHELLS;7112.0;10
1;37056.0;Paris;Caesar;SEASHELLS;7113.0;8
1;37057.0;Caesar;Paris;SEASHELLS;7111.0;8
1;37058.0;Caesar;Camilla;SEASHELLS;7110.0;9
1;37085.0;Caesar;Camilla;SEASHELLS;7107.0;12
1;37086.0;Paris;Caesar;SEASHELLS;7110.0;8
1;37089.0;Caesar;Paris;SEASHELLS;7110.0;5
1;37090.0;Caesar;Paris;SEASHELLS;7109.0;5
1;37102.0;Caesar;Paris;SEASHELLS;7113.0;10
1;37130.0;Caesar;Paris;SEASHELLS;7111.0;10
1;37135.0;Caesar;Camilla;SEASHELLS;7110.0;4
1;37140.0;Paris;Caesar;SEASHELLS;7112.0;9
1;37146.0;Caesar;Paris;SEASHELLS;7111.0;8
1;37149.0;Paris;Caesar;SEASHELLS;7111.0;6
1;37174.0;Paris;Camilla;SEASHELLS;7114.0;3
1;37176.0;Paris;Caesar;SEASHELLS;7116.0;5
1;37177.0;Paris;Caesar;SEASHELLS;7116.0;9
1;37183.0;Caesar;Paris;SEASHELLS;7111.0;6
1;37193.0;Caesar;Camilla;SEASHELLS;7115.0;9
1;37195.0;Caesar;Paris;SEASHELLS;7119.0;7
1;37204.0;Caesar;Camilla;SEASHELLS;7119.0;7
1;37209.0;Caesar;Camilla;SEASHELLS;7122.0;11
1;37214.0;Paris;Caesar;SEASHELLS;7121.0;10
1;37218.0;Caesar;Paris;SEASHELLS;7118.0;9
1;37220.0;Paris;Caesar;SEASHELLS;7117.0;6
1;37225.0;Caesar;Camilla;SEASHELLS;7117.0;4
1;37254.0;Caesar;Paris;SEASHELLS;7114.0;6
1;37262.0;Caesar;Paris;SEASHELLS;7108.0;8
1;37267.0;Paris;Caesar;SEASHELLS;7111.0;5
1;37276.0;Caesar;Paris;SEASHELLS;7111.0;6
1;37284.0;Paris;Caesar;SEASHELLS;7109.0;5
1;37287.0;Paris;Caesar;SEASHELLS;7110.0;8
1;37290.0;Paris;Caesar;SEASHELLS;7112.0;4
1;37290.0;Caesar;Camilla;SEASHELLS;7111.0;7
1;37318.0;Camilla;Paris;SEASHELLS;7122.0;7
1;37319.0;Caesar;Camilla;SEASHELLS;7122.0;9
1;37328.0;Paris;Caesar;SEASHELLS;7122.0;9
1;37333.0;Caesar;Paris;SEASHELLS;7121.0;10
1;37337.0;Caesar;Paris;SEASHELLS;7120.0;10
1;37358.0;Paris;Caesar;SEASHELLS;7129.0;4
1;37362.0;Caesar;Camilla;SEASHELLS;7125.0;12
1;37368.0;Caesar;Camilla;SEASHELLS;7128.0;9
1;37370.0;Caesar;Camilla;SEASHELLS;7127.0;5
1;37380.0;Caesar;Camilla;SEASHELLS;7121.0;8
1;37384.0;Caesar;Paris;SEASHELLS;7122.0;9
1;37390.0;Caesar;Paris;SEASHELLS;7124.0;7
1;37398.0;Caesar;Camilla;SEASHELLS;7126.0;8
1;37415.0;Caesar;Paris;SEASHELLS;7124.0;7
1;37432.0;Paris;Caesar;SEASHELLS;7123.0;7
1;37464.0;Paris;Caesar;SEASHELLS;7123.0;10
1;37466.0;Caesar;Camilla;SEASHELLS;7122.0;8
1;37469.0;Caesar;Paris;SEASHELLS;7122.0;5
1;37491.0;Caesar;Camilla;SEASHELLS;7125.0;3
1;37493.0;Caesar;Paris;SEASHELLS;7126.0;5
1;37511.0;Caesar;Paris;SEASHELLS;7128.0;8
1;37514.0;Caesar;Paris;SEASHELLS;7123.0;4
1;37522.0;Caesar;Paris;SEASHELLS;7128.0;4
1;37531.0;Caesar;Paris;SEASHELLS;7124.0;5
1;37534.0;Paris;Caesar;SEASHELLS;7128.0;9
1;37544.0;Caesar;Camilla;SEASHELLS;7124.0;4
1;37550.0;Caesar;Paris;SEASHELLS;7125.0;5
1;37553.0;Caesar;Paris;SEASHELLS;7126.0;6
1;37561.0;Caesar;Paris;SEASHELLS;7129.0;4
1;37570.0;Caesar;Paris;SEASHELLS;7128.0;9
1;37581.0;Paris;Caesar;SEASHELLS;7132.0;5
1;37592.0;Paris;Caesar;SEASHELLS;7136.0;5
1;37598.0;Paris;Caesar;SEASHELLS;7132.0;5
1;37599.0;Caesar;Paris;SEASHELLS;7130.0;9
1;37619.0;Paris;Caesar;SEASHELLS;7132.0;9
1;37628.0;Caesar;Paris;SEASHELLS;7125.0;10
1;37630.0;Caesar;Paris;SEASHELLS;7124.0;8
1;37653.0;Caesar;Paris;SEASHELLS;7123.0;9
1;37661.0;Caesar;Paris;SEASHELLS;7120.0;6
1;37688.0;Caesar;Camilla;SEASHELLS;7123.0;3
1;37691.0;Paris;Caesar;SEASHELLS;7123.0;5
1;37700.0;Caesar;Paris;SEASHELLS;7123.0;9
1;37705.0;Caesar;Camilla;SEASHELLS;7122.0;6
1;37705.0;Caesar;Paris;SEASHELLS;7122.0;5
1;37716.0;Caesar;Paris;SEASHELLS;7123.0;10
1;37717.0;Paris;Caesar;SEASHELLS;7125.0;4
1;37718.0;Caesar;Paris;SEASHELLS;7125.0;7
1;37723.0;Caesar;Camilla;SEASHELLS;7122.0;10
1;37723.0;Paris;Caesar;SEASHELLS;7124.0;5
1;37732.0;Caesar;Paris;SEASHELLS;7119.0;9
1;37740.0;Paris;Caesar;SEASHELLS;7125.0;4
1;37757.0;Caesar;Paris;SEASHELLS;7124.0;4
1;37759.0;Paris;Caesar;SEASHELLS;7126.0;6
1;37782.0;Caesar;Paris;SEASHELLS;7125.0;7
1;37786.0;Caesar;Paris;SEASHELLS;7124.0;9
1;37810.0;Caesar;Paris;SEASHELLS;7112.0;6
1;37817.0;Caesar;Camilla;SEASHELLS;7109.0;3
1;37819.0;Caesar;Camilla;SEASHELLS;7106.0;3
1;37832.0;Caesar;Paris;SEASHELLS;7106.0;8
1;37837.0;Caesar;Paris;SEASHELLS;7107.0;9
1;37853.0;Caesar;Camilla;SEASHELLS;7110.0;9
1;37861.0;Caesar;Paris;SEASHELLS;7105.0;9
1;37879.0;Caesar;Paris;SEASHELLS;7108.0;5
1;37887.0;Caesar;Paris;SEASHELLS;7106.0;6
1;37905.0;Paris;Caesar;SEASHELLS;7115.0;8
1;37916.0;Paris;Caesar;SEASHELLS;7111.0;9
1;37926.0;Caesar;Paris;SEASHELLS;7102.0;7
1;37937.0;Paris;Caesar;SEASHELLS;7111.0;10
1;37939.0;Paris;Caesar;SEASHELLS;7112.0;9
1;37943.0;Caesar;Camilla;SEASHELLS;7111.0;6
1;37943.0;Paris;Caesar;SEASHELLS;7113.0;5
1;37944.0;Caesar;Paris;SEASHELLS;7108.0;8
1;37962.0;Caesar;Paris;SEASHELLS;7102.0;10
1;37966.0;Caesar;Camilla;SEASHELLS;7101.0;7
1;37979.0;Paris;Caesar;SEASHELLS;7105.0;10
1;37988.0;Caesar;Camilla;SEASHELLS;7105.0;10
1;37996.0;Caesar;Paris;SEASHELLS;7108.0;4
1;37999.0;Paris;Caesar;SEASHELLS;7110.0;7
1;38016.0;Paris;Caesar;SEASHELLS;7105.0;8
1;38017.0;Caesar;Paris;SEASHELLS;7105.0;6
1;38025.0;Caesar;Paris;SEASHELLS;7109.0;5
1;38036.0;Caesar;Camilla;SEASHELLS;7105.0;10
1;38038.0;Paris;Caesar;SEASHELLS;7105.0;5
1;38043.0;Caesar;Camilla;SEASHELLS;7102.0;10
1;38047.0;Paris;Caesar;SEASHELLS;7103.0;4
1;38051.0;Caesar;Camilla;SEASHELLS;7103.0;7
1;38053.0;Caesar;Paris;SEASHELLS;7102.0;4
1;38064.0;Paris;Caesar;SEASHELLS;7104.0;8
1;38081.0;Paris;Caesar;SEASHELLS;7107.0;7
1;38088.0;Caesar;Camilla;SEASHELLS;7104.0;9
1;38090.0;Caesar;Camilla;SEASHELLS;7104.0;11
1;38099.0;Paris;Caesar;SEASHELLS;7109.0;5
1;38110.0;Paris;Caesar;SEASHELLS;7115.0;9
1;38116.0;Paris;Caesar;SEASHELLS;7117.0;10
1;38117.0;Paris;Caesar;SEASHELLS;7117.0;8
1;38121.0;Caesar;Paris;SEASHELLS;7113.0;5
1;38144.0;Caesar;Camilla;SEASHELLS;7106.0;5
1;38152.0;Caesar;Camilla;SEASHELLS;7101.0;3
1;38160.0;Paris;Caesar;SEASHELLS;7102.0;8
1;38167.0;Paris;Caesar;SEASHELLS;7102.0;9
1;38179.0;Paris;Caesar;SEASHELLS;7103.0;9
1;38188.0;Caesar;Paris;SEASHELLS;7095.0;5
1;38193.0;Paris;Caesar;SEASHELLS;7098.0;8
1;38196.0;Caesar;Camilla;SEASHELLS;7098.0;5
1;38217.0;Paris;Caesar;SEASHELLS;7105.0;4
1;38217.0;Caesar;Camilla;SEASHELLS;7103.0;6
1;38231.0;Caesar;Paris;SEASHELLS;7096.0;9
1;38235.0;Caesar;Camilla;SEASHELLS;7092.0;5
1;38250.0;Caesar;Paris;SEASHELLS;7088.0;10
1;38251.0;Caesar;Camilla;SEASHELLS;7087.0;10
1;38256.0;Caesar;Camilla;SEASHELLS;7083.0;5
1;38265.0;Paris;Caesar;SEASHELLS;7081.0;10
1;38277.0;Caesar;Camilla;SEASHELLS;7073.0;9
1;38320.0;Caesar;Paris;SEASHELLS;7058.0;10
1;38338.0;Paris;Caesar;SEASHELLS;7060.0;8
1;38340.0;Caesar;Camilla;SEASHELLS;7058.0;12
1;38361.0;Caesar;Camilla;SEASHELLS;7058.0;11
1;38387.0;Caesar;Camilla;SEASHELLS;7062.0;10
1;38393.0;Caesar;Camilla;SEASHELLS;7059.0;6
1;38395.0;Caesar;Paris;SEASHELLS;7057.0;6
1;38403.0;Caesar;Camilla;SEASHELLS;7058.0;12
1;38421.0;Caesar;Camilla;SEASHELLS;7061.0;3
1;38421.0;Caesar;Paris;SEASHELLS;7061.0;9
1;38434.0;Caesar;Camilla;SEASHELLS;7062.0;8
1;38435.0;Caesar;Paris;SEASHELLS;7061.0;7
1;38447.0;Paris;Caesar;SEASHELLS;7069.0;4
1;38449.0;Paris;Caesar;SEASHELLS;7072.0;5
1;38454.0;Caesar;Paris;SEASHELLS;7068.0;4
1;38456.0;Caesar;Paris;SEASHELLS;7067.0;9
1;38458.0;Paris;Caesar;SEASHELLS;7068.0;8
1;38468.0;Caesar;Paris;SEASHELLS;7066.0;5
1;38474.0;Caesar;Paris;SEASHELLS;7065.0;9
1;38478.0;Paris;Caesar;SEASHELLS;7067.0;9
1;38482.0;Paris;Caesar;SEASHELLS;7070.0;4
1;38498.0;Caesar;Paris;SEASHELLS;7065.0;7
1;38499.0;Paris;Caesar;SEASHELLS;7065.0;4
1;38535.0;Caesar;Paris;SEASHELLS;7063.0;5
1;38541.0;Paris;Caesar;SEASHELLS;7062.0;5
1;38554.0;Caesar;Paris;SEASHELLS;7061.0;10
1;38564.0;Paris;Caesar;SEASHELLS;7058.0;5
1;38571.0;Paris;Caesar;SEASHELLS;7059.0;5
1;38575.0;Caesar;Paris;SEASHELLS;7057.0;4
1;38584.0;Caesar;Camilla;SEASHELLS;7051.0;6
1;38589.0;Paris;Caesar;SEASHELLS;7058.0;6
1;38601.0;Caesar;Paris;SEASHELLS;7056.0;4
1;38608.0;Paris;Caesar;SEASHELLS;7061.0;9
1;38609.0;Caesar;Camilla;SEASHELLS;7061.0;4
1;38610.0;Paris;Caesar;SEASHELLS;7063.0;8
1;38625.0;Caesar;Paris;SEASHELLS;7056.0;5
1;38637.0;Caesar;Paris;SEASHELLS;7056.0;7
1;38658.0;Paris;Caesar;SEASHELLS;7061.0;4
1;38659.0;Caesar;Paris;SEASHELLS;7060.0;6
1;38677.0;Caesar;Paris;SEASHELLS;7063.0;6
1;38688.0;Paris;Caesar;SEASHELLS;7065.0;7
1;38710.0;Paris;Caesar;SEASHELLS;7070.0;6
1;38714.0;Caesar;Camilla;SEASHELLS;7071.0;6
1;38722.0;Caesar;Camilla;SEASHELLS;7069.0;12
1;38735.0;Paris;Caesar;SEASHELLS;7075.0;7
1;38789.0;Paris;Caesar;SEASHELLS;7064.0;6
1;38790.0;Paris;Caesar;SEASHELLS;7064.0;4
1;38809.0;Paris;Caesar;SEASHELLS;7056.0;10
1;38816.0;Paris;Caesar;SEASHELLS;7052.0;5
1;38818.0;Paris;Caesar;SEASHELLS;7054.0;5
1;38825.0;Paris;Caesar;SEASHELLS;7053.0;7
1;38841.0;Caesar;Paris;SEASHELLS;7043.0;9
1;38844.0;Paris;Caesar;SEASHELLS;7045.0;4
1;38846.0;Caesar;Paris;SEASHELLS;7045.0;10
1;38848.0;Caesar;Camilla;SEASHELLS;7044.0;9
1;38868.0;Paris;Caesar;SEASHELLS;7043.0;8
1;38876.0;Caesar;Camilla;SEASHELLS;7036.0;8
1;38880.0;Caesar;Camilla;SEASHELLS;7033.0;6
1;38887.0;Caesar;Paris;SEASHELLS;7034.0;9
1;38888.0;Caesar;Camilla;SEASHELLS;7034.0;7
1;38890.0;Paris;Caesar;SEASHELLS;7034.0;8
1;38909.0;Paris;Caesar;SEASHELLS;7042.0;10
1;38912.0;Caesar;Paris;SEASHELLS;7040.0;5
1;38919.0;Paris;Caesar;SEASHELLS;7048.0;10
1;38944.0;Paris;Caesar;SEASHELLS;7051.0;7
1;38945.0;Paris;Caesar;SEASHELLS;7051.0;8
1;38946.0;Caesar;Camilla;SEASHELLS;7050.0;10
1;38952.0;Caesar;Paris;SEASHELLS;7048.0;4
1;38953.0;Caesar;Camilla;SEASHELLS;7048.0;5
1;38960.0;Caesar;Camilla;SEASHELLS;7046.0;5
1;38982.0;Paris;Caesar;SEASHELLS;7051.0;8
1;39013.0;Paris;Caesar;SEASHELLS;7055.0;6
1;39019.0;Caesar;Paris;SEASHELLS;7055.0;5
1;39020.0;Caesar;Paris;SEASHELLS;7056.0;10
1;39038.0;Caesar;Paris;SEASHELLS;7053.0;9
1;39047.0;Caesar;Paris;SEASHELLS;7056.0;7
1;39049.0;Paris;Caesar;SEASHELLS;7058.0;5
1;39055.0;Paris;Caesar;SEASHELLS;7055.0;8
1;39059.0;Caesar;Camilla;SEASHELLS;7058.0;6
1;39065.0;Paris;Caesar;SEASHELLS;7058.0;7
1;39067.0;Caesar;Paris;SEASHELLS;7056.0;9
1;39081.0;Caesar;Camilla;SEASHELLS;7056.0;3
1;39083.0;Caesar;Camilla;SEASHELLS;7058.0;10
1;39084.0;Caesar;Paris;SEASHELLS;7059.0;7
1;39127.0;Paris;Caesar;SEASHELLS;7070.0;7
1;39131.0;Paris;Caesar;SEASHELLS;7067.0;6
1;39141.0;Paris;Caesar;SEASHELLS;7069.0;7
1;39157.0;Caesar;Paris;SEASHELLS;7065.0;6
1;39158.0;Caesar;Paris;SEASHELLS;7064.0;10
1;39184.0;Caesar;Paris;SEASHELLS;7069.0;7
1;39185.0;Caesar;Paris;SEASHELLS;7069.0;10
1;39186.0;Paris;Caesar;SEASHELLS;7072.0;6
1;39190.0;Paris;Caesar;SEASHELLS;7073.0;8
1;39193.0;Caesar;Paris;SEASHELLS;7073.0;10
1;39196.0;Caesar;Paris;SEASHELLS;7071.0;9
1;39200.0;Paris;Caesar;SEASHELLS;7073.0;5
1;39211.0;Caesar;Camilla;SEASHELLS;7076.0;12
1;39219.0;Caesar;Camilla;SEASHELLS;7075.0;5
1;39226.0;Caesar;Paris;SEASHELLS;7080.0;10
1;39241.0;Caesar;Paris;SEASHELLS;7087.0;8
1;39247.0;Paris;Caesar;SEASHELLS;7094.0;5
1;39248.0;Caesar;Paris;SEASHELLS;7093.0;7
1;39251.0;Caesar;Camilla;SEASHELLS;7095.0;3
1;39253.0;Caesar;Paris;SEASHELLS;7091.0;7
1;39260.0;Caesar;Paris;SEASHELLS;7095.0;5
1;39273.0;Paris;Caesar;SEASHELLS;7094.0;6
1;39293.0;Caesar;Paris;SEASHELLS;7096.0;9
1;39293.0;Caesar;Camilla;SEASHELLS;7096.0;9
1;39294.0;Caesar;Camilla;SEASHELLS;7096.0;4
1;39295.0;Caesar;Paris;SEASHELLS;7095.0;10
1;39299.0;Paris;Caesar;SEASHELLS;7097.0;6
1;39300.0;Caesar;Paris;SEASHELLS;7094.0;8
1;39307.0;Caesar;Paris;SEASHELLS;7093.0;8
1;39313.0;Paris;Caesar;SEASHELLS;7096.0;7
1;39330.0;Paris;Caesar;SEASHELLS;7105.0;10
1;39350.0;Paris;Caesar;SEASHELLS;7104.0;5
1;39351.0;Caesar;Paris;SEASHELLS;7102.0;8
1;39354.0;Caesar;Camilla;SEASHELLS;7104.0;11
1;39371.0;Caesar;Paris;SEASHELLS;7105.0;9
1;39412.0;Caesar;Paris;SEASHELLS;7104.0;8
1;39421.0;Caesar;Camilla;SEASHELLS;7103.0;12
1;39422.0;Caesar;Paris;SEASHELLS;7102.0;9
1;39431.0;Caesar;Camilla;SEASHELLS;7101.0;4
1;39431.0;Caesar;Paris;SEASHELLS;7101.0;5
1;39432.0;Paris;Caesar;SEASHELLS;7102.0;7
1;39443.0;Paris;Caesar;SEASHELLS;7101.0;9
1;39463.0;Caesar;Paris;SEASHELLS;7102.0;10
1;39492.0;Caesar;Paris;SEASHELLS;7111.0;5
1;39494.0;Caesar;Camilla;SEASHELLS;7112.0;6
1;39505.0;Caesar;Paris;SEASHELLS;7118.0;4
1;39507.0;Paris;Caesar;SEASHELLS;7120.0;9
1;39519.0;Paris;Caesar;SEASHELLS;7115.0;9
1;39525.0;Caesar;Camilla;SEASHELLS;7111.0;3
1;39528.0;Caesar;Camilla;SEASHELLS;7111.0;10
1;39548.0;Paris;Caesar;SEASHELLS;7105.0;5
1;39549.0;Caesar;Camilla;SEASHELLS;7103.0;3
1;39561.0;Paris;Caesar;SEASHELLS;7110.0;5
1;39566.0;Paris;Caesar;SEASHELLS;7108.0;10
1;39596.0;Paris;Caesar;SEASHELLS;7103.0;4
1;39600.0;Caesar;Paris;SEASHELLS;7095.0;5
1;39612.0;Caesar;Paris;SEASHELLS;7100.0;4
1;39630.0;Caesar;Camilla;SEASHELLS;7096.0;4
1;39635.0;Caesar;Camilla;SEASHELLS;7096.0;5
1;39660.0;Paris;Caesar;SEASHELLS;7097.0;8
1;39665.0;Paris;Caesar;SEASHELLS;7099.0;5
1;39672.0;Caesar;Paris;SEASHELLS;7098.0;6
1;39675.0;Caesar;Paris;SEASHELLS;7095.0;5
1;39678.0;Caesar;Paris;SEASHELLS;7096.0;10
1;39679.0;Caesar;Camilla;SEASHELLS;7097.0;10
1;39693.0;Caesar;Paris;SEASHELLS;7100.0;5
1;39718.0;Caesar;Paris;SEASHELLS;7100.0;9
1;39722.0;Paris;Caesar;SEASHELLS;7104.0;8
1;39723.0;Caesar;Camilla;SEASHELLS;7101.0;5
1;39729.0;Caesar;Camilla;SEASHELLS;7096.0;6
1;39763.0;Caesar;Camilla;SEASHELLS;7101.0;3
1;39777.0;Caesar;Paris;SEASHELLS;7107.0;10
1;39783.0;Caesar;Paris;SEASHELLS;7108.0;8
1;39820.0;Caesar;Camilla;SEASHELLS;7109.0;6
1;39825.0;Paris;Caesar;SEASHELLS;7107.0;9
1;39827.0;Caesar;Paris;SEASHELLS;7105.0;5
1;39841.0;Paris;Caesar;SEASHELLS;7106.0;10
1;39850.0;Caesar;Camilla;SEASHELLS;7103.0;5
1;39852.0;Caesar;Paris;SEASHELLS;7103.0;5
1;39856.0;Caesar;Paris;SEASHELLS;7102.0;7
1;39871.0;Paris;Caesar;SEASHELLS;7106.0;9
1;39886.0;Caesar;Paris;SEASHELLS;7103.0;4
1;39905.0;Caesar;Paris;SEASHELLS;7096.0;9
1;39918.0;Paris;Caesar;SEASHELLS;7100.0;7
1;39933.0;Paris;Caesar;SEASHELLS;7107.0;9
1;39944.0;Caesar;Camilla;SEASHELLS;7106.0;8
1;39948.0;Caesar;Paris;SEASHELLS;7104.0;10
1;39957.0;Paris;Caesar;SEASHELLS;7105.0;10
1;39963.0;Caesar;Camilla;SEASHELLS;7102.0;11
1;39964.0;Caesar;Paris;SEASHELLS;7103.0;8
1;39967.0;Caesar;Camilla;SEASHELLS;7103.0;11
1;39977.0;Paris;Caesar;SEASHELLS;7100.0;9
1;39979.0;Paris;Caesar;SEASHELLS;7098.0;10
1;39985.0;Paris;Caesar;SEASHELLS;7096.0;4
1;39990.0;Caesar;Camilla;SEASHELLS;7095.0;12
1;39996.0;Caesar;Camilla;SEASHELLS;7092.0;4
2;40003.0;Paris;Caesar;SEASHELLS;7094.0;7
2;40011.0;Paris;Caesar;SEASHELLS;7099.0;4
2;40013.0;Caesar;Paris;SEASHELLS;7096.0;9
2;40026.0;Paris;Caesar;SEASHELLS;7095.0;6
2;40029.0;Caesar;Paris;SEASHELLS;7090.0;9
2;40030.0;Caesar;Paris;SEASHELLS;7090.0;10
2;40056.0;Caesar;Camilla;SEASHELLS;7084.0;4
2;40063.0;Caesar;Camilla;SEASHELLS;7086.0;3
2;40069.0;Caesar;Paris;SEASHELLS;7087.0;5
2;40074.0;Caesar;Paris;SEASHELLS;7088.0;8
2;40075.0;Caesar;Camilla;SEASHELLS;7090.0;6
2;40076.0;Paris;Caesar;SEASHELLS;7092.0;7
2;40080.0;Caesar;Paris;SEASHELLS;7088.0;5
2;40083.0;Caesar;Paris;SEASHELLS;7089.0;5
2;40100.0;Paris;Caesar;SEASHELLS;7083.0;5
2;40102.0;Paris;Caesar;SEASHELLS;7082.0;4
2;40109.0;Caesar;Paris;SEASHELLS;7078.0;8
2;40131.0;Caesar;Camilla;SEASHELLS;7080.0;8
2;40134.0;Paris;Caesar;SEASHELLS;7080.0;8
2;40144.0;Caesar;Paris;SEASHELLS;7077.0;5
2;40145.0;Paris;Caesar;SEASHELLS;7079.0;6
2;40153.0;Paris;Caesar;SEASHELLS;7080.0;5
2;40167.0;Caesar;Camilla;SEASHELLS;7071.0;4
2;40169.0;Caesar;Camilla;SEASHELLS;7070.0;6
2;40209.0;Caesar;Paris;SEASHELLS;7066.0;4
2;40215.0;Caesar;Camilla;SEASHELLS;7066.0;5
2;40225.0;Caesar;Paris;SEASHELLS;7067.0;9
2;40232.0;Paris;Caesar;SEASHELLS;7073.0;8
2;40237.0;Caesar;Camilla;SEASHELLS;7073.0;3
2;40241.0;Caesar;Paris;SEASHELLS;7072.0;9
2;40247.0;Caesar;Paris;SEASHELLS;7075.0;8
2;40259.0;Paris;Caesar;SEASHELLS;7081.0;4
2;40270.0;Caesar;Camilla;SEASHELLS;7078.0;8
2;40276.0;Caesar;Camilla;SEASHELLS;7077.0;12
2;40296.0;Paris;Caesar;SEASHELLS;7077.0;8
2;40301.0;Paris;Caesar;SEASHELLS;7075.0;8
2;40302.0;Paris;Caesar;SEASHELLS;7076.0;10
2;40309.0;Caesar;Paris;SEASHELLS;7071.0;9
2;40310.0;Paris;Caesar;SEASHELLS;7072.0;6
2;40325.0;Caesar;Paris;SEASHELLS;7070.0;8
2;40339.0;Paris;Caesar;SEASHELLS;7067.0;10
2;40352.0;Paris;Caesar;SEASHELLS;7076.0;8
2;40353.0;Paris;Caesar;SEASHELLS;7077.0;7
2;40356.0;Caesar;Paris;SEASHELLS;7074.0;7
2;40359.0;Caesar;Camilla;SEASHELLS;7072.0;3
2;40360.0;Paris;Caesar;SEASHELLS;7074.0;5
2;40361.0;Caesar;Camilla;SEASHELLS;7071.0;3
2;40374.0;Caesar;Camilla;SEASHELLS;7071.0;9
2;40395.0;Caesar;Paris;SEASHELLS;7070.0;8
2;40402.0;Caesar;Paris;SEASHELLS;7069.0;4
2;40403.0;Caesar;Paris;SEASHELLS;7068.0;8
2;40405.0;Caesar;Camilla;SEASHELLS;7067.0;7
2;40413.0;Caesar;Paris;SEASHELLS;7069.0;10
2;40420.0;Caesar;Paris;SEASHELLS;7068.0;8
2;40421.0;Caesar;Camilla;SEASHELLS;7067.0;5
2;40439.0;Caesar;Paris;SEASHELLS;7071.0;10
2;40449.0;Caesar;Paris;SEASHELLS;7076.0;4
2;40456.0;Caesar;Camilla;SEASHELLS;7074.0;9
2;40472.0;Caesar;Camilla;SEASHELLS;7074.0;3
2;40477.0;Paris;Caesar;SEASHELLS;7079.0;9
2;40481.0;Paris;Caesar;SEASHELLS;7079.0;10
2;40483.0;Caesar;Paris;SEASHELLS;7079.0;4
2;40491.0;Paris;Caesar;SEASHELLS;7080.0;5
2;40495.0;Paris;Caesar;SEASHELLS;7083.0;8
2;40501.0;Paris;Caesar;SEASHELLS;7085.0;6
2;40534.0;Caesar;Camilla;SEASHELLS;7092.0;9
2;40538.0;Caesar;Camilla;SEASHELLS;7090.0;10
2;40544.0;Paris;Caesar;SEASHELLS;7093.0;6
2;40551.0;Paris;Caesar;SEASHELLS;7098.0;8
2;40552.0;Caesar;Paris;SEASHELLS;7099.0;9
2;40555.0;Paris;Caesar;SEASHELLS;7100.0;5
2;40570.0;Caesar;Camilla;SEASHELLS;7093.0;5
2;40587.0;Caesar;Paris;SEASHELLS;7096.0;6
2;40588.0;Paris;Caesar;SEASHELLS;7099.0;4
2;40589.0;Paris;Caesar;SEASHELLS;7099.0;8
2;40598.0;Caesar;Paris;SEASHELLS;7093.0;8
2;40604.0;Paris;Caesar;SEASHELLS;7093.0;9
2;40613.0;Paris;Caesar;SEASHELLS;7094.0;4
2;40614.0;Paris;Caesar;SEASHELLS;7093.0;10
2;40616.0;Caesar;Paris;SEASHELLS;7093.0;9
2;40617.0;Caesar;Paris;SEASHELLS;7093.0;4
2;40621.0;Paris;Caesar;SEASHELLS;7094.0;10
2;40654.0;Caesar;Paris;SEASHELLS;7089.0;10
2;40680.0;Caesar;Camilla;SEASHELLS;7080.0;10
2;40683.0;Paris;Caesar;SEASHELLS;7082.0;4
2;40713.0;Caesar;Paris;SEASHELLS;7081.0;7
2;40727.0;Caesar;Camilla;SEASHELLS;7078.0;12
2;40728.0;Paris;Caesar;SEASHELLS;7080.0;7
2;40732.0;Caesar;Paris;SEASHELLS;7081.0;8
2;40737.0;Caesar;Paris;SEASHELLS;7081.0;8
2;40750.0;Caesar;Camilla;SEASHELLS;7082.0;11
2;40761.0;Caesar;Paris;SEASHELLS;7080.0;6
2;40810.0;Caesar;Paris;SEASHELLS;7085.0;7
2;40820.0;Caesar;Camilla;SEASHELLS;7082.0;6
2;40829.0;Caesar;Paris;SEASHELLS;7079.0;7
2;40836.0;Caesar;Paris;SEASHELLS;7082.0;8
2;40840.0;Caesar;Paris;SEASHELLS;7084.0;5
2;40851.0;Caesar;Camilla;SEASHELLS;7079.0;8
2;40853.0;Caesar;Paris;SEASHELLS;7078.0;9
2;40857.0;Paris;Caesar;SEASHELLS;7076.0;8
2;40861.0;Paris;Caesar;SEASHELLS;7078.0;4
2;40865.0;Paris;Caesar;SEASHELLS;7078.0;8
2;40866.0;Caesar;Paris;SEASHELLS;7076.0;4
2;40868.0;Caesar;Paris;SEASHELLS;7075.0;5
2;40874.0;Caesar;Camilla;SEASHELLS;7076.0;11
2;40874.0;Caesar;Paris;SEASHELLS;7076.0;5
2;40875.0;Caesar;Paris;SEASHELLS;7075.0;7
2;40879.0;Caesar;Paris;SEASHELLS;7077.0;7
2;40881.0;Caesar;Camilla;SEASHELLS;7077.0;3
2;40887.0;Caesar;Camilla;SEASHELLS;7076.0;3
2;40892.0;Paris;Caesar;SEASHELLS;7074.0;6
2;40900.0;Caesar;Paris;SEASHELLS;7073.0;4
2;40908.0;Caesar;Camilla;SEASHELLS;7075.0;4
2;40913.0;Paris;Caesar;SEASHELLS;7073.0;8
2;40913.0;Caesar;Camilla;SEASHELLS;7072.0;12
2;40917.0;Paris;Caesar;SEASHELLS;7073.0;7
2;40920.0;Paris;Caesar;SEASHELLS;7075.0;6
2;40925.0;Caesar;Paris;SEASHELLS;7074.0;7
2;40942.0;Paris;Caesar;SEASHELLS;7073.0;9
2;40947.0;Caesar;Paris;SEASHELLS;7073.0;6
2;40956.0;Paris;Caesar;SEASHELLS;7076.0;8
2;40957.0;Paris;Caesar;SEASHELLS;7076.0;4
2;40959.0;Caesar;Paris;SEASHELLS;7072.0;7
2;40965.0;Paris;Caesar;SEASHELLS;7077.0;5
2;40975.0;Caesar;Paris;SEASHELLS;7077.0;9
2;40981.0;Caesar;Paris;SEASHELLS;7075.0;9
2;40993.0;Paris;Caesar;SEASHELLS;7070.0;5
2;40994.0;Caesar;Camilla;SEASHELLS;7066.0;4
2;41014.0;Caesar;Paris;SEASHELLS;7068.0;5
2;41032.0;Caesar;Camilla;SEASHELLS;7076.0;8
2;41032.0;Caesar;Paris;SEASHELLS;7076.0;5
2;41055.0;Caesar;Paris;SEASHELLS;7080.0;9
2;41061.0;Caesar;Paris;SEASHELLS;7081.0;6
2;41072.0;Paris;Caesar;SEASHELLS;7088.0;8
2;41095.0;Caesar;Paris;SEASHELLS;7079.0;9
2;41100.0;Paris;Caesar;SEASHELLS;7082.0;5
2;41101.0;Paris;Caesar;SEASHELLS;7082.0;4
2;41119.0;Paris;Caesar;SEASHELLS;7075.0;6
2;41132.0;Paris;Caesar;SEASHELLS;7075.0;4
2;41156.0;Paris;Caesar;SEASHELLS;7073.0;4
2;41171.0;Paris;Caesar;SEASHELLS;7077.0;7
2;41185.0;Caesar;Camilla;SEASHELLS;7079.0;9
2;41200.0;Caesar;Paris;SEASHELLS;7074.0;10
2;41205.0;Caesar;Paris;SEASHELLS;7076.0;5
2;41214.0;Caesar;Paris;SEASHELLS;7074.0;6
2;41235.0;Caesar;Camilla;SEASHELLS;7076.0;9
2;41238.0;Caesar;Paris;SEASHELLS;7077.0;9
2;41245.0;Caesar;Paris;SEASHELLS;7078.0;9
2;41248.0;Caesar;Camilla;SEASHELLS;7078.0;3
2;41273.0;Caesar;Paris;SEASHELLS;7081.0;10
2;41274.0;Caesar;Paris;SEASHELLS;7082.0;9
2;41282.0;Caesar;Camilla;SEASHELLS;7087.0;11
2;41284.0;Caesar;Paris;SEASHELLS;7087.0;5
2;41306.0;Caesar;Paris;SEASHELLS;7082.0;5
2;41319.0;Caesar;Camilla;SEASHELLS;7082.0;12
2;41331.0;Caesar;Paris;SEASHELLS;7075.0;8
2;41332.0;Caesar;Paris;SEASHELLS;7076.0;5
2;41349.0;Caesar;Camilla;SEASHELLS;7079.0;10
2;41356.0;Caesar;Paris;SEASHELLS;7079.0;6
2;41359.0;Caesar;Paris;SEASHELLS;7080.0;9
2;41372.0;Caesar;Paris;SEASHELLS;7083.0;6
2;41385.0;Caesar;Paris;SEASHELLS;7084.0;5
2;41396.0;Caesar;Paris;SEASHELLS;7087.0;5
2;41397.0;Paris;Caesar;SEASHELLS;7088.0;9
2;41405.0;Caesar;Paris;SEASHELLS;7092.0;9
2;41412.0;Caesar;Paris;SEASHELLS;7090.0;6
2;41419.0;Caesar;Camilla;SEASHELLS;7088.0;7
2;41423.0;Caesar;Paris;SEASHELLS;7090.0;10
2;41438.0;Paris;Caesar;SEASHELLS;7088.0;5
2;41440.0;Paris;Caesar;SEASHELLS;7086.0;8
2;41460.0;Caesar;Camilla;SEASHELLS;7078.0;6
2;41461.0;Paris;Caesar;SEASHELLS;7078.0;10
2;41463.0;Caesar;Paris;SEASHELLS;7073.0;10
2;41464.0;Paris;Caesar;SEASHELLS;7073.0;5
2;41495.0;Caesar;Paris;SEASHELLS;7068.0;7
2;41532.0;Caesar;Camilla;SEASHELLS;7066.0;9
2;41533.0;Paris;Camilla;SEASHELLS;7067.0;5
2;41534.0;Caesar;Paris;SEASHELLS;7065.0;8
2;41542.0;Caesar;Camilla;SEASHELLS;7061.0;10
2;41547.0;Caesar;Camilla;SEASHELLS;7059.0;12
2;41562.0;Caesar;Paris;SEASHELLS;7056.0;8
2;41566.0;Paris;Caesar;SEASHELLS;7059.0;7
2;41567.0;Caesar;Camilla;SEASHELLS;7057.0;11
2;41569.0;Caesar;Paris;SEASHELLS;7055.0;9
2;41576.0;Caesar;Paris;SEASHELLS;7056.0;5
2;41579.0;Caesar;Camilla;SEASHELLS;7059.0;4
2;41587.0;Paris;Caesar;SEASHELLS;7062.0;4
2;41589.0;Caesar;Camilla;SEASHELLS;7062.0;8
2;41590.0;Paris;Caesar;SEASHELLS;7063.0;5
2;41613.0;Paris;Caesar;SEASHELLS;7065.0;8
2;41632.0;Paris;Caesar;SEASHELLS;7061.0;10
2;41639.0;Paris;Caesar;SEASHELLS;7063.0;8
2;41651.0;Caesar;Paris;SEASHELLS;7052.0;8
2;41652.0;Paris;Caesar;SEASHELLS;7054.0;4
2;41668.0;Paris;Caesar;SEASHELLS;7049.0;6
2;41671.0;Paris;Caesar;SEASHELLS;7045.0;10
2;41672.0;Caesar;Camilla;SEASHELLS;7045.0;8
2;41688.0;Caesar;Paris;SEASHELLS;7050.0;8
2;41701.0;Caesar;Camilla;SEASHELLS;7052.0;4
2;41709.0;Paris;Caesar;SEASHELLS;7061.0;10
2;41718.0;Paris;Caesar;SEASHELLS;7055.0;4
2;41734.0;Caesar;Paris;SEASHELLS;7059.0;7
2;41745.0;Caesar;Paris;SEASHELLS;7057.0;8
2;41761.0;Caesar;Camilla;SEASHELLS;7053.0;11
2;41780.0;Paris;Caesar;SEASHELLS;7065.0;7
2;41799.0;Paris;Caesar;SEASHELLS;7069.0;8
2;41815.0;Paris;Caesar;SEASHELLS;7071.0;5
2;41827.0;Paris;Caesar;SEASHELLS;7070.0;6
2;41845.0;Caesar;Paris;SEASHELLS;7072.0;6
2;41846.0;Caesar;Paris;SEASHELLS;7072.0;7
2;41847.0;Caesar;Camilla;SEASHELLS;7071.0;11
2;41847.0;Paris;Caesar;SEASHELLS;7072.0;4
2;41850.0;Caesar;Paris;SEASHELLS;7071.0;8
2;41860.0;Caesar;Paris;SEASHELLS;7074.0;8
2;41863.0;Caesar;Camilla;SEASHELLS;7073.0;5
2;41864.0;Paris;Caesar;SEASHELLS;7073.0;5
2;41866.0;Caesar;Paris;SEASHELLS;7071.0;7
2;41872.0;Caesar;Paris;SEASHELLS;7074.0;9
2;41883.0;Caesar;Camilla;SEASHELLS;7069.0;12
2;41886.0;Paris;Caesar;SEASHELLS;7072.0;4
2;41890.0;Caesar;Camilla;SEASHELLS;7070.0;4
2;41897.0;Paris;Caesar;SEASHELLS;7070.0;5
2;41915.0;Caesar;Paris;SEASHELLS;7066.0;5
2;41918.0;Caesar;Paris;SEASHELLS;7067.0;8
2;41918.0;Caesar;Camilla;SEASHELLS;7067.0;10
2;41933.0;Paris;Caesar;SEASHELLS;7067.0;6
2;41945.0;Caesar;Paris;SEASHELLS;7064.0;7
2;41946.0;Paris;Caesar;SEASHELLS;7066.0;6
2;41950.0;Paris;Caesar;SEASHELLS;7065.0;7
2;41953.0;Caesar;Paris;SEASHELLS;7064.0;7
2;41962.0;Caesar;Paris;SEASHELLS;7066.0;5
2;41969.0;Caesar;Camilla;SEASHELLS;7068.0;6
2;41977.0;Caesar;Camilla;SEASHELLS;7061.0;10
2;41980.0;Caesar;Camilla;SEASHELLS;7058.0;11
2;41985.0;Paris;Caesar;SEASHELLS;7055.0;4
2;41992.0;Paris;Caesar;SEASHELLS;7053.0;8
2;42003.0;Caesar;Camilla;SEASHELLS;7051.0;5
2;42007.0;Caesar;Camilla;SEASHELLS;7049.0;12
2;42014.0;Paris;Caesar;SEASHELLS;7046.0;5
2;42021.0;Caesar;Paris;SEASHELLS;7047.0;5
2;42030.0;Paris;Caesar;SEASHELLS;7048.0;9
2;42045.0;Paris;Caesar;SEASHELLS;7050.0;8
2;42062.0;Caesar;Paris;SEASHELLS;7056.0;4
2;42086.0;Paris;Caesar;SEASHELLS;7066.0;6
2;42096.0;Caesar;Paris;SEASHELLS;7061.0;7
2;42098.0;Paris;Caesar;SEASHELLS;7063.0;5
2;42112.0;Caesar;Camilla;SEASHELLS;7066.0;6
2;42119.0;Caesar;Camilla;SEASHELLS;7065.0;5
2;42135.0;Paris;Caesar;SEASHELLS;7067.0;5
2;42149.0;Caesar;Paris;SEASHELLS;7064.0;7
2;42152.0;Caesar;Camilla;SEASHELLS;7065.0;5
2;42154.0;Paris;Caesar;SEASHELLS;7066.0;8
2;42168.0;Caesar;Paris;SEASHELLS;7071.0;10
2;42190.0;Caesar;Paris;SEASHELLS;7086.0;8
2;42192.0;Caesar;Camilla;SEASHELLS;7088.0;4
2;42203.0;Paris;Caesar;SEASHELLS;7100.0;5
2;42232.0;Caesar;Paris;SEASHELLS;7104.0;5
2;42235.0;Caesar;Paris;SEASHELLS;7106.0;7
2;42240.0;Paris;Caesar;SEASHELLS;7109.0;10
2;42253.0;Caesar;Camilla;SEASHELLS;7103.0;3
2;42264.0;Caesar;Paris;SEASHELLS;7100.0;9
2;42284.0;Caesar;Camilla;SEASHELLS;7102.0;5
2;42313.0;Paris;Caesar;SEASHELLS;7106.0;9
2;42324.0;Paris;Caesar;SEASHELLS;7109.0;4
2;42326.0;Paris;Caesar;SEASHELLS;7108.0;4
2;42328.0;Caesar;Paris;SEASHELLS;7106.0;5
2;42349.0;Caesar;Camilla;SEASHELLS;7106.0;3
2;42350.0;Paris;Caesar;SEASHELLS;7108.0;4
2;42357.0;Paris;Caesar;SEASHELLS;7110.0;4
2;42367.0;Paris;Caesar;SEASHELLS;7110.0;8
2;42384.0;Caesar;Camilla;SEASHELLS;7106.0;3
2;42388.0;Paris;Caesar;SEASHELLS;7108.0;4
2;42411.0;Paris;Camilla;SEASHELLS;7108.0;10
2;42420.0;Caesar;Paris;SEASHELLS;7106.0;4
2;42426.0;Caesar;Camilla;SEASHELLS;7113.0;10
2;42428.0;Paris;Caesar;SEASHELLS;7116.0;5
2;42431.0;Paris;Caesar;SEASHELLS;7117.0;5
2;42432.0;Paris;Caesar;SEASHELLS;7117.0;4
2;42436.0;Caesar;Camilla;SEASHELLS;7117.0;5
2;42441.0;Paris;Caesar;SEASHELLS;7118.0;10
2;42454.0;Paris;Caesar;SEASHELLS;7109.0;10
2;42458.0;Paris;Caesar;SEASHELLS;7103.0;9
2;42475.0;Caesar;Paris;SEASHELLS;7102.0;7
2;42500.0;Caesar;Paris;SEASHELLS;7105.0;5
2;42501.0;Caesar;Camilla;SEASHELLS;7106.0;4
2;42506.0;Caesar;Paris;SEASHELLS;7109.0;9
2;42513.0;Caesar;Camilla;SEASHELLS;7113.0;11
2;42514.0;Caesar;Camilla;SEASHELLS;7114.0;5
2;42517.0;Caesar;Paris;SEASHELLS;7115.0;4
2;42525.0;Caesar;Camilla;SEASHELLS;7119.0;3
2;42527.0;Paris;Caesar;SEASHELLS;7121.0;4
2;42544.0;Caesar;Paris;SEASHELLS;7119.0;6
2;42575.0;Caesar;Camilla;SEASHELLS;7115.0;10
2;42578.0;Caesar;Camilla;SEASHELLS;7113.0;4
2;42594.0;Caesar;Camilla;SEASHELLS;7109.0;12
2;42614.0;Caesar;Camilla;SEASHELLS;7112.0;12
2;42615.0;Caesar;Camilla;SEASHELLS;7113.0;8
2;42623.0;Caesar;Paris;SEASHELLS;7115.0;6
2;42628.0;Paris;Caesar;SEASHELLS;7114.0;6
2;42631.0;Caesar;Paris;SEASHELLS;7113.0;9
2;42650.0;Caesar;Paris;SEASHELLS;7115.0;6
2;42661.0;Caesar;Camilla;SEASHELLS;7114.0;9
2;42674.0;Paris;Caesar;SEASHELLS;7112.0;9
2;42684.0;Caesar;Camilla;SEASHELLS;7114.0;9
2;42687.0;Caesar;Paris;SEASHELLS;7116.0;5
2;42695.0;Caesar;Camilla;SEASHELLS;7117.0;8
2;42696.0;Paris;Caesar;SEASHELLS;7120.0;10
2;42702.0;Caesar;Paris;SEASHELLS;7123.0;7
2;42704.0;Paris;Camilla;SEASHELLS;7125.0;4
2;42708.0;Paris;Caesar;SEASHELLS;7124.0;5
2;42708.0;Caesar;Camilla;SEASHELLS;7123.0;6
2;42711.0;Paris;Caesar;SEASHELLS;7123.0;7
2;42717.0;Paris;Caesar;SEASHELLS;7123.0;7
2;42732.0;Paris;Caesar;SEASHELLS;7119.0;4
2;42735.0;Paris;Caesar;SEASHELLS;7121.0;7
2;42749.0;Paris;Caesar;SEASHELLS;7110.0;6
2;42772.0;Caesar;Camilla;SEASHELLS;7112.0;11
2;42786.0;Caesar;Camilla;SEASHELLS;7112.0;12
2;42808.0;Paris;Caesar;SEASHELLS;7116.0;6
2;42809.0;Caesar;Camilla;SEASHELLS;7114.0;11
2;42821.0;Caesar;Camilla;SEASHELLS;7110.0;4
2;42824.0;Paris;Caesar;SEASHELLS;7112.0;4
2;42827.0;Paris;Caesar;SEASHELLS;7111.0;6
2;42836.0;Caesar;Paris;SEASHELLS;7102.0;6
2;42836.0;Caesar;Camilla;SEASHELLS;7102.0;7
2;42840.0;Caesar;Paris;SEASHELLS;7101.0;6
2;42845.0;Caesar;Paris;SEASHELLS;7101.0;10
2;42853.0;Paris;Caesar;SEASHELLS;7104.0;5
2;42856.0;Caesar;Camilla;SEASHELLS;7100.0;3
2;42857.0;Caesar;Paris;SEASHELLS;7098.0;8
2;42872.0;Caesar;Paris;SEASHELLS;7099.0;8
2;42889.0;Paris;Caesar;SEASHELLS;7094.0;9
2;42890.0;Caesar;Camilla;SEASHELLS;7092.0;4
2;42912.0;Caesar;Camilla;SEASHELLS;7082.0;8
2;42914.0;Caesar;Paris;SEASHELLS;7082.0;8
2;42922.0;Caesar;Camilla;SEASHELLS;7085.0;7
2;42925.0;Paris;Caesar;SEASHELLS;7086.0;9
2;42941.0;Paris;Caesar;SEASHELLS;7085.0;8
2;42947.0;Caesar;Paris;SEASHELLS;7082.0;5
2;42951.0;Caesar;Paris;SEASHELLS;7082.0;7
2;42958.0;Paris;Caesar;SEASHELLS;7086.0;4
2;42959.0;Caesar;Camilla;SEASHELLS;7085.0;3
2;42979.0;Paris;Caesar;SEASHELLS;7087.0;7
2;42985.0;Caesar;Paris;SEASHELLS;7086.0;7
2;43015.0;Paris;Caesar;SEASHELLS;7094.0;9
2;43045.0;Caesar;Paris;SEASHELLS;7096.0;4
2;43060.0;Paris;Caesar;SEASHELLS;7100.0;10
2;43063.0;Caesar;Camilla;SEASHELLS;7099.0;3
2;43070.0;Caesar;Camilla;SEASHELLS;7098.0;10
2;43072.0;Paris;Caesar;SEASHELLS;7098.0;6
2;43085.0;Caesar;Paris;SEASHELLS;7095.0;8
2;43089.0;Caesar;Paris;SEASHELLS;7094.0;4
2;43109.0;Caesar;Paris;SEASHELLS;7084.0;9
2;43125.0;Paris;Caesar;SEASHELLS;7090.0;6
2;43131.0;Paris;Caesar;SEASHELLS;7091.0;8
2;43156.0;Caesar;Camilla;SEASHELLS;7091.0;6
2;43159.0;Caesar;Camilla;SEASHELLS;7088.0;11
2;43164.0;Caesar;Paris;SEASHELLS;7092.0;7
2;43170.0;Caesar;Camilla;SEASHELLS;7092.0;7
2;43189.0;Paris;Caesar;SEASHELLS;7095.0;6
2;43206.0;Caesar;Paris;SEASHELLS;7087.0;4
2;43211.0;Caesar;Camilla;SEASHELLS;7090.0;9
2;43221.0;Paris;Caesar;SEASHELLS;7084.0;9
2;43224.0;Caesar;Paris;SEASHELLS;7084.0;8
2;43230.0;Paris;Caesar;SEASHELLS;7086.0;6
2;43235.0;Paris;Caesar;SEASHELLS;7087.0;7
2;43241.0;Caesar;Paris;SEASHELLS;7089.0;9
2;43263.0;Paris;Caesar;SEASHELLS;7084.0;10
2;43273.0;Paris;Camilla;SEASHELLS;7087.0;8
2;43283.0;Paris;Caesar;SEASHELLS;7090.0;7
2;43287.0;Paris;Caesar;SEASHELLS;7090.0;8
2;43288.0;Paris;Caesar;SEASHELLS;7090.0;8
2;43297.0;Caesar;Paris;SEASHELLS;7097.0;10
2;43305.0;Caesar;Camilla;SEASHELLS;7094.0;5
2;43306.0;Caesar;Camilla;SEASHELLS;7094.0;7
2;43310.0;Paris;Caesar;SEASHELLS;7093.0;4
2;43316.0;Paris;Caesar;SEASHELLS;7094.0;8
2;43318.0;Caesar;Camilla;SEASHELLS;7092.0;6
2;43323.0;Caesar;Paris;SEASHELLS;7089.0;8
2;43331.0;Paris;Caesar;SEASHELLS;7090.0;7
2;43336.0;Caesar;Camilla;SEASHELLS;7089.0;8
2;43337.0;Paris;Caesar;SEASHELLS;7090.0;6
2;43343.0;Camilla;Paris;SEASHELLS;7094.0;8
2;43354.0;Paris;Caesar;SEASHELLS;7100.0;5
2;43356.0;Caesar;Paris;SEASHELLS;7097.0;9
2;43374.0;Caesar;Camilla;SEASHELLS;7096.0;7
2;43384.0;Caesar;Paris;SEASHELLS;7095.0;7
2;43386.0;Caesar;Paris;SEASHELLS;7095.0;4
2;43413.0;Caesar;Paris;SEASHELLS;7103.0;6
2;43414.0;Caesar;Camilla;SEASHELLS;7103.0;4
2;43430.0;Caesar;Camilla;SEASHELLS;7104.0;4
2;43433.0;Caesar;Camilla;SEASHELLS;7105.0;12
2;43436.0;Caesar;Camilla;SEASHELLS;7099.0;8
2;43437.0;Caesar;Paris;SEASHELLS;7100.0;6
2;43440.0;Caesar;Paris;SEASHELLS;7099.0;6
2;43448.0;Paris;Caesar;SEASHELLS;7102.0;5
2;43474.0;Paris;Caesar;SEASHELLS;7102.0;6
2;43475.0;Paris;Caesar;SEASHELLS;7102.0;5
2;43487.0;Paris;Caesar;SEASHELLS;7107.0;7
2;43496.0;Caesar;Paris;SEASHELLS;7103.0;4
2;43506.0;Caesar;Paris;SEASHELLS;7097.0;8
2;43511.0;Caesar;Camilla;SEASHELLS;7096.0;8
2;43517.0;Caesar;Camilla;SEASHELLS;7094.0;10
2;43536.0;Caesar;Camilla;SEASHELLS;7099.0;11
2;43541.0;Caesar;Camilla;SEASHELLS;7099.0;6
2;43551.0;Caesar;Camilla;SEASHELLS;7097.0;9
2;43570.0;Caesar;Camilla;SEASHELLS;7084.0;9
2;43574.0;Paris;Caesar;SEASHELLS;7084.0;7
2;43578.0;Caesar;Paris;SEASHELLS;7081.0;4
2;43588.0;Paris;Caesar;SEASHELLS;7084.0;8
2;43589.0;Caesar;Paris;SEASHELLS;7082.0;10
2;43598.0;Caesar;Camilla;SEASHELLS;7079.0;6
2;43619.0;Caesar;Paris;SEASHELLS;7083.0;6
2;43623.0;Caesar;Paris;SEASHELLS;7086.0;8
2;43626.0;Caesar;Paris;SEASHELLS;7085.0;10
2;43641.0;Paris;Caesar;SEASHELLS;7085.0;5
2;43645.0;Caesar;Paris;SEASHELLS;7083.0;10
2;43658.0;Paris;Caesar;SEASHELLS;7087.0;5
2;43668.0;Paris;Caesar;SEASHELLS;7087.0;6
2;43670.0;Camilla;Paris;SEASHELLS;7086.0;4
2;43675.0;Caesar;Camilla;SEASHELLS;7087.0;10
2;43678.0;Caesar;Paris;SEASHELLS;7089.0;9
2;43692.0;Paris;Caesar;SEASHELLS;7097.0;4
2;43695.0;Paris;Caesar;SEASHELLS;7098.0;5
2;43696.0;Paris;Caesar;SEASHELLS;7100.0;6
2;43700.0;Paris;Caesar;SEASHELLS;7102.0;7
2;43701.0;Caesar;Paris;SEASHELLS;7101.0;7
2;43704.0;Caesar;Paris;SEASHELLS;7101.0;7
2;43706.0;Paris;Camilla;SEASHELLS;7106.0;6
2;43725.0;Paris;Camilla;SEASHELLS;7104.0;5
2;43729.0;Caesar;Paris;SEASHELLS;7106.0;8
2;43735.0;Paris;Caesar;SEASHELLS;7106.0;6
2;43752.0;Caesar;Paris;SEASHELLS;7108.0;10
2;43788.0;Paris;Caesar;SEASHELLS;7110.0;5
2;43802.0;Paris;Caesar;SEASHELLS;7108.0;8
2;43815.0;Caesar;Paris;SEASHELLS;7098.0;6
2;43824.0;Paris;Caesar;SEASHELLS;7101.0;9
2;43839.0;Caesar;Paris;SEASHELLS;7098.0;10
2;43844.0;Paris;Caesar;SEASHELLS;7098.0;8
2;43846.0;Caesar;Paris;SEASHELLS;7098.0;6
2;43865.0;Caesar;Paris;SEASHELLS;7094.0;5
2;43871.0;Paris;Caesar;SEASHELLS;7088.0;4
2;43884.0;Caesar;Camilla;SEASHELLS;7088.0;8
2;43886.0;Caesar;Paris;SEASHELLS;7085.0;8
2;43887.0;Caesar;Paris;SEASHELLS;7084.0;6
2;43896.0;Caesar;Paris;SEASHELLS;7088.0;4
2;43904.0;Caesar;Paris;SEASHELLS;7092.0;9
2;43911.0;Caesar;Paris;SEASHELLS;7095.0;7
2;43912.0;Caesar;Paris;SEASHELLS;7096.0;9
2;43920.0;Caesar;Paris;SEASHELLS;7094.0;7
2;43942.0;Paris;Caesar;SEASHELLS;7086.0;4
2;43948.0;Caesar;Camilla;SEASHELLS;7083.0;8
2;43953.0;Caesar;Paris;SEASHELLS;7080.0;7
2;43973.0;Caesar;Camilla;SEASHELLS;7077.0;9
2;43982.0;Paris;Caesar;SEASHELLS;7082.0;4
2;43984.0;Caesar;Camilla;SEASHELLS;7080.0;11
2;43985.0;Paris;Caesar;SEASHELLS;7080.0;6
2;43986.0;Caesar;Paris;SEASHELLS;7080.0;7
2;43995.0;Caesar;Camilla;SEASHELLS;7081.0;11
2;43996.0;Caesar;Paris;SEASHELLS;7080.0;6
2;44001.0;Paris;Caesar;SEASHELLS;7084.0;8
2;44003.0;Paris;Caesar;SEASHELLS;7083.0;10
2;44011.0;Paris;Caesar;SEASHELLS;7079.0;9
2;44023.0;Caesar;Paris;SEASHELLS;7078.0;10
2;44023.0;Caesar;Camilla;SEASHELLS;7078.0;9
2;44028.0;Caesar;Paris;SEASHELLS;7077.0;7
2;44065.0;Caesar;Camilla;SEASHELLS;7075.0;10
2;44066.0;Caesar;Camilla;SEASHELLS;7074.0;4
2;44074.0;Caesar;Paris;SEASHELLS;7070.0;7
2;44086.0;Caesar;Paris;SEASHELLS;7072.0;5
2;44087.0;Caesar;Paris;SEASHELLS;7072.0;8
2;44096.0;Caesar;Paris;SEASHELLS;7068.0;10
2;44108.0;Caesar;Paris;SEASHELLS;7069.0;5
2;44111.0;Paris;Caesar;SEASHELLS;7070.0;10
2;44112.0;Caesar;Paris;SEASHELLS;7067.0;10
2;44115.0;Paris;Caesar;SEASHELLS;7067.0;5
2;44116.0;Caesar;Camilla;SEASHELLS;7065.0;5
2;44118.0;Paris;Caesar;SEASHELLS;7068.0;10
2;44127.0;Paris;Caesar;SEASHELLS;7073.0;10
2;44131.0;Caesar;Paris;SEASHELLS;7074.0;8
2;44138.0;Paris;Caesar;SEASHELLS;7079.0;9
2;44145.0;Caesar;Camilla;SEASHELLS;7076.0;7
2;44153.0;Paris;Caesar;SEASHELLS;7080.0;7
2;44161.0;Caesar;Paris;SEASHELLS;7075.0;7
2;44163.0;Paris;Caesar;SEASHELLS;7077.0;6
2;44176.0;Caesar;Paris;SEASHELLS;7071.0;8
2;44182.0;Caesar;Camilla;SEASHELLS;7076.0;11
2;44200.0;Caesar;Paris;SEASHELLS;7074.0;4
2;44203.0;Caesar;Paris;SEASHELLS;7074.0;6
2;44214.0;Caesar;Paris;SEASHELLS;7073.0;5
2;44222.0;Caesar;Paris;SEASHELLS;7070.0;4
2;44232.0;Paris;Caesar;SEASHELLS;7077.0;5
2;44235.0;Caesar;Camilla;SEASHELLS;7077.0;11
2;44237.0;Caesar;Camilla;SEASHELLS;7078.0;12
2;44244.0;Caesar;Paris;SEASHELLS;7082.0;4
2;44253.0;Paris;Caesar;SEASHELLS;7087.0;8
2;44255.0;Paris;Caesar;SEASHELLS;7087.0;5
2;44259.0;Caesar;Camilla;SEASHELLS;7087.0;4
2;44263.0;Paris;Caesar;SEASHELLS;7092.0;5
2;44264.0;Caesar;Paris;SEASHELLS;7090.0;10
2;44265.0;Caesar;Camilla;SEASHELLS;7089.0;10
2;44277.0;Caesar;Paris;SEASHELLS;7094.0;4
2;44279.0;Paris;Caesar;SEASHELLS;7095.0;5
2;44301.0;Camilla;Paris;SEASHELLS;7086.0;4
2;44323.0;Caesar;Camilla;SEASHELLS;7082.0;11
2;44326.0;Caesar;Paris;SEASHELLS;7083.0;4
2;44343.0;Caesar;Camilla;SEASHELLS;7084.0;6
2;44357.0;Caesar;Camilla;SEASHELLS;7081.0;3
2;44366.0;Paris;Caesar;SEASHELLS;7079.0;10
2;44381.0;Caesar;Paris;SEASHELLS;7076.0;7
2;44382.0;Caesar;Camilla;SEASHELLS;7076.0;12
2;44384.0;Caesar;Camilla;SEASHELLS;7079.0;12
2;44388.0;Caesar;Camilla;SEASHELLS;7080.0;6
2;44389.0;Caesar;Camilla;SEASHELLS;7079.0;11
2;44414.0;Caesar;Paris;SEASHELLS;7084.0;8
2;44415.0;Caesar;Camilla;SEASHELLS;7084.0;6
2;44418.0;Caesar;Camilla;SEASHELLS;7086.0;9
2;44429.0;Paris;Caesar;SEASHELLS;7086.0;7
2;44440.0;Paris;Caesar;SEASHELLS;7084.0;5
2;44443.0;Caesar;Paris;SEASHELLS;7082.0;4
2;44489.0;Paris;Caesar;SEASHELLS;7093.0;7
2;44534.0;Caesar;Camilla;SEASHELLS;7091.0;10
2;44540.0;Caesar;Camilla;SEASHELLS;7089.0;10
2;44542.0;Caesar;Paris;SEASHELLS;7088.0;4
2;44547.0;Caesar;Paris;SEASHELLS;7082.0;9
2;44554.0;Caesar;Paris;SEASHELLS;7082.0;5
2;44559.0;Caesar;Camilla;SEASHELLS;7086.0;6
2;44572.0;Caesar;Camilla;SEASHELLS;7094.0;12
2;44597.0;Caesar;Paris;SEASHELLS;7096.0;7
2;44598.0;Paris;Caesar;SEASHELLS;7097.0;4
2;44602.0;Caesar;Camilla;SEASHELLS;7098.0;7
2;44605.0;Paris;Caesar;SEASHELLS;7101.0;6
2;44608.0;Caesar;Paris;SEASHELLS;7097.0;9
2;44614.0;Caesar;Paris;SEASHELLS;7097.0;7
2;44619.0;Paris;Caesar;SEASHELLS;7101.0;8
2;44631.0;Paris;Caesar;SEASHELLS;7097.0;6
2;44633.0;Caesar;Camilla;SEASHELLS;7095.0;4
2;44640.0;Caesar;Paris;SEASHELLS;7094.0;7
2;44674.0;Caesar;Paris;SEASHELLS;7093.0;4
2;44684.0;Caesar;Paris;SEASHELLS;7093.0;10
2;44685.0;Paris;Caesar;SEASHELLS;7094.0;6
2;44692.0;Paris;Caesar;SEASHELLS;7095.0;4
2;44693.0;Paris;Caesar;SEASHELLS;7096.0;8
2;44696.0;Camilla;Paris;SEASHELLS;7092.0;6
2;44703.0;Caesar;Camilla;SEASHELLS;7091.0;12
2;44710.0;Paris;Caesar;SEASHELLS;7098.0;5
2;44718.0;Paris;Caesar;SEASHELLS;7099.0;7
2;44729.0;Caesar;Camilla;SEASHELLS;7095.0;7
2;44742.0;Caesar;Paris;SEASHELLS;7093.0;9
2;44752.0;Paris;Caesar;SEASHELLS;7095.0;7
2;44755.0;Caesar;Paris;SEASHELLS;7095.0;8
2;44762.0;Caesar;Paris;SEASHELLS;7098.0;10
2;44764.0;Caesar;Paris;SEASHELLS;7100.0;5
2;44767.0;Caesar;Camilla;SEASHELLS;7100.0;9
2;44771.0;Caesar;Paris;SEASHELLS;7095.0;10
2;44776.0;Caesar;Paris;SEASHELLS;7096.0;10
2;44777.0;Caesar;Paris;SEASHELLS;7098.0;4
2;44779.0;Caesar;Paris;SEASHELLS;7099.0;7
2;44795.0;Paris;Caesar;SEASHELLS;7098.0;4
2;44854.0;Caesar;Camilla;SEASHELLS;7095.0;9
2;44871.0;Caesar;Camilla;SEASHELLS;7092.0;6
2;44875.0;Paris;Caesar;SEASHELLS;7098.0;9
2;44882.0;Caesar;Camilla;SEASHELLS;7099.0;4
2;44883.0;Caesar;Paris;SEASHELLS;7099.0;5
2;44891.0;Caesar;Camilla;SEASHELLS;7104.0;7
2;44894.0;Caesar;Paris;SEASHELLS;7107.0;8
2;44898.0;Caesar;Paris;SEASHELLS;7103.0;10
2;44898.0;Caesar;Camilla;SEASHELLS;7103.0;4
2;44912.0;Paris;Caesar;SEASHELLS;7106.0;8
2;44915.0;Caesar;Paris;SEASHELLS;7105.0;6
2;44925.0;Paris;Caesar;SEASHELLS;7106.0;9
2;44929.0;Paris;Caesar;SEASHELLS;7106.0;8
2;44939.0;Caesar;Camilla;SEASHELLS;7106.0;9
2;44941.0;Paris;Caesar;SEASHELLS;7109.0;5
2;44960.0;Caesar;Paris;SEASHELLS;7111.0;4
2;44962.0;Paris;Caesar;SEASHELLS;7114.0;6
2;44965.0;Paris;Caesar;SEASHELLS;7110.0;10
2;44981.0;Caesar;Paris;SEASHELLS;7108.0;10
2;45011.0;Paris;Caesar;SEASHELLS;7105.0;5
2;45018.0;Caesar;Paris;SEASHELLS;7100.0;4
2;45029.0;Camilla;Paris;SEASHELLS;7104.0;5
2;45046.0;Paris;Caesar;SEASHELLS;7092.0;5
2;45057.0;Caesar;Paris;SEASHELLS;7094.0;6
2;45061.0;Paris;Caesar;SEASHELLS;7097.0;10
2;45062.0;Paris;Caesar;SEASHELLS;7096.0;6
2;45085.0;Paris;Caesar;SEASHELLS;7088.0;10
2;45087.0;Paris;Caesar;SEASHELLS;7088.0;4
2;45104.0;Caesar;Paris;SEASHELLS;7085.0;6
2;45106.0;Paris;Caesar;SEASHELLS;7085.0;5
2;45122.0;Paris;Caesar;SEASHELLS;7083.0;10
2;45132.0;Paris;Caesar;SEASHELLS;7081.0;4
2;45178.0;Paris;Caesar;SEASHELLS;7085.0;10
2;45183.0;Caesar;Camilla;SEASHELLS;7084.0;5
2;45210.0;Paris;Caesar;SEASHELLS;7094.0;10
2;45221.0;Caesar;Paris;SEASHELLS;7093.0;7
2;45229.0;Caesar;Paris;SEASHELLS;7094.0;10
2;45244.0;Caesar;Camilla;SEASHELLS;7087.0;11
2;45245.0;Caesar;Camilla;SEASHELLS;7086.0;3
2;45247.0;Paris;Caesar;SEASHELLS;7086.0;6
2;45248.0;Paris;Caesar;SEASHELLS;7087.0;5
2;45250.0;Caesar;Camilla;SEASHELLS;7083.0;8
2;45251.0;Caesar;Camilla;SEASHELLS;7083.0;12
2;45260.0;Paris;Caesar;SEASHELLS;7091.0;10
2;45262.0;Caesar;Paris;SEASHELLS;7088.0;5
2;45273.0;Paris;Caesar;SEASHELLS;7093.0;10
2;45288.0;Paris;Caesar;SEASHELLS;7093.0;5
2;45289.0;Caesar;Camilla;SEASHELLS;7092.0;4
2;45290.0;Caesar;Paris;SEASHELLS;7092.0;5
2;45292.0;Paris;Caesar;SEASHELLS;7094.0;9
2;45298.0;Caesar;Camilla;SEASHELLS;7096.0;5
2;45304.0;Caesar;Paris;SEASHELLS;7102.0;5
2;45319.0;Caesar;Paris;SEASHELLS;7101.0;9
2;45337.0;Caesar;Paris;SEASHELLS;7104.0;6
2;45340.0;Paris;Caesar;SEASHELLS;7104.0;7
2;45349.0;Caesar;Camilla;SEASHELLS;7101.0;4
2;45395.0;Paris;Caesar;SEASHELLS;7089.0;4
2;45409.0;Paris;Caesar;SEASHELLS;7085.0;9
2;45413.0;Paris;Caesar;SEASHELLS;7088.0;9
2;45420.0;Paris;Caesar;SEASHELLS;7091.0;6
2;45427.0;Caesar;Camilla;SEASHELLS;7089.0;4
2;45430.0;Paris;Caesar;SEASHELLS;7090.0;9
2;45438.0;Paris;Caesar;SEASHELLS;7082.0;9
2;45455.0;Caesar;Camilla;SEASHELLS;7086.0;6
2;45463.0;Caesar;Camilla;SEASHELLS;7087.0;5
2;45472.0;Caesar;Paris;SEASHELLS;7083.0;9
2;45482.0;Paris;Caesar;SEASHELLS;7080.0;4
2;45483.0;Caesar;Camilla;SEASHELLS;7077.0;9
2;45485.0;Caesar;Paris;SEASHELLS;7075.0;4
2;45538.0;Paris;Caesar;SEASHELLS;7084.0;5
2;45559.0;Caesar;Camilla;SEASHELLS;7085.0;5
2;45560.0;Caesar;Paris;SEASHELLS;7086.0;6
2;45571.0;Paris;Caesar;SEASHELLS;7082.0;9
2;45572.0;Caesar;Paris;SEASHELLS;7081.0;7
2;45578.0;Caesar;Paris;SEASHELLS;7086.0;6
2;45579.0;Paris;Caesar;SEASHELLS;7087.0;10
2;45594.0;Paris;Caesar;SEASHELLS;7092.0;10
2;45598.0;Caesar;Camilla;SEASHELLS;7091.0;7
2;45599.0;Caesar;Paris;SEASHELLS;7091.0;4
2;45603.0;Caesar;Camilla;SEASHELLS;7094.0;5
2;45609.0;Caesar;Paris;SEASHELLS;7095.0;5
2;45619.0;Caesar;Camilla;SEASHELLS;7099.0;9
2;45619.0;Paris;Caesar;SEASHELLS;7100.0;4
2;45623.0;Caesar;Paris;SEASHELLS;7097.0;4
2;45635.0;Caesar;Paris;SEASHELLS;7098.0;8
2;45641.0;Paris;Caesar;SEASHELLS;7093.0;9
2;45645.0;Paris;Caesar;SEASHELLS;7094.0;6
2;45649.0;Caesar;Paris;SEASHELLS;7091.0;9
2;45662.0;Caesar;Camilla;SEASHELLS;7091.0;3
2;45665.0;Caesar;Camilla;SEASHELLS;7091.0;5
2;45667.0;Paris;Caesar;SEASHELLS;7092.0;9
2;45678.0;Paris;Caesar;SEASHELLS;7094.0;5
2;45685.0;Caesar;Camilla;SEASHELLS;7094.0;12
2;45711.0;Paris;Caesar;SEASHELLS;7101.0;9
2;45713.0;Caesar;Paris;SEASHELLS;7100.0;7
2;45717.0;Caesar;Camilla;SEASHELLS;7098.0;3
2;45728.0;Caesar;Camilla;SEASHELLS;7095.0;3
2;45738.0;Paris;Caesar;SEASHELLS;7098.0;8
2;45754.0;Paris;Caesar;SEASHELLS;7101.0;6
2;45760.0;Paris;Caesar;SEASHELLS;7104.0;5
2;45773.0;Caesar;Paris;SEASHELLS;7102.0;9
2;45776.0;Caesar;Camilla;SEASHELLS;7101.0;6
2;45780.0;Caesar;Paris;SEASHELLS;7100.0;6
2;45797.0;Caesar;Paris;SEASHELLS;7099.0;6
2;45800.0;Caesar;Camilla;SEASHELLS;7099.0;8
2;45803.0;Camilla;Paris;SEASHELLS;7100.0;5
2;45805.0;Caesar;Camilla;SEASHELLS;7099.0;9
2;45814.0;Caesar;Camilla;SEASHELLS;7099.0;10
2;45822.0;Caesar;Camilla;SEASHELLS;7102.0;9
2;45824.0;Caesar;Paris;SEASHELLS;7101.0;7
2;45839.0;Caesar;Camilla;SEASHELLS;7102.0;3
2;45856.0;Caesar;Camilla;SEASHELLS;7108.0;4
2;45871.0;Paris;Camilla;SEASHELLS;7107.0;3
2;45872.0;Caesar;Camilla;SEASHELLS;7106.0;9
2;45915.0;Paris;Caesar;SEASHELLS;7110.0;10
2;45918.0;Caesar;Paris;SEASHELLS;7108.0;10
2;45947.0;Caesar;Paris;SEASHELLS;7108.0;4
2;45948.0;Caesar;Camilla;SEASHELLS;7106.0;7
2;45956.0;Caesar;Camilla;SEASHELLS;7108.0;8
2;45966.0;Paris;Caesar;SEASHELLS;7108.0;4
2;45976.0;Paris;Caesar;SEASHELLS;7114.0;8
2;45985.0;Paris;Caesar;SEASHELLS;7115.0;4
2;45987.0;Caesar;Camilla;SEASHELLS;7113.0;4
2;45988.0;Caesar;Camilla;SEASHELLS;7114.0;4
2;45994.0;Caesar;Paris;SEASHELLS;7113.0;7
2;46001.0;Caesar;Camilla;SEASHELLS;7110.0;4
2;46024.0;Caesar;Paris;SEASHELLS;7113.0;8
2;46063.0;Caesar;Camilla;SEASHELLS;7114.0;3
2;46097.0;Caesar;Paris;SEASHELLS;7110.0;6
2;46097.0;Caesar;Camilla;SEASHELLS;7110.0;10
2;46103.0;Caesar;Paris;SEASHELLS;7110.0;8
2;46131.0;Caesar;Camilla;SEASHELLS;7114.0;9
2;46152.0;Paris;Caesar;SEASHELLS;7115.0;9
2;46154.0;Paris;Caesar;SEASHELLS;7117.0;9
2;46159.0;Paris;Caesar;SEASHELLS;7116.0;8
2;46166.0;Caesar;Camilla;SEASHELLS;7115.0;9
2;46169.0;Caesar;Camilla;SEASHELLS;7118.0;6
2;46172.0;Paris;Caesar;SEASHELLS;7122.0;7
2;46201.0;Caesar;Paris;SEASHELLS;7129.0;4
2;46231.0;Caesar;Paris;SEASHELLS;7130.0;5
2;46238.0;Paris;Caesar;SEASHELLS;7129.0;5
2;46242.0;Caesar;Camilla;SEASHELLS;7127.0;5
2;46251.0;Caesar;Camilla;SEASHELLS;7133.0;3
2;46251.0;Paris;Caesar;SEASHELLS;7134.0;5
2;46255.0;Paris;Caesar;SEASHELLS;7132.0;6
2;46264.0;Caesar;Camilla;SEASHELLS;7129.0;3
2;46271.0;Caesar;Paris;SEASHELLS;7127.0;10
2;46289.0;Paris;Caesar;SEASHELLS;7133.0;7
2;46297.0;Caesar;Paris;SEASHELLS;7132.0;8
2;46305.0;Caesar;Paris;SEASHELLS;7128.0;7
2;46318.0;Caesar;Camilla;SEASHELLS;7134.0;9
2;46324.0;Caesar;Camilla;SEASHELLS;7129.0;6
2;46342.0;Paris;Caesar;SEASHELLS;7131.0;7
2;46356.0;Caesar;Paris;SEASHELLS;7129.0;7
2;46357.0;Paris;Caesar;SEASHELLS;7128.0;8
2;46367.0;Caesar;Camilla;SEASHELLS;7126.0;3
2;46371.0;Paris;Caesar;SEASHELLS;7128.0;4
2;46404.0;Paris;Caesar;SEASHELLS;7127.0;5
2;46412.0;Caesar;Camilla;SEASHELLS;7124.0;10
2;46417.0;Caesar;Paris;SEASHELLS;7124.0;10
2;46427.0;Caesar;Paris;SEASHELLS;7128.0;7
2;46427.0;Caesar;Camilla;SEASHELLS;7128.0;6
2;46447.0;Caesar;Paris;SEASHELLS;7141.0;10
2;46462.0;Caesar;Paris;SEASHELLS;7140.0;8
2;46489.0;Caesar;Paris;SEASHELLS;7133.0;8
2;46490.0;Caesar;Camilla;SEASHELLS;7133.0;3
2;46498.0;Caesar;Paris;SEASHELLS;7130.0;10
2;46524.0;Caesar;Camilla;SEASHELLS;7141.0;6
2;46525.0;Caesar;Paris;SEASHELLS;7139.0;4
2;46527.0;Camilla;Paris;SEASHELLS;7138.0;3
2;46528.0;Caesar;Camilla;SEASHELLS;7137.0;7
2;46545.0;Paris;Caesar;SEASHELLS;7132.0;10
2;46557.0;Caesar;Camilla;SEASHELLS;7134.0;3
2;46558.0;Caesar;Camilla;SEASHELLS;7134.0;12
2;46566.0;Caesar;Camilla;SEASHELLS;7135.0;7
2;46571.0;Paris;Caesar;SEASHELLS;7136.0;8
2;46576.0;Paris;Caesar;SEASHELLS;7139.0;4
2;46579.0;Paris;Caesar;SEASHELLS;7141.0;8
2;46583.0;Paris;Caesar;SEASHELLS;7139.0;7
2;46586.0;Caesar;Paris;SEASHELLS;7135.0;4
2;46601.0;Caesar;Paris;SEASHELLS;7135.0;8
2;46608.0;Paris;Caesar;SEASHELLS;7137.0;6
2;46612.0;Caesar;Camilla;SEASHELLS;7132.0;6
2;46613.0;Caesar;Paris;SEASHELLS;7132.0;10
2;46616.0;Paris;Caesar;SEASHELLS;7132.0;7
2;46657.0;Paris;Caesar;SEASHELLS;7139.0;9
2;46667.0;Paris;Caesar;SEASHELLS;7143.0;8
2;46682.0;Caesar;Paris;SEASHELLS;7138.0;7
2;46684.0;Caesar;Camilla;SEASHELLS;7139.0;10
2;46705.0;Paris;Caesar;SEASHELLS;7140.0;6
2;46714.0;Caesar;Paris;SEASHELLS;7142.0;4
2;46715.0;Paris;Caesar;SEASHELLS;7142.0;5
2;46717.0;Caesar;Camilla;SEASHELLS;7141.0;9
2;46722.0;Paris;Caesar;SEASHELLS;7141.0;5
2;46723.0;Paris;Caesar;SEASHELLS;7138.0;8
2;46727.0;Caesar;Paris;SEASHELLS;7137.0;10
2;46744.0;Paris;Caesar;SEASHELLS;7140.0;5
2;46759.0;Caesar;Paris;SEASHELLS;7137.0;8
2;46764.0;Caesar;Paris;SEASHELLS;7135.0;5
2;46769.0;Caesar;Camilla;SEASHELLS;7136.0;12
2;46773.0;Caesar;Paris;SEASHELLS;7135.0;6
2;46777.0;Caesar;Camilla;SEASHELLS;7133.0;6
2;46811.0;Caesar;Camilla;SEASHELLS;7145.0;5
2;46827.0;Caesar;Paris;SEASHELLS;7142.0;8
2;46833.0;Caesar;Paris;SEASHELLS;7138.0;5
2;46840.0;Caesar;Paris;SEASHELLS;7140.0;5
2;46845.0;Caesar;Paris;SEASHELLS;7138.0;9
2;46853.0;Caesar;Paris;SEASHELLS;7140.0;9
2;46871.0;Caesar;Camilla;SEASHELLS;7137.0;3
2;46872.0;Caesar;Paris;SEASHELLS;7136.0;9
2;46874.0;Caesar;Paris;SEASHELLS;7137.0;4
2;46881.0;Paris;Caesar;SEASHELLS;7139.0;5
2;46887.0;Caesar;Camilla;SEASHELLS;7135.0;10
2;46895.0;Paris;Caesar;SEASHELLS;7136.0;8
2;46900.0;Paris;Caesar;SEASHELLS;7135.0;5
2;46918.0;Caesar;Paris;SEASHELLS;7134.0;4
2;46921.0;Caesar;Paris;SEASHELLS;7132.0;6
2;46928.0;Paris;Caesar;SEASHELLS;7135.0;4
2;46933.0;Paris;Caesar;SEASHELLS;7132.0;8
2;46935.0;Caesar;Paris;SEASHELLS;7130.0;6
2;46941.0;Caesar;Camilla;SEASHELLS;7129.0;11
2;46961.0;Paris;Caesar;SEASHELLS;7124.0;5
2;46963.0;Caesar;Camilla;SEASHELLS;7120.0;3
2;46972.0;Caesar;Camilla;SEASHELLS;7120.0;3
2;46983.0;Paris;Caesar;SEASHELLS;7120.0;6
2;46990.0;Paris;Caesar;SEASHELLS;7118.0;4
2;47024.0;Caesar;Camilla;SEASHELLS;7128.0;8
2;47039.0;Caesar;Camilla;SEASHELLS;7115.0;9
2;47040.0;Paris;Caesar;SEASHELLS;7116.0;5
2;47054.0;Caesar;Paris;SEASHELLS;7116.0;7
2;47055.0;Caesar;Camilla;SEASHELLS;7116.0;5
2;47057.0;Caesar;Paris;SEASHELLS;7117.0;9
2;47060.0;Caesar;Paris;SEASHELLS;7116.0;5
2;47063.0;Paris;Caesar;SEASHELLS;7121.0;5
2;47070.0;Paris;Caesar;SEASHELLS;7123.0;7
2;47082.0;Paris;Caesar;SEASHELLS;7124.0;8
2;47087.0;Caesar;Paris;SEASHELLS;7124.0;5
2;47098.0;Caesar;Paris;SEASHELLS;7116.0;6
2;47104.0;Paris;Caesar;SEASHELLS;7115.0;6
2;47106.0;Paris;Caesar;SEASHELLS;7116.0;7
2;47106.0;Caesar;Camilla;SEASHELLS;7114.0;7
2;47109.0;Camilla;Paris;SEASHELLS;7115.0;4
2;47134.0;Caesar;Paris;SEASHELLS;7116.0;10
2;47143.0;Caesar;Paris;SEASHELLS;7115.0;4
2;47153.0;Caesar;Paris;SEASHELLS;7117.0;6
2;47161.0;Paris;Caesar;SEASHELLS;7120.0;8
2;47166.0;Paris;Caesar;SEASHELLS;7120.0;4
2;47172.0;Caesar;Camilla;SEASHELLS;7118.0;9
2;47177.0;Paris;Caesar;SEASHELLS;7117.0;9
2;47182.0;Caesar;Camilla;SEASHELLS;7115.0;4
2;47182.0;Paris;Caesar;SEASHELLS;7117.0;8
2;47221.0;Caesar;Paris;SEASHELLS;7114.0;4
2;47224.0;Caesar;Camilla;SEASHELLS;7113.0;11
2;47237.0;Paris;Caesar;SEASHELLS;7118.0;6
2;47243.0;Paris;Caesar;SEASHELLS;7119.0;6
2;47249.0;Paris;Caesar;SEASHELLS;7117.0;9
2;47251.0;Caesar;Paris;SEASHELLS;7116.0;5
2;47264.0;Paris;Caesar;SEASHELLS;7122.0;8
2;47264.0;Caesar;Camilla;SEASHELLS;7121.0;8
2;47269.0;Caesar;Paris;SEASHELLS;7120.0;5
2;47286.0;Caesar;Paris;SEASHELLS;7121.0;6
2;47292.0;Paris;Caesar;SEASHELLS;7124.0;6
2;47297.0;Caesar;Paris;SEASHELLS;7121.0;9
2;47316.0;Caesar;Paris;SEASHELLS;7121.0;6
2;47319.0;Paris;Caesar;SEASHELLS;7118.0;7
2;47339.0;Caesar;Camilla;SEASHELLS;7114.0;5
2;47353.0;Caesar;Paris;SEASHELLS;7112.0;4
2;47355.0;Caesar;Camilla;SEASHELLS;7112.0;8
2;47359.0;Caesar;Camilla;SEASHELLS;7111.0;6
2;47361.0;Caesar;Paris;SEASHELLS;7111.0;5
2;47362.0;Paris;Caesar;SEASHELLS;7111.0;6
2;47363.0;Caesar;Paris;SEASHELLS;7108.0;5
2;47365.0;Paris;Camilla;SEASHELLS;7109.0;4
2;47370.0;Caesar;Paris;SEASHELLS;7112.0;7
2;47375.0;Paris;Caesar;SEASHELLS;7114.0;4
2;47400.0;Caesar;Camilla;SEASHELLS;7115.0;3
2;47438.0;Caesar;Paris;SEASHELLS;7117.0;9
2;47441.0;Caesar;Camilla;SEASHELLS;7121.0;5
2;47451.0;Caesar;Paris;SEASHELLS;7124.0;7
2;47463.0;Paris;Caesar;SEASHELLS;7128.0;7
2;47467.0;Caesar;Paris;SEASHELLS;7125.0;5
2;47473.0;Caesar;Paris;SEASHELLS;7123.0;8
2;47484.0;Paris;Caesar;SEASHELLS;7128.0;6
2;47488.0;Caesar;Paris;SEASHELLS;7129.0;7
2;47490.0;Paris;Caesar;SEASHELLS;7132.0;7
2;47507.0;Paris;Caesar;SEASHELLS;7130.0;4
2;47508.0;Caesar;Camilla;SEASHELLS;7129.0;11
2;47512.0;Caesar;Camilla;SEASHELLS;7130.0;11
2;47531.0;Paris;Caesar;SEASHELLS;7133.0;10
2;47536.0;Caesar;Paris;SEASHELLS;7127.0;4
2;47543.0;Caesar;Camilla;SEASHELLS;7129.0;3
2;47551.0;Caesar;Paris;SEASHELLS;7126.0;8
2;47554.0;Paris;Caesar;SEASHELLS;7127.0;9
2;47555.0;Caesar;Camilla;SEASHELLS;7125.0;7
2;47587.0;Paris;Caesar;SEASHELLS;7128.0;10
2;47589.0;Caesar;Paris;SEASHELLS;7127.0;8
2;47607.0;Caesar;Paris;SEASHELLS;7123.0;8
2;47629.0;Caesar;Paris;SEASHELLS;7120.0;9
2;47642.0;Caesar;Camilla;SEASHELLS;7122.0;7
2;47648.0;Caesar;Paris;SEASHELLS;7125.0;10
2;47659.0;Caesar;Paris;SEASHELLS;7128.0;6
2;47664.0;Paris;Caesar;SEASHELLS;7136.0;6
2;47671.0;Paris;Caesar;SEASHELLS;7132.0;4
2;47675.0;Paris;Caesar;SEASHELLS;7132.0;10
2;47677.0;Caesar;Paris;SEASHELLS;7129.0;4
2;47686.0;Paris;Caesar;SEASHELLS;7125.0;6
2;47688.0;Caesar;Paris;SEASHELLS;7123.0;4
2;47692.0;Caesar;Camilla;SEASHELLS;7124.0;11
2;47694.0;Caesar;Camilla;SEASHELLS;7122.0;9
2;47695.0;Caesar;Camilla;SEASHELLS;7123.0;9
2;47703.0;Caesar;Paris;SEASHELLS;7124.0;8
2;47708.0;Caesar;Camilla;SEASHELLS;7124.0;11
2;47719.0;Caesar;Camilla;SEASHELLS;7128.0;12
2;47724.0;Caesar;Paris;SEASHELLS;7128.0;10
2;47724.0;Caesar;Camilla;SEASHELLS;7128.0;4
2;47751.0;Caesar;Camilla;SEASHELLS;7126.0;7
2;47766.0;Caesar;Camilla;SEASHELLS;7126.0;9
2;47768.0;Paris;Caesar;SEASHELLS;7127.0;5
2;47778.0;Caesar;Paris;SEASHELLS;7130.0;8
2;47783.0;Paris;Caesar;SEASHELLS;7129.0;5
2;47793.0;Caesar;Paris;SEASHELLS;7132.0;6
2;47805.0;Paris;Caesar;SEASHELLS;7132.0;4
2;47809.0;Caesar;Camilla;SEASHELLS;7133.0;4
2;47814.0;Caesar;Camilla;SEASHELLS;7131.0;4
2;47816.0;Paris;Caesar;SEASHELLS;7131.0;6
2;47819.0;Caesar;Camilla;SEASHELLS;7128.0;10
2;47827.0;Caesar;Paris;SEASHELLS;7122.0;5
2;47834.0;Paris;Caesar;SEASHELLS;7120.0;6
2;47836.0;Paris;Caesar;SEASHELLS;7118.0;6
2;47851.0;Caesar;Camilla;SEASHELLS;7118.0;12
2;47856.0;Caesar;Paris;SEASHELLS;7119.0;8
2;47870.0;Caesar;Paris;SEASHELLS;7112.0;4
2;47872.0;Paris;Caesar;SEASHELLS;7114.0;6
2;47874.0;Paris;Caesar;SEASHELLS;7112.0;8
2;47878.0;Caesar;Paris;SEASHELLS;7108.0;6
2;47888.0;Paris;Caesar;SEASHELLS;7113.0;7
2;47901.0;Caesar;Camilla;SEASHELLS;7114.0;3
2;47906.0;Camilla;Paris;SEASHELLS;7113.0;8
2;47907.0;Paris;Caesar;SEASHELLS;7115.0;7
2;47912.0;Paris;Caesar;SEASHELLS;7114.0;7
2;47913.0;Caesar;Paris;SEASHELLS;7113.0;8
2;47921.0;Paris;Caesar;SEASHELLS;7119.0;10
2;47931.0;Caesar;Paris;SEASHELLS;7119.0;10
2;47936.0;Caesar;Paris;SEASHELLS;7119.0;8
2;47948.0;Paris;Caesar;SEASHELLS;7118.0;6
2;47954.0;Paris;Caesar;SEASHELLS;7117.0;7
2;47959.0;Paris;Caesar;SEASHELLS;7118.0;6
2;47969.0;Caesar;Camilla;SEASHELLS;7113.0;9
2;47984.0;Paris;Caesar;SEASHELLS;7108.0;7
2;47996.0;Caesar;Paris;SEASHELLS;7104.0;8
2;47997.0;Paris;Caesar;SEASHELLS;7106.0;7
2;48005.0;Paris;Caesar;SEASHELLS;7103.0;9
2;48013.0;Paris;Caesar;SEASHELLS;7102.0;8
2;48023.0;Caesar;Paris;SEASHELLS;7099.0;8
2;48024.0;Caesar;Paris;SEASHELLS;7098.0;10
2;48038.0;Paris;Caesar;SEASHELLS;7088.0;7
2;48051.0;Caesar;Paris;SEASHELLS;7081.0;9
2;48075.0;Caesar;Camilla;SEASHELLS;7080.0;7
2;48078.0;Caesar;Camilla;SEASHELLS;7078.0;11
2;48100.0;Paris;Caesar;SEASHELLS;7081.0;5
2;48101.0;Paris;Caesar;SEASHELLS;7081.0;7
2;48118.0;Paris;Caesar;SEASHELLS;7078.0;4
2;48134.0;Paris;Caesar;SEASHELLS;7079.0;5
2;48144.0;Paris;Caesar;SEASHELLS;7082.0;10
2;48146.0;Paris;Caesar;SEASHELLS;7082.0;5
2;48148.0;Paris;Caesar;SEASHELLS;7079.0;10
2;48151.0;Caesar;Camilla;SEASHELLS;7078.0;6
2;48151.0;Caesar;Paris;SEASHELLS;7078.0;7
2;48153.0;Caesar;Paris;SEASHELLS;7078.0;8
2;48160.0;Caesar;Camilla;SEASHELLS;7080.0;4
2;48169.0;Caesar;Paris;SEASHELLS;7076.0;5
2;48169.0;Caesar;Camilla;SEASHELLS;7076.0;4
2;48173.0;Caesar;Camilla;SEASHELLS;7077.0;9
2;48176.0;Caesar;Camilla;SEASHELLS;7080.0;3
2;48179.0;Paris;Caesar;SEASHELLS;7081.0;5
2;48184.0;Caesar;Paris;SEASHELLS;7082.0;9
2;48190.0;Paris;Caesar;SEASHELLS;7083.0;6
2;48195.0;Caesar;Paris;SEASHELLS;7083.0;6
2;48199.0;Paris;Caesar;SEASHELLS;7084.0;4
2;48220.0;Caesar;Camilla;SEASHELLS;7069.0;3
2;48229.0;Caesar;Camilla;SEASHELLS;7070.0;6
2;48233.0;Paris;Caesar;SEASHELLS;7072.0;5
2;48240.0;Caesar;Paris;SEASHELLS;7075.0;6
2;48243.0;Paris;Caesar;SEASHELLS;7073.0;7
2;48248.0;Paris;Caesar;SEASHELLS;7070.0;10
2;48272.0;Paris;Caesar;SEASHELLS;7068.0;5
2;48282.0;Caesar;Camilla;SEASHELLS;7071.0;10
2;48302.0;Caesar;Camilla;SEASHELLS;7069.0;7
2;48302.0;Paris;Caesar;SEASHELLS;7070.0;7
2;48348.0;Caesar;Paris;SEASHELLS;7056.0;8
2;48356.0;Caesar;Camilla;SEASHELLS;7054.0;11
2;48361.0;Caesar;Paris;SEASHELLS;7052.0;4
2;48362.0;Paris;Caesar;SEASHELLS;7052.0;9
2;48367.0;Caesar;Camilla;SEASHELLS;7052.0;11
2;48368.0;Caesar;Paris;SEASHELLS;7052.0;9
2;48379.0;Paris;Caesar;SEASHELLS;7051.0;5
2;48383.0;Paris;Caesar;SEASHELLS;7051.0;9
2;48400.0;Caesar;Paris;SEASHELLS;7044.0;10
2;48410.0;Caesar;Paris;SEASHELLS;7040.0;10
2;48422.0;Paris;Caesar;SEASHELLS;7039.0;10
2;48426.0;Caesar;Paris;SEASHELLS;7038.0;10
2;48440.0;Caesar;Paris;SEASHELLS;7038.0;6
2;48445.0;Caesar;Paris;SEASHELLS;7040.0;6
2;48458.0;Caesar;Camilla;SEASHELLS;7034.0;10
2;48465.0;Caesar;Paris;SEASHELLS;7033.0;8
2;48473.0;Paris;Caesar;SEASHELLS;7037.0;5
2;48497.0;Caesar;Paris;SEASHELLS;7043.0;7
2;48537.0;Paris;Caesar;SEASHELLS;7040.0;10
2;48571.0;Caesar;Paris;SEASHELLS;7022.0;4
2;48575.0;Caesar;Paris;SEASHELLS;7023.0;10
2;48578.0;Paris;Caesar;SEASHELLS;7028.0;10
2;48580.0;Caesar;Paris;SEASHELLS;7027.0;5
2;48589.0;Paris;Caesar;SEASHELLS;7024.0;5
2;48593.0;Caesar;Camilla;SEASHELLS;7023.0;6
2;48608.0;Paris;Caesar;SEASHELLS;7022.0;8
2;48609.0;Paris;Caesar;SEASHELLS;7022.0;6
2;48636.0;Paris;Caesar;SEASHELLS;7023.0;5
2;48640.0;Caesar;Camilla;SEASHELLS;7021.0;8
2;48650.0;Caesar;Paris;SEASHELLS;7020.0;10
2;48652.0;Caesar;Paris;SEASHELLS;7020.0;10
2;48658.0;Caesar;Paris;SEASHELLS;7021.0;5
2;48661.0;Paris;Caesar;SEASHELLS;7024.0;9
2;48664.0;Caesar;Paris;SEASHELLS;7023.0;6
2;48675.0;Caesar;Paris;SEASHELLS;7028.0;7
2;48676.0;Caesar;Camilla;SEASHELLS;7028.0;5
2;48678.0;Paris;Caesar;SEASHELLS;7031.0;8
2;48680.0;Caesar;Paris;SEASHELLS;7028.0;8
2;48690.0;Paris;Caesar;SEASHELLS;7031.0;5
2;48692.0;Paris;Caesar;SEASHELLS;7031.0;8
2;48695.0;Paris;Caesar;SEASHELLS;7031.0;6
2;48708.0;Paris;Caesar;SEASHELLS;7033.0;7
2;48720.0;Caesar;Paris;SEASHELLS;7030.0;8
2;48721.0;Caesar;Camilla;SEASHELLS;7030.0;8
2;48728.0;Caesar;Camilla;SEASHELLS;7030.0;4
2;48732.0;Paris;Caesar;SEASHELLS;7035.0;7
2;48732.0;Caesar;Camilla;SEASHELLS;7034.0;9
2;48737.0;Paris;Caesar;SEASHELLS;7040.0;8
2;48753.0;Paris;Caesar;SEASHELLS;7041.0;7
2;48755.0;Caesar;Paris;SEASHELLS;7038.0;7
2;48762.0;Caesar;Camilla;SEASHELLS;7041.0;12
2;48769.0;Caesar;Camilla;SEASHELLS;7040.0;6
2;48770.0;Caesar;Paris;SEASHELLS;7039.0;9
2;48771.0;Paris;Caesar;SEASHELLS;7040.0;10
2;48786.0;Paris;Camilla;SEASHELLS;7034.0;9
2;48801.0;Paris;Caesar;SEASHELLS;7031.0;9
2;48801.0;Caesar;Camilla;SEASHELLS;7029.0;12
2;48809.0;Paris;Caesar;SEASHELLS;7031.0;8
2;48810.0;Paris;Caesar;SEASHELLS;7031.0;10
2;48811.0;Caesar;Camilla;SEASHELLS;7028.0;9
2;48817.0;Paris;Camilla;SEASHELLS;7029.0;5
2;48819.0;Caesar;Paris;SEASHELLS;7028.0;9
2;48835.0;Caesar;Camilla;SEASHELLS;7029.0;11
2;48844.0;Caesar;Paris;SEASHELLS;7029.0;4
2;48851.0;Caesar;Paris;SEASHELLS;7030.0;6
2;48854.0;Caesar;Paris;SEASHELLS;7028.0;9
2;48861.0;Paris;Caesar;SEASHELLS;7035.0;4
2;48887.0;Paris;Caesar;SEASHELLS;7041.0;10
2;48894.0;Caesar;Paris;SEASHELLS;7040.0;9
2;48896.0;Paris;Caesar;SEASHELLS;7043.0;10
2;48899.0;Caesar;Paris;SEASHELLS;7041.0;10
2;48901.0;Caesar;Paris;SEASHELLS;7039.0;8
2;48902.0;Caesar;Camilla;SEASHELLS;7040.0;4
2;48915.0;Paris;Caesar;SEASHELLS;7033.0;4
2;48918.0;Paris;Caesar;SEASHELLS;7033.0;6
2;48922.0;Caesar;Paris;SEASHELLS;7032.0;6
2;48928.0;Caesar;Camilla;SEASHELLS;7034.0;12
2;48929.0;Caesar;Camilla;SEASHELLS;7033.0;9
2;48950.0;Caesar;Camilla;SEASHELLS;7033.0;12
2;48956.0;Caesar;Paris;SEASHELLS;7031.0;8
2;48971.0;Caesar;Paris;SEASHELLS;7025.0;7
2;48972.0;Caesar;Paris;SEASHELLS;7025.0;8
2;48973.0;Paris;Caesar;SEASHELLS;7028.0;6
2;49003.0;Caesar;Camilla;SEASHELLS;7023.0;8
2;49016.0;Caesar;Paris;SEASHELLS;7021.0;4
2;49048.0;Paris;Caesar;SEASHELLS;7029.0;6
2;49052.0;Caesar;Paris;SEASHELLS;7027.0;7
2;49054.0;Caesar;Paris;SEASHELLS;7026.0;7
2;49055.0;Caesar;Camilla;SEASHELLS;7025.0;4
2;49062.0;Caesar;Paris;SEASHELLS;7026.0;4
2;49068.0;Caesar;Camilla;SEASHELLS;7023.0;7
2;49097.0;Caesar;Paris;SEASHELLS;7022.0;9
2;49102.0;Caesar;Paris;SEASHELLS;7025.0;9
2;49113.0;Paris;Caesar;SEASHELLS;7025.0;10
2;49117.0;Paris;Caesar;SEASHELLS;7024.0;8
2;49134.0;Caesar;Paris;SEASHELLS;7016.0;5
2;49137.0;Paris;Caesar;SEASHELLS;7016.0;9
2;49147.0;Caesar;Camilla;SEASHELLS;7014.0;4
2;49153.0;Caesar;Paris;SEASHELLS;7020.0;5
2;49154.0;Caesar;Camilla;SEASHELLS;7020.0;6
2;49163.0;Caesar;Paris;SEASHELLS;7019.0;9
2;49164.0;Caesar;Camilla;SEASHELLS;7020.0;3
2;49171.0;Caesar;Paris;SEASHELLS;7021.0;10
2;49195.0;Paris;Caesar;SEASHELLS;7018.0;10
2;49196.0;Caesar;Camilla;SEASHELLS;7016.0;10
2;49203.0;Caesar;Camilla;SEASHELLS;7014.0;12
2;49247.0;Caesar;Paris;SEASHELLS;7012.0;7
2;49248.0;Paris;Caesar;SEASHELLS;7016.0;8
2;49255.0;Paris;Caesar;SEASHELLS;7014.0;5
2;49272.0;Caesar;Paris;SEASHELLS;7015.0;4
2;49278.0;Caesar;Paris;SEASHELLS;7012.0;7
2;49281.0;Caesar;Camilla;SEASHELLS;7008.0;11
2;49283.0;Caesar;Paris;SEASHELLS;7008.0;6
2;49285.0;Paris;Caesar;SEASHELLS;7009.0;6
2;49295.0;Caesar;Paris;SEASHELLS;7012.0;7
2;49299.0;Paris;Caesar;SEASHELLS;7014.0;9
2;49308.0;Caesar;Paris;SEASHELLS;7008.0;8
2;49309.0;Caesar;Camilla;SEASHELLS;7008.0;6
2;49345.0;Caesar;Paris;SEASHELLS;7011.0;7
2;49350.0;Caesar;Camilla;SEASHELLS;7011.0;8
2;49363.0;Caesar;Camilla;SEASHELLS;7016.0;3
2;49365.0;Caesar;Paris;SEASHELLS;7016.0;9
2;49366.0;Caesar;Paris;SEASHELLS;7014.0;8
2;49375.0;Caesar;Paris;SEASHELLS;7010.0;6
2;49377.0;Paris;Caesar;SEASHELLS;7013.0;9
2;49387.0;Caesar;Paris;SEASHELLS;7012.0;7
2;49388.0;Caesar;Paris;SEASHELLS;7010.0;4
2;49416.0;Caesar;Camilla;SEASHELLS;7001.0;11
2;49430.0;Caesar;Camilla;SEASHELLS;6999.0;3
2;49433.0;Caesar;Camilla;SEASHELLS;6998.0;11
2;49434.0;Caesar;Camilla;SEASHELLS;6997.0;10
2;49440.0;Caesar;Camilla;SEASHELLS;6996.0;7
2;49453.0;Caesar;Camilla;SEASHELLS;6995.0;7
2;49460.0;Caesar;Camilla;SEASHELLS;6996.0;3
2;49475.0;Paris;Caesar;SEASHELLS;7002.0;9
2;49502.0;Caesar;Paris;SEASHELLS;6999.0;5
2;49518.0;Caesar;Camilla;SEASHELLS;7000.0;11
2;49526.0;Caesar;Paris;SEASHELLS;6998.0;5
2;49538.0;Caesar;Camilla;SEASHELLS;6998.0;12
2;49552.0;Caesar;Camilla;SEASHELLS;7001.0;11
2;49582.0;Caesar;Camilla;SEASHELLS;6991.0;7
2;49586.0;Caesar;Paris;SEASHELLS;6991.0;9
2;49589.0;Paris;Caesar;SEASHELLS;6996.0;6
2;49590.0;Caesar;Paris;SEASHELLS;6994.0;6
2;49595.0;Caesar;Camilla;SEASHELLS;6995.0;4
2;49613.0;Paris;Caesar;SEASHELLS;7000.0;4
2;49615.0;Caesar;Camilla;SEASHELLS;6999.0;12
2;49615.0;Paris;Caesar;SEASHELLS;7000.0;8
2;49625.0;Caesar;Camilla;SEASHELLS;6999.0;9
2;49632.0;Caesar;Camilla;SEASHELLS;6998.0;8
2;49643.0;Caesar;Camilla;SEASHELLS;7001.0;7
2;49646.0;Paris;Caesar;SEASHELLS;7001.0;8
2;49662.0;Paris;Camilla;SEASHELLS;7011.0;6
2;49665.0;Caesar;Camilla;SEASHELLS;7013.0;8
2;49666.0;Caesar;Camilla;SEASHELLS;7013.0;11
2;49699.0;Caesar;Camilla;SEASHELLS;7012.0;12
2;49710.0;Caesar;Paris;SEASHELLS;7012.0;7
2;49727.0;Caesar;Camilla;SEASHELLS;7013.0;3
2;49733.0;Caesar;Camilla;SEASHELLS;7017.0;3
2;49740.0;Paris;Caesar;SEASHELLS;7016.0;10
2;49747.0;Paris;Caesar;SEASHELLS;7020.0;4
2;49752.0;Caesar;Paris;SEASHELLS;7020.0;9
2;49762.0;Paris;Caesar;SEASHELLS;7022.0;8
2;49769.0;Caesar;Paris;SEASHELLS;7017.0;7
2;49775.0;Paris;Caesar;SEASHELLS;7017.0;10
2;49800.0;Paris;Caesar;SEASHELLS;7011.0;4
2;49800.0;Caesar;Camilla;SEASHELLS;7009.0;5
2;49805.0;Caesar;Camilla;SEASHELLS;7011.0;12
2;49832.0;Caesar;Camilla;SEASHELLS;7006.0;3
2;49834.0;Caesar;Camilla;SEASHELLS;7006.0;10
2;49865.0;Paris;Caesar;SEASHELLS;6995.0;8
2;49867.0;Paris;Caesar;SEASHELLS;6995.0;7
2;49868.0;Caesar;Paris;SEASHELLS;6993.0;8
2;49870.0;Camilla;Paris;SEASHELLS;6994.0;7
2;49875.0;Paris;Caesar;SEASHELLS;6994.0;9
2;49880.0;Caesar;Camilla;SEASHELLS;6995.0;4
2;49889.0;Camilla;Paris;SEASHELLS;6999.0;6
2;49891.0;Caesar;Paris;SEASHELLS;6995.0;6
2;49901.0;Caesar;Camilla;SEASHELLS;6997.0;12
2;49911.0;Paris;Caesar;SEASHELLS;7005.0;6
2;49915.0;Caesar;Camilla;SEASHELLS;7002.0;3
2;49927.0;Caesar;Camilla;SEASHELLS;7004.0;6
2;49929.0;Caesar;Paris;SEASHELLS;7004.0;8
2;49944.0;Camilla;Paris;SEASHELLS;7008.0;7
2;49946.0;Caesar;Paris;SEASHELLS;7007.0;7
2;49955.0;Paris;Caesar;SEASHELLS;7010.0;4
2;49956.0;Caesar;Paris;SEASHELLS;7009.0;9
2;49973.0;Paris;Caesar;SEASHELLS;7018.0;6
2;49976.0;Caesar;Camilla;SEASHELLS;7014.0;7
2;49978.0;Paris;Caesar;SEASHELLS;7014.0;5
2;49985.0;Paris;Caesar;SEASHELLS;7017.0;4
3;50001.0;Caesar;Paris;SEASHELLS;7020.0;6
3;50004.0;Paris;Caesar;SEASHELLS;7019.0;10
3;50010.0;Paris;Caesar;SEASHELLS;7019.0;9
3;50012.0;Paris;Caesar;SEASHELLS;7019.0;5
3;50021.0;Paris;Caesar;SEASHELLS;7014.0;4
3;50026.0;Caesar;Paris;SEASHELLS;7008.0;9
3;50028.0;Paris;Camilla;SEASHELLS;7008.0;5
3;50058.0;Caesar;Camilla;SEASHELLS;7012.0;7
3;50089.0;Caesar;Camilla;SEASHELLS;7014.0;4
3;50117.0;Paris;Caesar;SEASHELLS;7027.0;8
3;50121.0;Caesar;Paris;SEASHELLS;7025.0;7
3;50146.0;Caesar;Camilla;SEASHELLS;7038.0;3
3;50162.0;Caesar;Paris;SEASHELLS;7042.0;9
3;50166.0;Caesar;Camilla;SEASHELLS;7045.0;11
3;50178.0;Caesar;Camilla;SEASHELLS;7046.0;8
3;50178.0;Paris;Caesar;SEASHELLS;7047.0;10
3;50181.0;Caesar;Paris;SEASHELLS;7047.0;8
3;50184.0;Caesar;Paris;SEASHELLS;7044.0;8
3;50192.0;Paris;Caesar;SEASHELLS;7042.0;5
3;50193.0;Paris;Camilla;SEASHELLS;7042.0;3
3;50206.0;Caesar;Paris;SEASHELLS;7040.0;10
3;50208.0;Paris;Caesar;SEASHELLS;7041.0;6
3;50214.0;Caesar;Paris;SEASHELLS;7040.0;5
3;50230.0;Paris;Caesar;SEASHELLS;7042.0;9
3;50240.0;Caesar;Paris;SEASHELLS;7044.0;6
3;50243.0;Caesar;Paris;SEASHELLS;7044.0;5
3;50254.0;Caesar;Paris;SEASHELLS;7041.0;8
3;50256.0;Paris;Caesar;SEASHELLS;7042.0;4
3;50263.0;Caesar;Camilla;SEASHELLS;7038.0;12
3;50266.0;Caesar;Camilla;SEASHELLS;7039.0;6
3;50269.0;Caesar;Paris;SEASHELLS;7038.0;7
3;50274.0;Caesar;Paris;SEASHELLS;7036.0;8
3;50276.0;Caesar;Camilla;SEASHELLS;7039.0;4
3;50293.0;Caesar;Camilla;SEASHELLS;7030.0;6
3;50305.0;Paris;Caesar;SEASHELLS;7027.0;9
3;50310.0;Caesar;Paris;SEASHELLS;7027.0;10
3;50334.0;Camilla;Paris;SEASHELLS;7031.0;4
3;50335.0;Caesar;Paris;SEASHELLS;7031.0;4
3;50345.0;Caesar;Camilla;SEASHELLS;7035.0;5
3;50345.0;Caesar;Paris;SEASHELLS;7035.0;4
3;50362.0;Caesar;Camilla;SEASHELLS;7041.0;4
3;50369.0;Caesar;Camilla;SEASHELLS;7040.0;4
3;50375.0;Paris;Caesar;SEASHELLS;7044.0;4
3;50377.0;Paris;Caesar;SEASHELLS;7044.0;6
3;50405.0;Caesar;Paris;SEASHELLS;7040.0;6
3;50409.0;Paris;Caesar;SEASHELLS;7044.0;5
3;50410.0;Caesar;Paris;SEASHELLS;7043.0;9
3;50412.0;Caesar;Paris;SEASHELLS;7042.0;9
3;50427.0;Paris;Caesar;SEASHELLS;7046.0;8
3;50428.0;Caesar;Paris;SEASHELLS;7043.0;4
3;50447.0;Caesar;Camilla;SEASHELLS;7045.0;5
3;50448.0;Caesar;Paris;SEASHELLS;7044.0;6
