day;timestamp;bid_price_1;bid_volume_1;bid_price_2;bid_volume_2;bid_price_3;bid_volume_3;ask_price_1;ask_volume_1;ask_price_2;ask_volume_2;ask_price_3;ask_volume_3;mid_price;profit_and_loss
0;20001.0;99999.0;6.0;99998.0;19.0;0.0;0.0;100001.0;6.0;100002.0;19.0;0.0;0.0;100000.0;0.0
0;20002.0;99999.0;5.0;99998.0;12.0;0.0;0.0;100001.0;5.0;100002.0;12.0;0.0;0.0;100000.0;0.0
0;20003.0;100002.0;2.0;100001.0;10.0;100000.0;14.0;100003.0;10.0;100004.0;14.0;0.0;0.0;100002.5;-2.875
0;20004.0;99999.0;9.0;99998.0;11.0;0.0;0.0;100001.0;9.0;100002.0;11.0;0.0;0.0;100000.0;-1.140625
0;20005.0;99993.0;19.0;0.0;0.0;0.0;0.0;99996.0;19.0;0.0;0.0;0.0;0.0;99994.5;4.484375
0;20006.0;99990.0;22.0;0.0;0.0;0.0;0.0;99993.0;22.0;0.0;0.0;0.0;0.0;99991.5;7.3515625
0;20007.0;99984.0;22.0;0.0;0.0;0.0;0.0;99987.0;22.0;0.0;0.0;0.0;0.0;99985.5;13.609375
0;20008.0;99985.0;5.0;99984.0;16.0;0.0;0.0;99987.0;5.0;99988.0;16.0;0.0;0.0;99986.0;13.234375
0;20009.0;99993.0;5.0;99992.0;10.0;0.0;0.0;99995.0;5.0;99996.0;10.0;0.0;0.0;99994.0;4.8046875
0;20010.0;99990.0;9.0;99989.0;20.0;0.0;0.0;99992.0;9.0;99993.0;20.0;0.0;0.0;99991.0;7.9140625
0;20011.0;99986.0;7.0;99985.0;16.0;0.0;0.0;99988.0;7.0;99989.0;16.0;0.0;0.0;99987.0;11.828125
0;20012.0;99989.0;23.0;0.0;0.0;0.0;0.0;99991.0;7.0;99992.0;16.0;0.0;0.0;99990.0;8.75
0;20013.0;99991.0;18.0;0.0;0.0;0.0;0.0;99994.0;18.0;0.0;0.0;0.0;0.0;99992.5;6.515625
0;20014.0;99992.0;10.0;99991.0;14.0;0.0;0.0;99994.0;10.0;99995.0;14.0;0.0;0.0;99993.0;5.859375
0;20015.0;99986.0;22.0;0.0;0.0;0.0;0.0;99989.0;22.0;0.0;0.0;0.0;0.0;99987.5;11.7265625
0;20016.0;99986.0;5.0;99985.0;18.0;0.0;0.0;99988.0;5.0;99989.0;18.0;0.0;0.0;99987.0;11.921875
0;20017.0;99990.0;17.0;0.0;0.0;0.0;0.0;99993.0;17.0;0.0;0.0;0.0;0.0;99991.5;7.546875
0;20018.0;99982.0;10.0;99981.0;20.0;0.0;0.0;99984.0;10.0;99985.0;20.0;0.0;0.0;99983.0;16.0234375
0;20019.0;99979.0;10.0;99978.0;12.0;0.0;0.0;99981.0;10.0;99982.0;12.0;0.0;0.0;99980.0;18.9140625
0;20020.0;99967.0;9.0;99966.0;17.0;0.0;0.0;99969.0;9.0;99970.0;17.0;0.0;0.0;99968.0;30.890625
0;20021.0;99959.0;10.0;99958.0;14.0;0.0;0.0;99961.0;10.0;99962.0;14.0;0.0;0.0;99960.0;39.0234375
0;20022.0;99947.0;21.0;0.0;0.0;0.0;0.0;99950.0;21.0;0.0;0.0;0.0;0.0;99948.5;50.625
0;20023.0;99946.0;6.0;99945.0;15.0;0.0;0.0;99948.0;6.0;99949.0;15.0;0.0;0.0;99947.0;52.1171875
0;20024.0;99938.0;6.0;99937.0;18.0;0.0;0.0;99940.0;6.0;99941.0;18.0;0.0;0.0;99939.0;60.1015625
0;20025.0;99939.0;20.0;0.0;0.0;0.0;0.0;99942.0;20.0;0.0;0.0;0.0;0.0;99940.5;58.40625
0;20026.0;99940.0;22.0;0.0;0.0;0.0;0.0;99943.0;22.0;0.0;0.0;0.0;0.0;99941.5;57.4296875
0;20027.0;99939.0;24.0;0.0;0.0;0.0;0.0;99942.0;24.0;0.0;0.0;0.0;0.0;99940.5;58.609375
0;20028.0;99923.0;27.0;0.0;0.0;0.0;0.0;99926.0;27.0;0.0;0.0;0.0;0.0;99924.5;74.4609375
0;20029.0;99920.0;5.0;99919.0;20.0;0.0;0.0;99922.0;5.0;99923.0;20.0;0.0;0.0;99921.0;77.859375
0;20030.0;99920.0;7.0;99919.0;18.0;0.0;0.0;99922.0;7.0;99923.0;18.0;0.0;0.0;99921.0;78.1796875
0;20031.0;99920.0;20.0;0.0;0.0;0.0;0.0;99923.0;20.0;0.0;0.0;0.0;0.0;99921.5;77.46875
0;20032.0;99911.0;8.0;99910.0;19.0;0.0;0.0;99913.0;8.0;99914.0;19.0;0.0;0.0;99912.0;87.109375
0;20033.0;99908.0;7.0;99907.0;12.0;0.0;0.0;99910.0;7.0;99911.0;12.0;0.0;0.0;99909.0;90.125
0;20034.0;99901.0;15.0;0.0;0.0;0.0;0.0;99904.0;15.0;0.0;0.0;0.0;0.0;99902.5;96.2890625
0;20035.0;99896.0;17.0;0.0;0.0;0.0;0.0;99899.0;17.0;0.0;0.0;0.0;0.0;99897.5;101.390625
0;20036.0;99903.0;17.0;0.0;0.0;0.0;0.0;99906.0;17.0;0.0;0.0;0.0;0.0;99904.5;94.71875
0;20037.0;99898.0;7.0;99897.0;16.0;0.0;0.0;99900.0;7.0;99901.0;16.0;0.0;0.0;99899.0;99.8125
0;20038.0;99898.0;7.0;99897.0;10.0;0.0;0.0;99900.0;7.0;99901.0;10.0;0.0;0.0;99899.0;100.0234375
0;20039.0;99903.0;18.0;0.0;0.0;0.0;0.0;99906.0;18.0;0.0;0.0;0.0;0.0;99904.5;94.46875
0;20040.0;99900.0;5.0;99899.0;10.0;0.0;0.0;99902.0;5.0;99903.0;10.0;0.0;0.0;99901.0;98.1484375
0;20041.0;99899.0;8.0;99898.0;13.0;0.0;0.0;99901.0;8.0;99902.0;13.0;0.0;0.0;99900.0;98.859375
0;20042.0;99900.0;6.0;99899.0;19.0;0.0;0.0;99902.0;6.0;99903.0;19.0;0.0;0.0;99901.0;98.171875
0;20043.0;99900.0;8.0;99899.0;12.0;0.0;0.0;99902.0;8.0;99903.0;12.0;0.0;0.0;99901.0;97.78125
0;20044.0;99892.0;20.0;0.0;0.0;0.0;0.0;99895.0;20.0;0.0;0.0;0.0;0.0;99893.5;105.5
0;20045.0;99893.0;8.0;99892.0;18.0;0.0;0.0;99895.0;8.0;99896.0;18.0;0.0;0.0;99894.0;105.03125
0;20046.0;99901.0;19.0;0.0;0.0;0.0;0.0;99904.0;19.0;0.0;0.0;0.0;0.0;99902.5;96.484375
0;20047.0;99892.0;7.0;99891.0;12.0;0.0;0.0;99894.0;7.0;99895.0;12.0;0.0;0.0;99893.0;106.2265625
0;20048.0;99897.0;10.0;99896.0;18.0;0.0;0.0;99899.0;10.0;99900.0;18.0;0.0;0.0;99898.0;100.828125
0;20049.0;99898.0;7.0;99897.0;15.0;0.0;0.0;99900.0;7.0;99901.0;15.0;0.0;0.0;99899.0;100.0859375
0;20050.0;99894.0;10.0;99893.0;10.0;0.0;0.0;99896.0;10.0;99897.0;10.0;0.0;0.0;99895.0;104.1328125
0;20051.0;99906.0;19.0;0.0;0.0;0.0;0.0;99909.0;19.0;0.0;0.0;0.0;0.0;99907.5;91.5546875
0;20052.0;99911.0;5.0;99910.0;15.0;0.0;0.0;99913.0;5.0;99914.0;15.0;0.0;0.0;99912.0;86.765625
0;20053.0;99903.0;24.0;0.0;0.0;0.0;0.0;99906.0;24.0;0.0;0.0;0.0;0.0;99904.5;94.3203125
0;20054.0;99904.0;5.0;99903.0;14.0;0.0;0.0;99906.0;5.0;99907.0;14.0;0.0;0.0;99905.0;93.859375
0;20055.0;99908.0;10.0;99907.0;20.0;0.0;0.0;99910.0;10.0;99911.0;20.0;0.0;0.0;99909.0;90.234375
0;20056.0;99906.0;27.0;0.0;0.0;0.0;0.0;99909.0;27.0;0.0;0.0;0.0;0.0;99907.5;91.4296875
0;20057.0;99912.0;1.0;99911.0;7.0;99910.0;12.0;99913.0;7.0;99914.0;12.0;0.0;0.0;99912.5;87.140625
0;20058.0;99910.0;18.0;0.0;0.0;0.0;0.0;99913.0;18.0;0.0;0.0;0.0;0.0;99911.5;87.5703125
0;20059.0;99914.0;19.0;0.0;0.0;0.0;0.0;99917.0;19.0;0.0;0.0;0.0;0.0;99915.5;83.3828125
0;20060.0;99923.0;26.0;0.0;0.0;0.0;0.0;99926.0;26.0;0.0;0.0;0.0;0.0;99924.5;74.3359375
0;20061.0;99919.0;16.0;0.0;0.0;0.0;0.0;99922.0;16.0;0.0;0.0;0.0;0.0;99920.5;78.59375
0;20062.0;99920.0;17.0;0.0;0.0;0.0;0.0;99923.0;17.0;0.0;0.0;0.0;0.0;99921.5;77.3203125
0;20063.0;99918.0;5.0;99917.0;13.0;0.0;0.0;99920.0;18.0;0.0;0.0;0.0;0.0;99919.0;80.25
0;20064.0;99918.0;27.0;0.0;0.0;0.0;0.0;99921.0;27.0;0.0;0.0;0.0;0.0;99919.5;79.453125
0;20065.0;99911.0;10.0;99910.0;16.0;0.0;0.0;99913.0;10.0;99914.0;16.0;0.0;0.0;99912.0;86.9375
0;20066.0;99907.0;29.0;0.0;0.0;0.0;0.0;99910.0;29.0;0.0;0.0;0.0;0.0;99908.5;90.59375
0;20067.0;99906.0;7.0;99905.0;14.0;0.0;0.0;99908.0;7.0;99909.0;14.0;0.0;0.0;99907.0;91.8359375
0;20068.0;99912.0;10.0;99911.0;18.0;0.0;0.0;99914.0;10.0;99915.0;18.0;0.0;0.0;99913.0;86.1875
0;20069.0;99919.0;9.0;99918.0;17.0;0.0;0.0;99921.0;9.0;99922.0;17.0;0.0;0.0;99920.0;78.984375
0;20070.0;99910.0;30.0;0.0;0.0;0.0;0.0;99913.0;30.0;0.0;0.0;0.0;0.0;99911.5;87.328125
0;20071.0;99905.0;18.0;0.0;0.0;0.0;0.0;99908.0;18.0;0.0;0.0;0.0;0.0;99906.5;105.0
0;20072.0;99909.0;23.0;0.0;0.0;0.0;0.0;99912.0;23.0;0.0;0.0;0.0;0.0;99910.5;92.8125
0;20073.0;99897.0;10.0;99896.0;11.0;0.0;0.0;99899.0;10.0;99900.0;11.0;0.0;0.0;99898.0;130.46875
0;20074.0;99894.0;25.0;0.0;0.0;0.0;0.0;99897.0;25.0;0.0;0.0;0.0;0.0;99895.5;139.21875
0;20075.0;99893.0;19.0;0.0;0.0;0.0;0.0;99896.0;19.0;0.0;0.0;0.0;0.0;99894.5;141.0625
0;20076.0;99901.0;20.0;0.0;0.0;0.0;0.0;99904.0;20.0;0.0;0.0;0.0;0.0;99902.5;98.3125
0;20077.0;99906.0;7.0;99905.0;10.0;0.0;0.0;99908.0;7.0;99909.0;10.0;0.0;0.0;99907.0;76.65625
0;20078.0;99904.0;10.0;99903.0;15.0;0.0;0.0;99906.0;10.0;99907.0;15.0;0.0;0.0;99905.0;86.96875
0;20079.0;99901.0;21.0;0.0;0.0;0.0;0.0;99904.0;21.0;0.0;0.0;0.0;0.0;99902.5;98.625
0;20080.0;99900.0;8.0;99899.0;15.0;0.0;0.0;99902.0;8.0;99903.0;15.0;0.0;0.0;99901.0;106.5625
0;20081.0;99909.0;23.0;0.0;0.0;0.0;0.0;99912.0;23.0;0.0;0.0;0.0;0.0;99910.5;58.65625
0;20082.0;99907.0;10.0;99906.0;15.0;0.0;0.0;99909.0;10.0;99910.0;15.0;0.0;0.0;99908.0;72.125
0;20083.0;99905.0;6.0;99904.0;11.0;0.0;0.0;99907.0;6.0;99908.0;11.0;0.0;0.0;99906.0;81.75
0;20084.0;99907.0;7.0;99906.0;17.0;0.0;0.0;99909.0;7.0;99910.0;17.0;0.0;0.0;99908.0;70.6875
0;20085.0;99906.0;26.0;0.0;0.0;0.0;0.0;99909.0;26.0;0.0;0.0;0.0;0.0;99907.5;74.5625
0;20086.0;99905.0;8.0;99904.0;11.0;0.0;0.0;99907.0;8.0;99908.0;11.0;0.0;0.0;99906.0;80.6875
0;20087.0;99898.0;8.0;99897.0;12.0;0.0;0.0;99900.0;10.0;99901.0;12.0;0.0;0.0;99899.0;127.8125
0;20088.0;99898.0;8.0;99897.0;13.0;0.0;0.0;99900.0;8.0;99901.0;13.0;0.0;0.0;99899.0;128.5
0;20089.0;99895.0;5.0;99894.0;15.0;0.0;0.0;99897.0;5.0;99898.0;15.0;0.0;0.0;99896.0;153.75
0;20090.0;99902.0;16.0;0.0;0.0;0.0;0.0;99905.0;16.0;0.0;0.0;0.0;0.0;99903.5;87.6875
0;20091.0;99906.0;16.0;0.0;0.0;0.0;0.0;99909.0;16.0;0.0;0.0;0.0;0.0;99907.5;50.8125
0;20092.0;99906.0;25.0;0.0;0.0;0.0;0.0;99909.0;25.0;0.0;0.0;0.0;0.0;99907.5;52.25
0;20093.0;99910.0;28.0;0.0;0.0;0.0;0.0;99913.0;28.0;0.0;0.0;0.0;0.0;99911.5;14.5
0;20094.0;99908.0;16.0;0.0;0.0;0.0;0.0;99911.0;16.0;0.0;0.0;0.0;0.0;99909.5;33.75
0;20095.0;99915.0;9.0;99914.0;15.0;0.0;0.0;99917.0;9.0;99918.0;15.0;0.0;0.0;99916.0;-25.6875
0;20096.0;99915.0;6.0;99914.0;14.0;0.0;0.0;99917.0;6.0;99918.0;14.0;0.0;0.0;99916.0;-25.375
0;20097.0;99918.0;22.0;0.0;0.0;0.0;0.0;99921.0;22.0;0.0;0.0;0.0;0.0;99919.5;-58.3125
0;20098.0;99910.0;23.0;0.0;0.0;0.0;0.0;99913.0;23.0;0.0;0.0;0.0;0.0;99911.5;14.875
0;20099.0;99912.0;20.0;0.0;0.0;0.0;0.0;99915.0;20.0;0.0;0.0;0.0;0.0;99913.5;-4.6875
0;20100.0;99902.0;9.0;99901.0;13.0;0.0;0.0;99904.0;9.0;99905.0;13.0;0.0;0.0;99903.0;91.0
0;20101.0;99889.0;28.0;0.0;0.0;0.0;0.0;99892.0;28.0;0.0;0.0;0.0;0.0;99890.5;206.375
0;20102.0;99887.0;20.0;0.0;0.0;0.0;0.0;99890.0;20.0;0.0;0.0;0.0;0.0;99888.5;223.6875
0;20103.0;99881.0;20.0;0.0;0.0;0.0;0.0;99884.0;20.0;0.0;0.0;0.0;0.0;99882.5;274.75
0;20104.0;99882.0;26.0;0.0;0.0;0.0;0.0;99885.0;26.0;0.0;0.0;0.0;0.0;99883.5;265.5
0;20105.0;99897.0;7.0;99896.0;16.0;0.0;0.0;99899.0;7.0;99900.0;16.0;0.0;0.0;99898.0;138.5
0;20106.0;99891.0;28.0;0.0;0.0;0.0;0.0;99894.0;28.0;0.0;0.0;0.0;0.0;99892.5;185.625
0;20107.0;99887.0;27.0;0.0;0.0;0.0;0.0;99890.0;27.0;0.0;0.0;0.0;0.0;99888.5;226.375
0;20108.0;99890.0;1.0;99889.0;9.0;99888.0;14.0;99891.0;9.0;99892.0;14.0;0.0;0.0;99890.5;213.5625
0;20109.0;99892.0;6.0;99891.0;18.0;0.0;0.0;99894.0;6.0;99895.0;18.0;0.0;0.0;99893.0;182.625
0;20110.0;99891.0;6.0;99890.0;11.0;0.0;0.0;99893.0;6.0;99894.0;11.0;0.0;0.0;99892.0;193.75
0;20111.0;99889.0;24.0;0.0;0.0;0.0;0.0;99892.0;24.0;0.0;0.0;0.0;0.0;99890.5;206.8125
0;20112.0;99894.0;7.0;99893.0;18.0;0.0;0.0;99896.0;7.0;99897.0;18.0;0.0;0.0;99895.0;162.6875
0;20113.0;99897.0;19.0;0.0;0.0;0.0;0.0;99900.0;19.0;0.0;0.0;0.0;0.0;99898.5;130.125
0;20114.0;99891.0;10.0;99890.0;10.0;0.0;0.0;99893.0;10.0;99894.0;10.0;0.0;0.0;99892.0;195.1875
0;20115.0;99890.0;24.0;0.0;0.0;0.0;0.0;99893.0;24.0;0.0;0.0;0.0;0.0;99891.5;200.25
0;20116.0;99890.0;24.0;0.0;0.0;0.0;0.0;99893.0;24.0;0.0;0.0;0.0;0.0;99891.5;198.125
0;20117.0;99884.0;9.0;99883.0;12.0;0.0;0.0;99886.0;9.0;99887.0;12.0;0.0;0.0;99885.0;264.5625
0;20118.0;99885.0;22.0;0.0;0.0;0.0;0.0;99888.0;22.0;0.0;0.0;0.0;0.0;99886.5;248.3125
0;20119.0;99880.0;9.0;99879.0;19.0;0.0;0.0;99882.0;9.0;99883.0;19.0;0.0;0.0;99881.0;302.375
0;20120.0;99886.0;10.0;99885.0;17.0;0.0;0.0;99888.0;10.0;99889.0;17.0;0.0;0.0;99887.0;241.25
0;20121.0;99887.0;22.0;0.0;0.0;0.0;0.0;99890.0;22.0;0.0;0.0;0.0;0.0;99888.5;229.25
0;20122.0;99888.0;6.0;99887.0;18.0;0.0;0.0;99890.0;6.0;99891.0;18.0;0.0;0.0;99889.0;223.6875
0;20123.0;99884.0;6.0;99883.0;12.0;0.0;0.0;99886.0;6.0;99887.0;12.0;0.0;0.0;99885.0;261.0
0;20124.0;99883.0;24.0;0.0;0.0;0.0;0.0;99886.0;24.0;0.0;0.0;0.0;0.0;99884.5;268.5625
0;20125.0;99871.0;7.0;99870.0;11.0;0.0;0.0;99873.0;7.0;99874.0;11.0;0.0;0.0;99872.0;394.3125
0;20126.0;99863.0;21.0;0.0;0.0;0.0;0.0;99866.0;21.0;0.0;0.0;0.0;0.0;99864.5;465.5625
0;20127.0;99866.0;8.0;99865.0;12.0;0.0;0.0;99868.0;8.0;99869.0;12.0;0.0;0.0;99867.0;442.875
0;20128.0;99852.0;26.0;0.0;0.0;0.0;0.0;99855.0;26.0;0.0;0.0;0.0;0.0;99853.5;576.8125
0;20129.0;99858.0;9.0;99857.0;13.0;0.0;0.0;99860.0;9.0;99861.0;13.0;0.0;0.0;99859.0;523.625
0;20130.0;99847.0;7.0;99846.0;15.0;0.0;0.0;99849.0;7.0;99850.0;15.0;0.0;0.0;99848.0;633.5625
0;20131.0;99851.0;21.0;0.0;0.0;0.0;0.0;99854.0;21.0;0.0;0.0;0.0;0.0;99852.5;586.0625
0;20132.0;99846.0;25.0;0.0;0.0;0.0;0.0;99849.0;25.0;0.0;0.0;0.0;0.0;99847.5;639.3125
0;20133.0;99851.0;26.0;0.0;0.0;0.0;0.0;99854.0;26.0;0.0;0.0;0.0;0.0;99852.5;590.4375
0;20134.0;99852.0;10.0;99851.0;15.0;0.0;0.0;99854.0;10.0;99855.0;15.0;0.0;0.0;99853.0;582.25
0;20135.0;99842.0;19.0;0.0;0.0;0.0;0.0;99845.0;19.0;0.0;0.0;0.0;0.0;99843.5;679.0
0;20136.0;99850.0;25.0;0.0;0.0;0.0;0.0;99852.0;9.0;99853.0;16.0;0.0;0.0;99851.0;600.5
0;20137.0;99859.0;24.0;0.0;0.0;0.0;0.0;99862.0;24.0;0.0;0.0;0.0;0.0;99860.5;509.875
0;20138.0;99859.0;5.0;99858.0;19.0;0.0;0.0;99861.0;5.0;99862.0;19.0;0.0;0.0;99860.0;514.125
0;20139.0;99857.0;8.0;99856.0;12.0;0.0;0.0;99859.0;8.0;99860.0;12.0;0.0;0.0;99858.0;531.4375
0;20140.0;99856.0;10.0;99855.0;20.0;0.0;0.0;99858.0;10.0;99859.0;20.0;0.0;0.0;99857.0;541.625
0;20141.0;99850.0;8.0;99849.0;13.0;0.0;0.0;99852.0;8.0;99853.0;13.0;0.0;0.0;99851.0;603.0
0;20142.0;99857.0;6.0;99856.0;20.0;0.0;0.0;99859.0;6.0;99860.0;20.0;0.0;0.0;99858.0;533.9375
0;20143.0;99853.0;18.0;0.0;0.0;0.0;0.0;99856.0;18.0;0.0;0.0;0.0;0.0;99854.5;568.25
0;20144.0;99853.0;9.0;99852.0;20.0;0.0;0.0;99855.0;9.0;99856.0;20.0;0.0;0.0;99854.0;571.5
0;20145.0;99848.0;8.0;99847.0;16.0;0.0;0.0;99850.0;8.0;99851.0;16.0;0.0;0.0;99849.0;621.5
0;20146.0;99844.0;9.0;99843.0;14.0;0.0;0.0;99846.0;9.0;99847.0;14.0;0.0;0.0;99845.0;661.0
0;20147.0;99836.0;9.0;99835.0;11.0;0.0;0.0;99838.0;9.0;99839.0;11.0;0.0;0.0;99837.0;741.4375
0;20148.0;99844.0;10.0;99843.0;11.0;0.0;0.0;99846.0;10.0;99847.0;11.0;0.0;0.0;99845.0;662.4375
0;20149.0;99843.0;10.0;99842.0;14.0;0.0;0.0;99845.0;10.0;99846.0;14.0;0.0;0.0;99844.0;672.25
0;20150.0;99849.0;7.0;99848.0;15.0;0.0;0.0;99851.0;7.0;99852.0;15.0;0.0;0.0;99850.0;590.125
0;20151.0;99849.0;2.0;99848.0;13.0;0.0;0.0;99851.0;5.0;99852.0;13.0;0.0;0.0;99850.0;585.375
0;20152.0;99845.0;10.0;99844.0;14.0;0.0;0.0;99847.0;10.0;99848.0;14.0;0.0;0.0;99846.0;655.5
0;20153.0;99843.0;5.0;99842.0;11.0;0.0;0.0;99845.0;5.0;99846.0;11.0;0.0;0.0;99844.0;688.5
0;20154.0;99839.0;19.0;0.0;0.0;0.0;0.0;99841.0;5.0;99842.0;14.0;0.0;0.0;99840.0;745.0
0;20155.0;99839.0;27.0;0.0;0.0;0.0;0.0;99842.0;27.0;0.0;0.0;0.0;0.0;99840.5;744.25
0;20156.0;99837.0;5.0;99836.0;15.0;0.0;0.0;99839.0;5.0;99840.0;15.0;0.0;0.0;99838.0;782.25
0;20157.0;99835.0;8.0;99834.0;18.0;0.0;0.0;99837.0;8.0;99838.0;18.0;0.0;0.0;99836.0;812.5
0;20158.0;99826.0;18.0;0.0;0.0;0.0;0.0;99829.0;18.0;0.0;0.0;0.0;0.0;99827.5;951.375
0;20159.0;99821.0;17.0;0.0;0.0;0.0;0.0;99824.0;17.0;0.0;0.0;0.0;0.0;99822.5;1032.625
0;20160.0;99831.0;25.0;0.0;0.0;0.0;0.0;99834.0;25.0;0.0;0.0;0.0;0.0;99832.5;866.375
0;20161.0;99827.0;21.0;0.0;0.0;0.0;0.0;99830.0;21.0;0.0;0.0;0.0;0.0;99828.5;934.0
0;20162.0;99821.0;8.0;99820.0;15.0;0.0;0.0;99823.0;8.0;99824.0;15.0;0.0;0.0;99822.0;1040.25
0;20163.0;99823.0;6.0;99822.0;10.0;0.0;0.0;99825.0;6.0;99826.0;10.0;0.0;0.0;99824.0;1006.375
0;20164.0;99832.0;5.0;99831.0;16.0;0.0;0.0;99834.0;21.0;0.0;0.0;0.0;0.0;99833.0;865.0
0;20165.0;99822.0;23.0;0.0;0.0;0.0;0.0;99825.0;23.0;0.0;0.0;0.0;0.0;99823.5;1036.625
0;20166.0;99821.0;27.0;0.0;0.0;0.0;0.0;99824.0;27.0;0.0;0.0;0.0;0.0;99822.5;1061.625
0;20167.0;99817.0;26.0;0.0;0.0;0.0;0.0;99820.0;26.0;0.0;0.0;0.0;0.0;99818.5;1137.375
0;20168.0;99806.0;6.0;99805.0;16.0;0.0;0.0;99808.0;6.0;99809.0;16.0;0.0;0.0;99807.0;1347.875
0;20169.0;99811.0;9.0;99810.0;14.0;0.0;0.0;99813.0;9.0;99814.0;14.0;0.0;0.0;99812.0;1260.25
0;20170.0;99810.0;24.0;0.0;0.0;0.0;0.0;99813.0;24.0;0.0;0.0;0.0;0.0;99811.5;1263.25
0;20171.0;99811.0;6.0;99810.0;20.0;0.0;0.0;99813.0;6.0;99814.0;20.0;0.0;0.0;99812.0;1254.75
0;20172.0;99806.0;20.0;0.0;0.0;0.0;0.0;99809.0;20.0;0.0;0.0;0.0;0.0;99807.5;1344.875
0;20173.0;99809.0;10.0;99808.0;10.0;0.0;0.0;99811.0;10.0;99812.0;10.0;0.0;0.0;99810.0;1290.75
0;20174.0;99806.0;9.0;99805.0;11.0;0.0;0.0;99808.0;9.0;99809.0;11.0;0.0;0.0;99807.0;1355.25
0;20175.0;99805.0;7.0;99804.0;13.0;0.0;0.0;99807.0;7.0;99808.0;13.0;0.0;0.0;99806.0;1372.5
0;20176.0;99798.0;8.0;99797.0;11.0;0.0;0.0;99800.0;8.0;99801.0;11.0;0.0;0.0;99799.0;1505.0
0;20177.0;99790.0;25.0;0.0;0.0;0.0;0.0;99793.0;25.0;0.0;0.0;0.0;0.0;99791.5;1650.5
0;20178.0;99798.0;19.0;0.0;0.0;0.0;0.0;99801.0;19.0;0.0;0.0;0.0;0.0;99799.5;1491.125
0;20179.0;99795.0;22.0;0.0;0.0;0.0;0.0;99798.0;22.0;0.0;0.0;0.0;0.0;99796.5;1551.75
0;20180.0;99797.0;18.0;0.0;0.0;0.0;0.0;99800.0;18.0;0.0;0.0;0.0;0.0;99798.5;1516.25
0;20181.0;99797.0;7.0;99796.0;13.0;0.0;0.0;99799.0;7.0;99800.0;13.0;0.0;0.0;99798.0;1521.0
0;20182.0;99794.0;17.0;0.0;0.0;0.0;0.0;99797.0;17.0;0.0;0.0;0.0;0.0;99795.5;1582.25
0;20183.0;99791.0;7.0;99790.0;11.0;0.0;0.0;99793.0;4.0;99794.0;11.0;0.0;0.0;99792.0;1655.5
0;20184.0;99795.0;6.0;99794.0;10.0;0.0;0.0;99797.0;6.0;99798.0;10.0;0.0;0.0;99796.0;1556.75
0;20185.0;99793.0;6.0;99792.0;13.0;0.0;0.0;99795.0;6.0;99796.0;13.0;0.0;0.0;99794.0;1604.25
0;20186.0;99792.0;5.0;99791.0;18.0;0.0;0.0;99794.0;5.0;99795.0;18.0;0.0;0.0;99793.0;1628.25
0;20187.0;99792.0;20.0;0.0;0.0;0.0;0.0;99795.0;20.0;0.0;0.0;0.0;0.0;99793.5;1625.0
0;20188.0;99799.0;22.0;0.0;0.0;0.0;0.0;99802.0;22.0;0.0;0.0;0.0;0.0;99800.5;1440.25
0;20189.0;99804.0;5.0;99803.0;17.0;0.0;0.0;99806.0;5.0;99807.0;17.0;0.0;0.0;99805.0;1333.5
0;20190.0;99806.0;23.0;0.0;0.0;0.0;0.0;99809.0;23.0;0.0;0.0;0.0;0.0;99807.5;1273.5
0;20191.0;99803.0;8.0;99802.0;16.0;0.0;0.0;99805.0;8.0;99806.0;16.0;0.0;0.0;99804.0;1362.25
0;20192.0;99794.0;5.0;99793.0;16.0;0.0;0.0;99796.0;5.0;99797.0;16.0;0.0;0.0;99795.0;1579.75
0;20193.0;99800.0;10.0;99799.0;10.0;0.0;0.0;99802.0;10.0;99803.0;10.0;0.0;0.0;99801.0;1430.75
0;20194.0;99806.0;10.0;99805.0;17.0;0.0;0.0;99808.0;10.0;99809.0;17.0;0.0;0.0;99807.0;1279.0
0;20195.0;99805.0;26.0;0.0;0.0;0.0;0.0;99808.0;26.0;0.0;0.0;0.0;0.0;99806.5;1301.25
0;20196.0;99808.0;16.0;0.0;0.0;0.0;0.0;99811.0;16.0;0.0;0.0;0.0;0.0;99809.5;1216.5
0;20197.0;99813.0;26.0;0.0;0.0;0.0;0.0;99816.0;26.0;0.0;0.0;0.0;0.0;99814.5;1093.75
0;20198.0;99819.0;5.0;99818.0;16.0;0.0;0.0;99821.0;5.0;99822.0;16.0;0.0;0.0;99820.0;952.0
0;20199.0;99824.0;25.0;0.0;0.0;0.0;0.0;99827.0;25.0;0.0;0.0;0.0;0.0;99825.5;790.0
0;20200.0;99821.0;25.0;0.0;0.0;0.0;0.0;99824.0;25.0;0.0;0.0;0.0;0.0;99822.5;870.5
0;20201.0;99831.0;5.0;99830.0;14.0;0.0;0.0;99833.0;5.0;99834.0;14.0;0.0;0.0;99832.0;604.0
0;20202.0;99823.0;20.0;0.0;0.0;0.0;0.0;99826.0;20.0;0.0;0.0;0.0;0.0;99824.5;823.75
0;20203.0;99829.0;5.0;99828.0;14.0;0.0;0.0;99831.0;5.0;99832.0;14.0;0.0;0.0;99830.0;672.0
0;20204.0;99832.0;10.0;99831.0;15.0;0.0;0.0;99834.0;10.0;99835.0;15.0;0.0;0.0;99833.0;585.5
0;20205.0;99837.0;21.0;0.0;0.0;0.0;0.0;99840.0;21.0;0.0;0.0;0.0;0.0;99838.5;423.0
0;20206.0;99849.0;9.0;99848.0;11.0;0.0;0.0;99851.0;9.0;99852.0;11.0;0.0;0.0;99850.0;68.75
0;20207.0;99858.0;23.0;0.0;0.0;0.0;0.0;99861.0;23.0;0.0;0.0;0.0;0.0;99859.5;-211.0
0;20208.0;99851.0;22.0;0.0;0.0;0.0;0.0;99854.0;22.0;0.0;0.0;0.0;0.0;99852.5;5.25
0;20209.0;99840.0;26.0;0.0;0.0;0.0;0.0;99843.0;26.0;0.0;0.0;0.0;0.0;99841.5;324.0
0;20210.0;99846.0;6.0;99845.0;11.0;0.0;0.0;99848.0;6.0;99849.0;11.0;0.0;0.0;99847.0;170.25
0;20211.0;99839.0;28.0;0.0;0.0;0.0;0.0;99842.0;28.0;0.0;0.0;0.0;0.0;99840.5;362.0
0;20212.0;99839.0;16.0;0.0;0.0;0.0;0.0;99842.0;16.0;0.0;0.0;0.0;0.0;99840.5;364.5
0;20213.0;99844.0;27.0;0.0;0.0;0.0;0.0;99847.0;27.0;0.0;0.0;0.0;0.0;99845.5;206.5
0;20214.0;99834.0;8.0;99833.0;14.0;0.0;0.0;99836.0;8.0;99837.0;14.0;0.0;0.0;99835.0;516.75
0;20215.0;99821.0;8.0;99820.0;15.0;0.0;0.0;99823.0;8.0;99824.0;15.0;0.0;0.0;99822.0;915.25
0;20216.0;99822.0;21.0;0.0;0.0;0.0;0.0;99825.0;21.0;0.0;0.0;0.0;0.0;99823.5;866.5
0;20217.0;99824.0;2.0;99823.0;10.0;99822.0;16.0;99825.0;10.0;99826.0;16.0;0.0;0.0;99824.5;858.5
0;20218.0;99821.0;29.0;0.0;0.0;0.0;0.0;99824.0;29.0;0.0;0.0;0.0;0.0;99822.5;904.75
0;20219.0;99821.0;20.0;0.0;0.0;0.0;0.0;99824.0;20.0;0.0;0.0;0.0;0.0;99822.5;897.75
0;20220.0;99816.0;6.0;99815.0;16.0;0.0;0.0;99818.0;6.0;99819.0;16.0;0.0;0.0;99817.0;1060.5
0;20221.0;99806.0;25.0;0.0;0.0;0.0;0.0;99809.0;25.0;0.0;0.0;0.0;0.0;99807.5;1346.25
0;20222.0;99805.0;15.0;0.0;0.0;0.0;0.0;99808.0;15.0;0.0;0.0;0.0;0.0;99806.5;1377.75
0;20223.0;99799.0;18.0;0.0;0.0;0.0;0.0;99802.0;18.0;0.0;0.0;0.0;0.0;99800.5;1561.25
0;20224.0;99789.0;10.0;99788.0;11.0;0.0;0.0;99791.0;10.0;99792.0;11.0;0.0;0.0;99790.0;1871.75
0;20225.0;99792.0;20.0;0.0;0.0;0.0;0.0;99794.0;9.0;99795.0;11.0;0.0;0.0;99793.0;1776.5
0;20226.0;99792.0;10.0;99791.0;12.0;0.0;0.0;99794.0;10.0;99795.0;12.0;0.0;0.0;99793.0;1788.5
0;20227.0;99794.0;22.0;0.0;0.0;0.0;0.0;99797.0;22.0;0.0;0.0;0.0;0.0;99795.5;1712.0
0;20228.0;99788.0;8.0;99787.0;11.0;0.0;0.0;99790.0;8.0;99791.0;11.0;0.0;0.0;99789.0;1898.75
0;20229.0;99784.0;5.0;99783.0;10.0;0.0;0.0;99786.0;5.0;99787.0;10.0;0.0;0.0;99785.0;2032.0
0;20230.0;99777.0;20.0;0.0;0.0;0.0;0.0;99780.0;20.0;0.0;0.0;0.0;0.0;99778.5;2239.5
0;20231.0;99772.0;8.0;99771.0;20.0;0.0;0.0;99774.0;8.0;99775.0;20.0;0.0;0.0;99773.0;2423.5
0;20232.0;99773.0;17.0;0.0;0.0;0.0;0.0;99776.0;17.0;0.0;0.0;0.0;0.0;99774.5;2381.0
0;20233.0;99768.0;23.0;0.0;0.0;0.0;0.0;99771.0;23.0;0.0;0.0;0.0;0.0;99769.5;2559.25
0;20234.0;99770.0;15.0;0.0;0.0;0.0;0.0;99773.0;15.0;0.0;0.0;0.0;0.0;99771.5;2476.75
0;20235.0;99773.0;5.0;99772.0;18.0;0.0;0.0;99775.0;5.0;99776.0;18.0;0.0;0.0;99774.0;2398.25
0;20236.0;99785.0;19.0;0.0;0.0;0.0;0.0;99788.0;19.0;0.0;0.0;0.0;0.0;99786.5;1927.25
0;20237.0;99777.0;6.0;99776.0;19.0;0.0;0.0;99779.0;6.0;99780.0;19.0;0.0;0.0;99778.0;2251.75
0;20238.0;99782.0;21.0;0.0;0.0;0.0;0.0;99785.0;21.0;0.0;0.0;0.0;0.0;99783.5;2045.5
0;20239.0;99782.0;9.0;99781.0;20.0;0.0;0.0;99784.0;10.0;99785.0;20.0;0.0;0.0;99783.0;2066.0
0;20240.0;99781.0;21.0;0.0;0.0;0.0;0.0;99784.0;21.0;0.0;0.0;0.0;0.0;99782.5;2069.5
0;20241.0;99772.0;19.0;0.0;0.0;0.0;0.0;99775.0;19.0;0.0;0.0;0.0;0.0;99773.5;2416.25
0;20242.0;99769.0;25.0;0.0;0.0;0.0;0.0;99772.0;25.0;0.0;0.0;0.0;0.0;99770.5;2527.75
0;20243.0;99774.0;28.0;0.0;0.0;0.0;0.0;99777.0;28.0;0.0;0.0;0.0;0.0;99775.5;2345.75
0;20244.0;99774.0;9.0;99773.0;10.0;0.0;0.0;99776.0;9.0;99777.0;10.0;0.0;0.0;99775.0;2366.5
0;20245.0;99774.0;18.0;0.0;0.0;0.0;0.0;99777.0;18.0;0.0;0.0;0.0;0.0;99775.5;2346.75
0;20246.0;99772.0;22.0;0.0;0.0;0.0;0.0;99775.0;22.0;0.0;0.0;0.0;0.0;99773.5;2418.25
0;20247.0;99779.0;24.0;0.0;0.0;0.0;0.0;99782.0;24.0;0.0;0.0;0.0;0.0;99780.5;2136.0
0;20248.0;99779.0;22.0;0.0;0.0;0.0;0.0;99782.0;22.0;0.0;0.0;0.0;0.0;99780.5;2141.25
0;20249.0;99765.0;29.0;0.0;0.0;0.0;0.0;99768.0;29.0;0.0;0.0;0.0;0.0;99766.5;2681.0
0;20250.0;99761.0;28.0;0.0;0.0;0.0;0.0;99764.0;28.0;0.0;0.0;0.0;0.0;99762.5;2851.0
0;20251.0;99749.0;10.0;99748.0;16.0;0.0;0.0;99751.0;10.0;99752.0;16.0;0.0;0.0;99750.0;3334.0
0;20252.0;99728.0;22.0;0.0;0.0;0.0;0.0;99731.0;22.0;0.0;0.0;0.0;0.0;99729.5;4131.0
0;20253.0;99725.0;5.0;99724.0;20.0;0.0;0.0;99727.0;5.0;99728.0;20.0;0.0;0.0;99726.0;4261.0
0;20254.0;99733.0;18.0;0.0;0.0;0.0;0.0;99736.0;18.0;0.0;0.0;0.0;0.0;99734.5;3934.75
0;20255.0;99734.0;7.0;99733.0;13.0;0.0;0.0;99736.0;7.0;99737.0;13.0;0.0;0.0;99735.0;3923.5
0;20256.0;99726.0;26.0;0.0;0.0;0.0;0.0;99729.0;26.0;0.0;0.0;0.0;0.0;99727.5;4211.0
0;20257.0;99720.0;23.0;0.0;0.0;0.0;0.0;99723.0;23.0;0.0;0.0;0.0;0.0;99721.5;4441.75
0;20258.0;99727.0;20.0;0.0;0.0;0.0;0.0;99730.0;20.0;0.0;0.0;0.0;0.0;99728.5;4165.0
0;20259.0;99728.0;17.0;0.0;0.0;0.0;0.0;99731.0;17.0;0.0;0.0;0.0;0.0;99729.5;4126.75
0;20260.0;99729.0;8.0;99728.0;12.0;0.0;0.0;99731.0;8.0;99732.0;12.0;0.0;0.0;99730.0;4115.5
0;20261.0;99728.0;27.0;0.0;0.0;0.0;0.0;99731.0;27.0;0.0;0.0;0.0;0.0;99729.5;4128.75
0;20262.0;99729.0;8.0;99728.0;14.0;0.0;0.0;99731.0;8.0;99732.0;14.0;0.0;0.0;99730.0;4119.75
0;20263.0;99734.0;8.0;99733.0;10.0;0.0;0.0;99736.0;8.0;99737.0;10.0;0.0;0.0;99735.0;3923.0
0;20264.0;99737.0;21.0;0.0;0.0;0.0;0.0;99740.0;21.0;0.0;0.0;0.0;0.0;99738.5;3787.5
0;20265.0;99738.0;18.0;0.0;0.0;0.0;0.0;99741.0;18.0;0.0;0.0;0.0;0.0;99739.5;3735.25
0;20266.0;99732.0;5.0;99731.0;16.0;0.0;0.0;99734.0;5.0;99735.0;16.0;0.0;0.0;99733.0;3991.0
0;20267.0;99735.0;28.0;0.0;0.0;0.0;0.0;99738.0;28.0;0.0;0.0;0.0;0.0;99736.5;3866.25
0;20268.0;99731.0;7.0;99730.0;15.0;0.0;0.0;99733.0;7.0;99734.0;15.0;0.0;0.0;99732.0;4034.0
0;20269.0;99738.0;7.0;99737.0;20.0;0.0;0.0;99740.0;7.0;99741.0;20.0;0.0;0.0;99739.0;3766.25
0;20270.0;99731.0;1.0;99730.0;7.0;99729.0;11.0;99732.0;7.0;99733.0;11.0;0.0;0.0;99731.5;4078.25
0;20271.0;99729.0;8.0;99728.0;15.0;0.0;0.0;99731.0;8.0;99732.0;15.0;0.0;0.0;99730.0;4112.0
0;20272.0;99729.0;9.0;99728.0;10.0;0.0;0.0;99731.0;9.0;99732.0;10.0;0.0;0.0;99730.0;4114.25
0;20273.0;99720.0;17.0;0.0;0.0;0.0;0.0;99723.0;17.0;0.0;0.0;0.0;0.0;99721.5;4439.25
0;20274.0;99731.0;24.0;0.0;0.0;0.0;0.0;99734.0;24.0;0.0;0.0;0.0;0.0;99732.5;4017.75
0;20275.0;99740.0;28.0;0.0;0.0;0.0;0.0;99743.0;28.0;0.0;0.0;0.0;0.0;99741.5;3660.25
0;20276.0;99737.0;29.0;0.0;0.0;0.0;0.0;99740.0;29.0;0.0;0.0;0.0;0.0;99738.5;3774.0
0;20277.0;99742.0;20.0;0.0;0.0;0.0;0.0;99745.0;20.0;0.0;0.0;0.0;0.0;99743.5;3585.25
0;20278.0;99745.0;6.0;99744.0;11.0;0.0;0.0;99747.0;6.0;99748.0;11.0;0.0;0.0;99746.0;3492.75
0;20279.0;99728.0;19.0;0.0;0.0;0.0;0.0;99731.0;19.0;0.0;0.0;0.0;0.0;99729.5;4133.5
0;20280.0;99730.0;5.0;99729.0;18.0;0.0;0.0;99732.0;5.0;99733.0;18.0;0.0;0.0;99731.0;4072.5
0;20281.0;99729.0;24.0;0.0;0.0;0.0;0.0;99732.0;24.0;0.0;0.0;0.0;0.0;99730.5;4087.75
0;20282.0;99730.0;10.0;99729.0;10.0;0.0;0.0;99732.0;10.0;99733.0;10.0;0.0;0.0;99731.0;4067.5
0;20283.0;99723.0;18.0;0.0;0.0;0.0;0.0;99726.0;18.0;0.0;0.0;0.0;0.0;99724.5;4331.75
0;20284.0;99721.0;27.0;0.0;0.0;0.0;0.0;99724.0;27.0;0.0;0.0;0.0;0.0;99722.5;4398.25
0;20285.0;99720.0;20.0;0.0;0.0;0.0;0.0;99723.0;20.0;0.0;0.0;0.0;0.0;99721.5;4440.75
0;20286.0;99728.0;6.0;99727.0;17.0;0.0;0.0;99730.0;6.0;99731.0;17.0;0.0;0.0;99729.0;4127.25
0;20287.0;99730.0;8.0;99729.0;16.0;0.0;0.0;99732.0;8.0;99733.0;16.0;0.0;0.0;99731.0;4033.0
0;20288.0;99730.0;8.0;99729.0;11.0;0.0;0.0;99732.0;8.0;99733.0;11.0;0.0;0.0;99731.0;4035.0
0;20289.0;99739.0;26.0;0.0;0.0;0.0;0.0;99742.0;26.0;0.0;0.0;0.0;0.0;99740.5;3613.0
0;20290.0;99736.0;10.0;99735.0;14.0;0.0;0.0;99738.0;10.0;99739.0;14.0;0.0;0.0;99737.0;3767.0
0;20291.0;99733.0;23.0;0.0;0.0;0.0;0.0;99736.0;23.0;0.0;0.0;0.0;0.0;99734.5;3874.5
0;20292.0;99722.0;19.0;0.0;0.0;0.0;0.0;99725.0;19.0;0.0;0.0;0.0;0.0;99723.5;4377.5
0;20293.0;99732.0;5.0;99731.0;18.0;0.0;0.0;99734.0;5.0;99735.0;18.0;0.0;0.0;99733.0;3944.0
0;20294.0;99738.0;6.0;99737.0;19.0;0.0;0.0;99740.0;6.0;99741.0;19.0;0.0;0.0;99739.0;3678.0
0;20295.0;99744.0;10.0;99743.0;11.0;0.0;0.0;99746.0;10.0;99747.0;11.0;0.0;0.0;99745.0;3425.0
0;20296.0;99748.0;7.0;99747.0;20.0;0.0;0.0;99750.0;7.0;99751.0;20.0;0.0;0.0;99749.0;3240.0
0;20297.0;99749.0;9.0;99748.0;18.0;0.0;0.0;99751.0;9.0;99752.0;18.0;0.0;0.0;99750.0;3210.0
0;20298.0;99750.0;6.0;99749.0;18.0;0.0;0.0;99752.0;6.0;99753.0;18.0;0.0;0.0;99751.0;3151.0
0;20299.0;99748.0;27.0;0.0;0.0;0.0;0.0;99751.0;27.0;0.0;0.0;0.0;0.0;99749.5;3221.0
0;20300.0;99747.0;22.0;0.0;0.0;0.0;0.0;99750.0;22.0;0.0;0.0;0.0;0.0;99748.5;3277.5
0;20301.0;99747.0;27.0;0.0;0.0;0.0;0.0;99750.0;27.0;0.0;0.0;0.0;0.0;99748.5;3265.5
0;20302.0;99757.0;10.0;99756.0;19.0;0.0;0.0;99759.0;10.0;99760.0;19.0;0.0;0.0;99758.0;2829.0
0;20303.0;99760.0;25.0;0.0;0.0;0.0;0.0;99763.0;25.0;0.0;0.0;0.0;0.0;99761.5;2668.5
0;20304.0;99760.0;7.0;99759.0;12.0;0.0;0.0;99762.0;7.0;99763.0;12.0;0.0;0.0;99761.0;2686.0
0;20305.0;99756.0;27.0;0.0;0.0;0.0;0.0;99759.0;27.0;0.0;0.0;0.0;0.0;99757.5;2854.0
0;20306.0;99752.0;21.0;0.0;0.0;0.0;0.0;99755.0;21.0;0.0;0.0;0.0;0.0;99753.5;3038.0
0;20307.0;99762.0;17.0;0.0;0.0;0.0;0.0;99765.0;17.0;0.0;0.0;0.0;0.0;99763.5;2575.0
0;20308.0;99766.0;8.0;99765.0;12.0;0.0;0.0;99768.0;8.0;99769.0;12.0;0.0;0.0;99767.0;2429.0
0;20309.0;99766.0;10.0;99765.0;17.0;0.0;0.0;99768.0;10.0;99769.0;17.0;0.0;0.0;99767.0;2409.5
0;20310.0;99764.0;7.0;99763.0;18.0;0.0;0.0;99766.0;7.0;99767.0;18.0;0.0;0.0;99765.0;2510.0
0;20311.0;99757.0;9.0;99756.0;10.0;0.0;0.0;99759.0;9.0;99760.0;10.0;0.0;0.0;99758.0;2831.0
0;20312.0;99756.0;17.0;0.0;0.0;0.0;0.0;99759.0;17.0;0.0;0.0;0.0;0.0;99757.5;2851.0
0;20313.0;99762.0;8.0;99761.0;13.0;0.0;0.0;99764.0;8.0;99765.0;13.0;0.0;0.0;99763.0;2598.5
0;20314.0;99759.0;22.0;0.0;0.0;0.0;0.0;99762.0;22.0;0.0;0.0;0.0;0.0;99760.5;2712.5
0;20315.0;99758.0;7.0;99757.0;12.0;0.0;0.0;99760.0;7.0;99761.0;12.0;0.0;0.0;99759.0;2778.5
0;20316.0;99757.0;7.0;99756.0;11.0;0.0;0.0;99759.0;7.0;99760.0;11.0;0.0;0.0;99758.0;2843.0
0;20317.0;99757.0;26.0;0.0;0.0;0.0;0.0;99760.0;26.0;0.0;0.0;0.0;0.0;99758.5;2811.5
0;20318.0;99747.0;27.0;0.0;0.0;0.0;0.0;99750.0;27.0;0.0;0.0;0.0;0.0;99748.5;3272.5
0;20319.0;99746.0;10.0;99745.0;10.0;0.0;0.0;99748.0;10.0;99749.0;10.0;0.0;0.0;99747.0;3340.5
0;20320.0;99740.0;25.0;0.0;0.0;0.0;0.0;99743.0;25.0;0.0;0.0;0.0;0.0;99741.5;3588.5
0;20321.0;99746.0;5.0;99745.0;20.0;0.0;0.0;99748.0;5.0;99749.0;20.0;0.0;0.0;99747.0;3333.0
0;20322.0;99741.0;22.0;0.0;0.0;0.0;0.0;99744.0;22.0;0.0;0.0;0.0;0.0;99742.5;3556.0
0;20323.0;99745.0;6.0;99744.0;11.0;0.0;0.0;99747.0;6.0;99748.0;11.0;0.0;0.0;99746.0;3389.5
0;20324.0;99754.0;27.0;0.0;0.0;0.0;0.0;99757.0;27.0;0.0;0.0;0.0;0.0;99755.5;2949.5
0;20325.0;99752.0;22.0;0.0;0.0;0.0;0.0;99755.0;22.0;0.0;0.0;0.0;0.0;99753.5;3040.5
0;20326.0;99748.0;25.0;0.0;0.0;0.0;0.0;99751.0;25.0;0.0;0.0;0.0;0.0;99749.5;3214.5
0;20327.0;99750.0;7.0;99749.0;14.0;0.0;0.0;99752.0;7.0;99753.0;14.0;0.0;0.0;99751.0;3159.5
0;20328.0;99750.0;6.0;99749.0;12.0;0.0;0.0;99752.0;6.0;99753.0;12.0;0.0;0.0;99751.0;3160.5
0;20329.0;99743.0;29.0;0.0;0.0;0.0;0.0;99746.0;29.0;0.0;0.0;0.0;0.0;99744.5;3448.0
0;20330.0;99746.0;27.0;0.0;0.0;0.0;0.0;99749.0;27.0;0.0;0.0;0.0;0.0;99747.5;3315.5
0;20331.0;99759.0;10.0;99758.0;16.0;0.0;0.0;99761.0;10.0;99762.0;16.0;0.0;0.0;99760.0;2733.0
0;20332.0;99757.0;25.0;0.0;0.0;0.0;0.0;99760.0;25.0;0.0;0.0;0.0;0.0;99758.5;2808.0
0;20333.0;99756.0;27.0;0.0;0.0;0.0;0.0;99759.0;27.0;0.0;0.0;0.0;0.0;99757.5;2867.0
0;20334.0;99749.0;19.0;0.0;0.0;0.0;0.0;99752.0;19.0;0.0;0.0;0.0;0.0;99750.5;3169.5
0;20335.0;99751.0;29.0;0.0;0.0;0.0;0.0;99754.0;29.0;0.0;0.0;0.0;0.0;99752.5;3077.5
0;20336.0;99744.0;5.0;99743.0;17.0;0.0;0.0;99746.0;5.0;99747.0;17.0;0.0;0.0;99745.0;3438.5
0;20337.0;99737.0;10.0;99736.0;18.0;0.0;0.0;99739.0;10.0;99740.0;18.0;0.0;0.0;99738.0;3759.0
0;20338.0;99745.0;7.0;99744.0;13.0;0.0;0.0;99747.0;7.0;99748.0;13.0;0.0;0.0;99746.0;3389.5
0;20339.0;99739.0;9.0;99738.0;13.0;0.0;0.0;99741.0;9.0;99742.0;13.0;0.0;0.0;99740.0;3651.5
0;20340.0;99746.0;6.0;99745.0;13.0;0.0;0.0;99748.0;6.0;99749.0;13.0;0.0;0.0;99747.0;3339.5
0;20341.0;99755.0;22.0;0.0;0.0;0.0;0.0;99758.0;22.0;0.0;0.0;0.0;0.0;99756.5;2899.0
0;20342.0;99757.0;5.0;99756.0;12.0;0.0;0.0;99759.0;5.0;99760.0;12.0;0.0;0.0;99758.0;2824.5
0;20343.0;99760.0;22.0;0.0;0.0;0.0;0.0;99763.0;22.0;0.0;0.0;0.0;0.0;99761.5;2665.0
0;20344.0;99773.0;6.0;99772.0;11.0;0.0;0.0;99775.0;6.0;99776.0;11.0;0.0;0.0;99774.0;2101.0
0;20345.0;99771.0;22.0;0.0;0.0;0.0;0.0;99774.0;22.0;0.0;0.0;0.0;0.0;99772.5;2158.0
0;20346.0;99768.0;9.0;99767.0;12.0;0.0;0.0;99770.0;9.0;99771.0;12.0;0.0;0.0;99769.0;2330.0
0;20347.0;99759.0;16.0;0.0;0.0;0.0;0.0;99762.0;16.0;0.0;0.0;0.0;0.0;99760.5;2721.5
0;20348.0;99759.0;26.0;0.0;0.0;0.0;0.0;99762.0;26.0;0.0;0.0;0.0;0.0;99760.5;2710.0
0;20349.0;99769.0;5.0;99768.0;18.0;0.0;0.0;99771.0;5.0;99772.0;18.0;0.0;0.0;99770.0;2282.5
0;20350.0;99775.0;8.0;99774.0;19.0;0.0;0.0;99777.0;8.0;99778.0;19.0;0.0;0.0;99776.0;2005.5
0;20351.0;99769.0;5.0;99768.0;17.0;0.0;0.0;99771.0;5.0;99772.0;17.0;0.0;0.0;99770.0;2278.5
0;20352.0;99763.0;16.0;0.0;0.0;0.0;0.0;99766.0;16.0;0.0;0.0;0.0;0.0;99764.5;2526.0
0;20353.0;99760.0;23.0;0.0;0.0;0.0;0.0;99763.0;23.0;0.0;0.0;0.0;0.0;99761.5;2672.5
0;20354.0;99762.0;18.0;0.0;0.0;0.0;0.0;99765.0;18.0;0.0;0.0;0.0;0.0;99763.5;2588.0
0;20355.0;99761.0;5.0;99760.0;17.0;0.0;0.0;99763.0;5.0;99764.0;17.0;0.0;0.0;99762.0;2648.0
0;20356.0;99762.0;27.0;0.0;0.0;0.0;0.0;99765.0;27.0;0.0;0.0;0.0;0.0;99763.5;2586.5
0;20357.0;99764.0;10.0;99763.0;11.0;0.0;0.0;99766.0;10.0;99767.0;11.0;0.0;0.0;99765.0;2500.0
0;20358.0;99762.0;18.0;0.0;0.0;0.0;0.0;99765.0;18.0;0.0;0.0;0.0;0.0;99763.5;2592.5
0;20359.0;99762.0;9.0;99761.0;19.0;0.0;0.0;99764.0;9.0;99765.0;19.0;0.0;0.0;99763.0;2605.5
0;20360.0;99763.0;27.0;0.0;0.0;0.0;0.0;99766.0;27.0;0.0;0.0;0.0;0.0;99764.5;2542.0
0;20361.0;99763.0;9.0;99762.0;17.0;0.0;0.0;99765.0;9.0;99766.0;17.0;0.0;0.0;99764.0;2568.5
0;20362.0;99766.0;8.0;99765.0;14.0;0.0;0.0;99768.0;8.0;99769.0;14.0;0.0;0.0;99767.0;2413.5
0;20363.0;99778.0;10.0;99777.0;17.0;0.0;0.0;99780.0;10.0;99781.0;17.0;0.0;0.0;99779.0;1838.0
0;20364.0;99781.0;21.0;0.0;0.0;0.0;0.0;99784.0;21.0;0.0;0.0;0.0;0.0;99782.5;1656.0
0;20365.0;99782.0;6.0;99781.0;15.0;0.0;0.0;99784.0;6.0;99785.0;15.0;0.0;0.0;99783.0;1639.0
0;20366.0;99771.0;10.0;99770.0;14.0;0.0;0.0;99773.0;10.0;99774.0;14.0;0.0;0.0;99772.0;2159.0
0;20367.0;99773.0;20.0;0.0;0.0;0.0;0.0;99776.0;20.0;0.0;0.0;0.0;0.0;99774.5;2040.0
0;20368.0;99761.0;23.0;0.0;0.0;0.0;0.0;99764.0;23.0;0.0;0.0;0.0;0.0;99762.5;2640.0
0;20369.0;99752.0;26.0;0.0;0.0;0.0;0.0;99755.0;26.0;0.0;0.0;0.0;0.0;99753.5;3074.0
0;20370.0;99758.0;8.0;99757.0;12.0;0.0;0.0;99760.0;8.0;99761.0;12.0;0.0;0.0;99759.0;2811.5
0;20371.0;99762.0;19.0;0.0;0.0;0.0;0.0;99765.0;19.0;0.0;0.0;0.0;0.0;99763.5;2594.5
0;20372.0;99761.0;21.0;0.0;0.0;0.0;0.0;99764.0;21.0;0.0;0.0;0.0;0.0;99762.5;2640.5
0;20373.0;99750.0;15.0;0.0;0.0;0.0;0.0;99753.0;15.0;0.0;0.0;0.0;0.0;99751.5;3196.0
0;20374.0;99748.0;17.0;0.0;0.0;0.0;0.0;99751.0;17.0;0.0;0.0;0.0;0.0;99749.5;3318.0
0;20375.0;99744.0;7.0;99743.0;14.0;0.0;0.0;99746.0;7.0;99747.0;14.0;0.0;0.0;99745.0;3540.0
0;20376.0;99748.0;7.0;99747.0;12.0;0.0;0.0;99750.0;7.0;99751.0;12.0;0.0;0.0;99749.0;3327.5
0;20377.0;99762.0;5.0;99761.0;19.0;0.0;0.0;99764.0;5.0;99765.0;19.0;0.0;0.0;99763.0;2576.0
0;20378.0;99763.0;29.0;0.0;0.0;0.0;0.0;99766.0;29.0;0.0;0.0;0.0;0.0;99764.5;2504.0
0;20379.0;99758.0;25.0;0.0;0.0;0.0;0.0;99761.0;25.0;0.0;0.0;0.0;0.0;99759.5;2774.0
0;20380.0;99751.0;16.0;0.0;0.0;0.0;0.0;99754.0;16.0;0.0;0.0;0.0;0.0;99752.5;3186.5
0;20381.0;99751.0;8.0;99750.0;15.0;0.0;0.0;99753.0;8.0;99754.0;15.0;0.0;0.0;99752.0;3206.5
0;20382.0;99750.0;9.0;99749.0;20.0;0.0;0.0;99752.0;9.0;99753.0;20.0;0.0;0.0;99751.0;3269.0
0;20383.0;99742.0;26.0;0.0;0.0;0.0;0.0;99745.0;26.0;0.0;0.0;0.0;0.0;99743.5;3675.0
0;20384.0;99743.0;26.0;0.0;0.0;0.0;0.0;99746.0;26.0;0.0;0.0;0.0;0.0;99744.5;3634.5
0;20385.0;99736.0;7.0;99735.0;10.0;0.0;0.0;99738.0;7.0;99739.0;10.0;0.0;0.0;99737.0;4049.0
0;20386.0;99743.0;8.0;99742.0;17.0;0.0;0.0;99745.0;8.0;99746.0;17.0;0.0;0.0;99744.0;3651.0
0;20387.0;99749.0;22.0;0.0;0.0;0.0;0.0;99752.0;22.0;0.0;0.0;0.0;0.0;99750.5;3271.0
0;20388.0;99756.0;29.0;0.0;0.0;0.0;0.0;99759.0;29.0;0.0;0.0;0.0;0.0;99757.5;2883.0
0;20389.0;99753.0;23.0;0.0;0.0;0.0;0.0;99756.0;23.0;0.0;0.0;0.0;0.0;99754.5;3053.0
0;20390.0;99756.0;27.0;0.0;0.0;0.0;0.0;99759.0;27.0;0.0;0.0;0.0;0.0;99757.5;2869.5
0;20391.0;99756.0;9.0;99755.0;10.0;0.0;0.0;99758.0;9.0;99759.0;10.0;0.0;0.0;99757.0;2917.0
0;20392.0;99753.0;26.0;0.0;0.0;0.0;0.0;99756.0;26.0;0.0;0.0;0.0;0.0;99754.5;3057.0
0;20393.0;99751.0;27.0;0.0;0.0;0.0;0.0;99754.0;27.0;0.0;0.0;0.0;0.0;99752.5;3179.0
0;20394.0;99743.0;9.0;99742.0;13.0;0.0;0.0;99745.0;9.0;99746.0;13.0;0.0;0.0;99744.0;3645.0
0;20395.0;99734.0;9.0;99733.0;16.0;0.0;0.0;99736.0;9.0;99737.0;16.0;0.0;0.0;99735.0;4162.0
0;20396.0;99739.0;6.0;99738.0;11.0;0.0;0.0;99741.0;6.0;99742.0;11.0;0.0;0.0;99740.0;3878.5
0;20397.0;99738.0;10.0;99737.0;11.0;0.0;0.0;99740.0;10.0;99741.0;11.0;0.0;0.0;99739.0;3947.0
0;20398.0;99739.0;5.0;99738.0;10.0;0.0;0.0;99741.0;5.0;99742.0;10.0;0.0;0.0;99740.0;3869.5
0;20399.0;99745.0;18.0;0.0;0.0;0.0;0.0;99748.0;18.0;0.0;0.0;0.0;0.0;99746.5;3493.0
0;20400.0;99734.0;28.0;0.0;0.0;0.0;0.0;99737.0;28.0;0.0;0.0;0.0;0.0;99735.5;4146.5
0;20401.0;99729.0;22.0;0.0;0.0;0.0;0.0;99732.0;22.0;0.0;0.0;0.0;0.0;99730.5;4442.5
0;20402.0;99730.0;24.0;0.0;0.0;0.0;0.0;99733.0;24.0;0.0;0.0;0.0;0.0;99731.5;4377.5
0;20403.0;99733.0;7.0;99732.0;14.0;0.0;0.0;99735.0;7.0;99736.0;14.0;0.0;0.0;99734.0;4229.5
0;20404.0;99731.0;7.0;99730.0;16.0;0.0;0.0;99733.0;7.0;99734.0;16.0;0.0;0.0;99732.0;4372.5
0;20405.0;99737.0;8.0;99736.0;15.0;0.0;0.0;99739.0;8.0;99740.0;15.0;0.0;0.0;99738.0;3985.0
0;20406.0;99738.0;23.0;0.0;0.0;0.0;0.0;99741.0;23.0;0.0;0.0;0.0;0.0;99739.5;3906.0
0;20407.0;99731.0;9.0;99730.0;19.0;0.0;0.0;99733.0;9.0;99734.0;19.0;0.0;0.0;99732.0;4364.0
0;20408.0;99725.0;10.0;99724.0;19.0;0.0;0.0;99727.0;9.0;99728.0;19.0;0.0;0.0;99726.0;4716.0
0;20409.0;99730.0;8.0;99729.0;15.0;0.0;0.0;99732.0;10.0;99733.0;15.0;0.0;0.0;99731.0;4406.0
0;20410.0;99733.0;10.0;99732.0;13.0;0.0;0.0;99735.0;10.0;99736.0;13.0;0.0;0.0;99734.0;4223.0
0;20411.0;99721.0;8.0;99720.0;18.0;0.0;0.0;99723.0;8.0;99724.0;18.0;0.0;0.0;99722.0;4975.0
0;20412.0;99729.0;28.0;0.0;0.0;0.0;0.0;99732.0;28.0;0.0;0.0;0.0;0.0;99730.5;4442.0
0;20413.0;99733.0;22.0;0.0;0.0;0.0;0.0;99736.0;22.0;0.0;0.0;0.0;0.0;99734.5;4206.0
0;20414.0;99741.0;21.0;0.0;0.0;0.0;0.0;99744.0;21.0;0.0;0.0;0.0;0.0;99742.5;3674.5
0;20415.0;99739.0;22.0;0.0;0.0;0.0;0.0;99742.0;22.0;0.0;0.0;0.0;0.0;99740.5;3831.0
0;20416.0;99737.0;21.0;0.0;0.0;0.0;0.0;99740.0;21.0;0.0;0.0;0.0;0.0;99738.5;3950.5
0;20417.0;99730.0;21.0;0.0;0.0;0.0;0.0;99733.0;21.0;0.0;0.0;0.0;0.0;99731.5;4403.5
0;20418.0;99746.0;25.0;0.0;0.0;0.0;0.0;99749.0;25.0;0.0;0.0;0.0;0.0;99747.5;3384.0
0;20419.0;99745.0;6.0;99744.0;15.0;0.0;0.0;99747.0;6.0;99748.0;15.0;0.0;0.0;99746.0;3455.0
0;20420.0;99755.0;7.0;99754.0;14.0;0.0;0.0;99757.0;7.0;99758.0;14.0;0.0;0.0;99756.0;2817.5
0;20421.0;99751.0;6.0;99750.0;12.0;0.0;0.0;99753.0;6.0;99754.0;12.0;0.0;0.0;99752.0;3078.0
0;20422.0;99752.0;8.0;99751.0;14.0;0.0;0.0;99754.0;8.0;99755.0;14.0;0.0;0.0;99753.0;3013.0
0;20423.0;99741.0;20.0;0.0;0.0;0.0;0.0;99744.0;20.0;0.0;0.0;0.0;0.0;99742.5;3685.5
0;20424.0;99739.0;10.0;99738.0;19.0;0.0;0.0;99741.0;10.0;99742.0;19.0;0.0;0.0;99740.0;3840.0
0;20425.0;99745.0;20.0;0.0;0.0;0.0;0.0;99748.0;20.0;0.0;0.0;0.0;0.0;99746.5;3445.0
0;20426.0;99737.0;16.0;0.0;0.0;0.0;0.0;99740.0;16.0;0.0;0.0;0.0;0.0;99738.5;3949.0
0;20427.0;99744.0;7.0;99743.0;12.0;0.0;0.0;99746.0;7.0;99747.0;12.0;0.0;0.0;99745.0;3518.0
0;20428.0;99746.0;16.0;0.0;0.0;0.0;0.0;99749.0;16.0;0.0;0.0;0.0;0.0;99747.5;3383.0
0;20429.0;99739.0;23.0;0.0;0.0;0.0;0.0;99742.0;23.0;0.0;0.0;0.0;0.0;99740.5;3803.5
0;20430.0;99736.0;29.0;0.0;0.0;0.0;0.0;99739.0;29.0;0.0;0.0;0.0;0.0;99737.5;4005.5
0;20431.0;99733.0;24.0;0.0;0.0;0.0;0.0;99736.0;24.0;0.0;0.0;0.0;0.0;99734.5;4191.0
0;20432.0;99733.0;18.0;0.0;0.0;0.0;0.0;99736.0;18.0;0.0;0.0;0.0;0.0;99734.5;4211.0
0;20433.0;99730.0;8.0;99729.0;13.0;0.0;0.0;99732.0;8.0;99733.0;13.0;0.0;0.0;99731.0;4427.5
0;20434.0;99725.0;9.0;99724.0;17.0;0.0;0.0;99727.0;9.0;99728.0;17.0;0.0;0.0;99726.0;4760.5
0;20435.0;99723.0;9.0;99722.0;10.0;0.0;0.0;99725.0;9.0;99726.0;10.0;0.0;0.0;99724.0;4883.5
0;20436.0;99716.0;23.0;0.0;0.0;0.0;0.0;99719.0;23.0;0.0;0.0;0.0;0.0;99717.5;5297.0
0;20437.0;99708.0;19.0;0.0;0.0;0.0;0.0;99711.0;19.0;0.0;0.0;0.0;0.0;99709.5;5816.0
0;20438.0;99708.0;7.0;99707.0;13.0;0.0;0.0;99710.0;7.0;99711.0;13.0;0.0;0.0;99709.0;5835.5
0;20439.0;99713.0;23.0;0.0;0.0;0.0;0.0;99716.0;23.0;0.0;0.0;0.0;0.0;99714.5;5481.5
0;20440.0;99704.0;5.0;99703.0;14.0;0.0;0.0;99706.0;5.0;99707.0;14.0;0.0;0.0;99705.0;6096.5
0;20441.0;99704.0;6.0;99703.0;15.0;0.0;0.0;99706.0;6.0;99707.0;15.0;0.0;0.0;99705.0;6095.5
0;20442.0;99700.0;9.0;99699.0;20.0;0.0;0.0;99702.0;9.0;99703.0;20.0;0.0;0.0;99701.0;6357.5
0;20443.0;99693.0;19.0;0.0;0.0;0.0;0.0;99696.0;19.0;0.0;0.0;0.0;0.0;99694.5;6751.0
0;20444.0;99699.0;8.0;99698.0;10.0;0.0;0.0;99701.0;8.0;99702.0;10.0;0.0;0.0;99700.0;6408.5
0;20445.0;99696.0;9.0;99695.0;19.0;0.0;0.0;99698.0;9.0;99699.0;19.0;0.0;0.0;99697.0;6617.0
0;20446.0;99705.0;9.0;99704.0;11.0;0.0;0.0;99707.0;9.0;99708.0;11.0;0.0;0.0;99706.0;6015.5
0;20447.0;99700.0;18.0;0.0;0.0;0.0;0.0;99703.0;18.0;0.0;0.0;0.0;0.0;99701.5;6329.5
0;20448.0;99702.0;27.0;0.0;0.0;0.0;0.0;99705.0;27.0;0.0;0.0;0.0;0.0;99703.5;6174.5
0;20449.0;99701.0;8.0;99700.0;16.0;0.0;0.0;99703.0;8.0;99704.0;16.0;0.0;0.0;99702.0;6266.5
0;20450.0;99696.0;19.0;0.0;0.0;0.0;0.0;99699.0;19.0;0.0;0.0;0.0;0.0;99697.5;6570.0
0;20451.0;99700.0;6.0;99699.0;18.0;0.0;0.0;99702.0;6.0;99703.0;18.0;0.0;0.0;99701.0;6334.5
0;20452.0;99699.0;8.0;99698.0;20.0;0.0;0.0;99701.0;8.0;99702.0;20.0;0.0;0.0;99700.0;6397.0
0;20453.0;99703.0;9.0;99702.0;19.0;0.0;0.0;99705.0;9.0;99706.0;19.0;0.0;0.0;99704.0;6155.5
0;20454.0;99702.0;18.0;0.0;0.0;0.0;0.0;99705.0;18.0;0.0;0.0;0.0;0.0;99703.5;6175.0
0;20455.0;99696.0;5.0;99695.0;20.0;0.0;0.0;99698.0;5.0;99699.0;20.0;0.0;0.0;99697.0;6612.0
0;20456.0;99695.0;8.0;99694.0;15.0;0.0;0.0;99697.0;8.0;99698.0;15.0;0.0;0.0;99696.0;6653.5
0;20457.0;99695.0;23.0;0.0;0.0;0.0;0.0;99698.0;23.0;0.0;0.0;0.0;0.0;99696.5;6633.0
0;20458.0;99703.0;3.0;99701.0;29.0;0.0;0.0;99704.0;29.0;0.0;0.0;0.0;0.0;99703.5;6248.5
0;20459.0;99696.0;8.0;99695.0;11.0;0.0;0.0;99698.0;8.0;99699.0;11.0;0.0;0.0;99697.0;6613.0
0;20460.0;99695.0;22.0;0.0;0.0;0.0;0.0;99698.0;22.0;0.0;0.0;0.0;0.0;99696.5;6628.5
0;20461.0;99685.0;10.0;99684.0;18.0;0.0;0.0;99687.0;28.0;0.0;0.0;0.0;0.0;99686.0;7342.5
0;20462.0;99689.0;9.0;99688.0;13.0;0.0;0.0;99691.0;9.0;99692.0;13.0;0.0;0.0;99690.0;7073.0
0;20463.0;99682.0;5.0;99681.0;16.0;0.0;0.0;99684.0;5.0;99685.0;16.0;0.0;0.0;99683.0;7522.0
0;20464.0;99670.0;28.0;0.0;0.0;0.0;0.0;99673.0;28.0;0.0;0.0;0.0;0.0;99671.5;8271.0
0;20465.0;99670.0;23.0;0.0;0.0;0.0;0.0;99673.0;23.0;0.0;0.0;0.0;0.0;99671.5;8296.0
0;20466.0;99677.0;6.0;99676.0;12.0;0.0;0.0;99679.0;6.0;99680.0;12.0;0.0;0.0;99678.0;7838.5
0;20467.0;99667.0;22.0;0.0;0.0;0.0;0.0;99670.0;22.0;0.0;0.0;0.0;0.0;99668.5;8470.5
0;20468.0;99661.0;9.0;99660.0;16.0;0.0;0.0;99663.0;9.0;99664.0;16.0;0.0;0.0;99662.0;8922.0
0;20469.0;99656.0;6.0;99655.0;20.0;0.0;0.0;99658.0;6.0;99659.0;20.0;0.0;0.0;99657.0;9230.5
0;20470.0;99649.0;8.0;99648.0;16.0;0.0;0.0;99651.0;8.0;99652.0;16.0;0.0;0.0;99650.0;9699.0
0;20471.0;99651.0;28.0;0.0;0.0;0.0;0.0;99654.0;28.0;0.0;0.0;0.0;0.0;99652.5;9542.5
0;20472.0;99646.0;26.0;0.0;0.0;0.0;0.0;99649.0;26.0;0.0;0.0;0.0;0.0;99647.5;9877.5
0;20473.0;99642.0;6.0;99641.0;19.0;0.0;0.0;99644.0;6.0;99645.0;19.0;0.0;0.0;99643.0;10177.0
0;20474.0;99645.0;19.0;0.0;0.0;0.0;0.0;99648.0;19.0;0.0;0.0;0.0;0.0;99646.5;9936.0
0;20475.0;99640.0;20.0;0.0;0.0;0.0;0.0;99643.0;20.0;0.0;0.0;0.0;0.0;99641.5;10249.5
0;20476.0;99643.0;28.0;0.0;0.0;0.0;0.0;99646.0;28.0;0.0;0.0;0.0;0.0;99644.5;10070.5
0;20477.0;99637.0;24.0;0.0;0.0;0.0;0.0;99640.0;24.0;0.0;0.0;0.0;0.0;99638.5;10474.0
0;20478.0;99629.0;23.0;0.0;0.0;0.0;0.0;99632.0;23.0;0.0;0.0;0.0;0.0;99630.5;10976.0
0;20479.0;99618.0;6.0;99617.0;11.0;0.0;0.0;99620.0;6.0;99621.0;11.0;0.0;0.0;99619.0;11737.0
0;20480.0;99630.0;9.0;99629.0;11.0;0.0;0.0;99632.0;9.0;99633.0;11.0;0.0;0.0;99631.0;10967.0
0;20481.0;99628.0;5.0;99627.0;18.0;0.0;0.0;99630.0;5.0;99631.0;18.0;0.0;0.0;99629.0;11100.0
0;20482.0;99629.0;20.0;0.0;0.0;0.0;0.0;99632.0;20.0;0.0;0.0;0.0;0.0;99630.5;10994.5
0;20483.0;99629.0;7.0;99628.0;17.0;0.0;0.0;99631.0;7.0;99632.0;17.0;0.0;0.0;99630.0;11008.5
0;20484.0;99630.0;9.0;99629.0;15.0;0.0;0.0;99632.0;9.0;99633.0;15.0;0.0;0.0;99631.0;10941.0
0;20485.0;99630.0;15.0;0.0;0.0;0.0;0.0;99633.0;15.0;0.0;0.0;0.0;0.0;99631.5;10920.0
0;20486.0;99642.0;26.0;0.0;0.0;0.0;0.0;99645.0;26.0;0.0;0.0;0.0;0.0;99643.5;10106.5
0;20487.0;99636.0;9.0;99635.0;12.0;0.0;0.0;99638.0;9.0;99639.0;12.0;0.0;0.0;99637.0;10550.5
0;20488.0;99626.0;7.0;99625.0;11.0;0.0;0.0;99628.0;7.0;99629.0;11.0;0.0;0.0;99627.0;11215.5
0;20489.0;99619.0;18.0;0.0;0.0;0.0;0.0;99622.0;18.0;0.0;0.0;0.0;0.0;99620.5;11648.0
0;20490.0;99611.0;23.0;0.0;0.0;0.0;0.0;99614.0;23.0;0.0;0.0;0.0;0.0;99612.5;12218.0
0;20491.0;99616.0;7.0;99615.0;11.0;0.0;0.0;99618.0;7.0;99619.0;11.0;0.0;0.0;99617.0;11900.0
0;20492.0;99621.0;9.0;99620.0;15.0;0.0;0.0;99623.0;9.0;99624.0;15.0;0.0;0.0;99622.0;11550.5
0;20493.0;99615.0;9.0;99614.0;16.0;0.0;0.0;99617.0;9.0;99618.0;16.0;0.0;0.0;99616.0;11961.5
0;20494.0;99606.0;22.0;0.0;0.0;0.0;0.0;99609.0;22.0;0.0;0.0;0.0;0.0;99607.5;12577.5
0;20495.0;99604.0;10.0;99603.0;13.0;0.0;0.0;99606.0;10.0;99607.0;13.0;0.0;0.0;99605.0;12736.5
0;20496.0;99613.0;8.0;99612.0;10.0;0.0;0.0;99615.0;8.0;99616.0;10.0;0.0;0.0;99614.0;12117.5
0;20497.0;99595.0;6.0;99594.0;20.0;0.0;0.0;99597.0;6.0;99598.0;20.0;0.0;0.0;99596.0;13374.0
0;20498.0;99598.0;24.0;0.0;0.0;0.0;0.0;99601.0;24.0;0.0;0.0;0.0;0.0;99599.5;13140.0
0;20499.0;99591.0;27.0;0.0;0.0;0.0;0.0;99594.0;27.0;0.0;0.0;0.0;0.0;99592.5;13620.0
0;20500.0;99598.0;7.0;99597.0;13.0;0.0;0.0;99600.0;7.0;99601.0;13.0;0.0;0.0;99599.0;13157.0
0;20501.0;99591.0;17.0;0.0;0.0;0.0;0.0;99594.0;17.0;0.0;0.0;0.0;0.0;99592.5;13637.5
0;20502.0;99589.0;24.0;0.0;0.0;0.0;0.0;99592.0;24.0;0.0;0.0;0.0;0.0;99590.5;13765.5
0;20503.0;99580.0;10.0;99579.0;10.0;0.0;0.0;99582.0;10.0;99583.0;10.0;0.0;0.0;99581.0;14437.0
0;20504.0;99574.0;5.0;99573.0;12.0;0.0;0.0;99576.0;5.0;99577.0;12.0;0.0;0.0;99575.0;14873.0
0;20505.0;99583.0;7.0;99582.0;16.0;0.0;0.0;99585.0;7.0;99586.0;16.0;0.0;0.0;99584.0;14256.0
0;20506.0;99588.0;7.0;99587.0;19.0;0.0;0.0;99590.0;7.0;99591.0;19.0;0.0;0.0;99589.0;13891.0
0;20507.0;99585.0;20.0;0.0;0.0;0.0;0.0;99588.0;20.0;0.0;0.0;0.0;0.0;99586.5;14071.0
0;20508.0;99580.0;8.0;99579.0;15.0;0.0;0.0;99582.0;8.0;99583.0;15.0;0.0;0.0;99581.0;14459.0
0;20509.0;99568.0;9.0;99567.0;16.0;0.0;0.0;99570.0;9.0;99571.0;16.0;0.0;0.0;99569.0;15303.0
0;20510.0;99565.0;30.0;0.0;0.0;0.0;0.0;99568.0;30.0;0.0;0.0;0.0;0.0;99566.5;15478.5
0;20511.0;99565.0;25.0;0.0;0.0;0.0;0.0;99568.0;25.0;0.0;0.0;0.0;0.0;99566.5;15493.0
0;20512.0;99565.0;6.0;99564.0;18.0;0.0;0.0;99567.0;6.0;99568.0;18.0;0.0;0.0;99566.0;15531.5
0;20513.0;99564.0;6.0;99563.0;17.0;0.0;0.0;99566.0;6.0;99567.0;17.0;0.0;0.0;99565.0;15573.5
0;20514.0;99557.0;6.0;99556.0;19.0;0.0;0.0;99559.0;6.0;99560.0;19.0;0.0;0.0;99558.0;16074.0
0;20515.0;99556.0;23.0;0.0;0.0;0.0;0.0;99559.0;23.0;0.0;0.0;0.0;0.0;99557.5;16104.0
0;20516.0;99556.0;19.0;0.0;0.0;0.0;0.0;99559.0;19.0;0.0;0.0;0.0;0.0;99557.5;16121.5
0;20517.0;99564.0;25.0;0.0;0.0;0.0;0.0;99567.0;25.0;0.0;0.0;0.0;0.0;99565.5;15547.5
0;20518.0;99576.0;25.0;0.0;0.0;0.0;0.0;99579.0;25.0;0.0;0.0;0.0;0.0;99577.5;14716.5
0;20519.0;99575.0;22.0;0.0;0.0;0.0;0.0;99578.0;22.0;0.0;0.0;0.0;0.0;99576.5;14778.0
0;20520.0;99570.0;19.0;0.0;0.0;0.0;0.0;99573.0;19.0;0.0;0.0;0.0;0.0;99571.5;15120.5
0;20521.0;99570.0;7.0;99569.0;20.0;0.0;0.0;99572.0;7.0;99573.0;20.0;0.0;0.0;99571.0;15150.0
0;20522.0;99566.0;24.0;0.0;0.0;0.0;0.0;99569.0;24.0;0.0;0.0;0.0;0.0;99567.5;15421.0
0;20523.0;99561.0;17.0;0.0;0.0;0.0;0.0;99564.0;17.0;0.0;0.0;0.0;0.0;99562.5;15752.0
0;20524.0;99561.0;21.0;0.0;0.0;0.0;0.0;99564.0;21.0;0.0;0.0;0.0;0.0;99562.5;15779.0
0;20525.0;99555.0;10.0;99554.0;11.0;0.0;0.0;99557.0;10.0;99558.0;11.0;0.0;0.0;99556.0;16244.0
0;20526.0;99558.0;25.0;0.0;0.0;0.0;0.0;99561.0;25.0;0.0;0.0;0.0;0.0;99559.5;15974.5
0;20527.0;99558.0;9.0;99557.0;18.0;0.0;0.0;99560.0;9.0;99561.0;18.0;0.0;0.0;99559.0;16022.0
0;20528.0;99559.0;17.0;0.0;0.0;0.0;0.0;99562.0;17.0;0.0;0.0;0.0;0.0;99560.5;15911.0
0;20529.0;99558.0;21.0;0.0;0.0;0.0;0.0;99561.0;21.0;0.0;0.0;0.0;0.0;99559.5;15993.0
0;20530.0;99553.0;20.0;0.0;0.0;0.0;0.0;99556.0;20.0;0.0;0.0;0.0;0.0;99554.5;16317.5
0;20531.0;99548.0;10.0;99547.0;18.0;0.0;0.0;99550.0;10.0;99551.0;18.0;0.0;0.0;99549.0;16740.0
0;20532.0;99546.0;20.0;0.0;0.0;0.0;0.0;99549.0;20.0;0.0;0.0;0.0;0.0;99547.5;16846.0
0;20533.0;99543.0;10.0;99542.0;16.0;0.0;0.0;99545.0;10.0;99546.0;16.0;0.0;0.0;99544.0;17091.0
0;20534.0;99544.0;17.0;0.0;0.0;0.0;0.0;99547.0;17.0;0.0;0.0;0.0;0.0;99545.5;16987.5
0;20535.0;99544.0;28.0;0.0;0.0;0.0;0.0;99546.0;10.0;99547.0;18.0;0.0;0.0;99545.0;16990.0
0;20536.0;99535.0;23.0;0.0;0.0;0.0;0.0;99538.0;23.0;0.0;0.0;0.0;0.0;99536.5;17597.0
0;20537.0;99536.0;6.0;99535.0;13.0;0.0;0.0;99538.0;6.0;99539.0;13.0;0.0;0.0;99537.0;17567.5
0;20538.0;99527.0;29.0;0.0;0.0;0.0;0.0;99530.0;29.0;0.0;0.0;0.0;0.0;99528.5;18166.0
0;20539.0;99524.0;9.0;99523.0;11.0;0.0;0.0;99526.0;9.0;99527.0;11.0;0.0;0.0;99525.0;18443.5
0;20540.0;99522.0;6.0;99521.0;17.0;0.0;0.0;99524.0;6.0;99525.0;17.0;0.0;0.0;99523.0;18577.0
0;20541.0;99509.0;10.0;99508.0;14.0;0.0;0.0;99511.0;10.0;99512.0;14.0;0.0;0.0;99510.0;19514.5
0;20542.0;99509.0;16.0;0.0;0.0;0.0;0.0;99512.0;16.0;0.0;0.0;0.0;0.0;99510.5;19473.5
0;20543.0;99510.0;17.0;0.0;0.0;0.0;0.0;99513.0;17.0;0.0;0.0;0.0;0.0;99511.5;19406.0
0;20544.0;99509.0;20.0;0.0;0.0;0.0;0.0;99512.0;20.0;0.0;0.0;0.0;0.0;99510.5;19478.0
0;20545.0;99507.0;7.0;99506.0;15.0;0.0;0.0;99509.0;7.0;99510.0;15.0;0.0;0.0;99508.0;19670.5
0;20546.0;99504.0;20.0;0.0;0.0;0.0;0.0;99507.0;20.0;0.0;0.0;0.0;0.0;99505.5;19839.0
0;20547.0;99498.0;17.0;0.0;0.0;0.0;0.0;99501.0;17.0;0.0;0.0;0.0;0.0;99499.5;20280.5
0;20548.0;99496.0;25.0;0.0;0.0;0.0;0.0;99499.0;25.0;0.0;0.0;0.0;0.0;99497.5;20404.0
0;20549.0;99493.0;5.0;99492.0;13.0;0.0;0.0;99495.0;5.0;99496.0;13.0;0.0;0.0;99494.0;20664.5
0;20550.0;99493.0;20.0;0.0;0.0;0.0;0.0;99496.0;20.0;0.0;0.0;0.0;0.0;99494.5;20622.0
0;20551.0;99486.0;8.0;99485.0;13.0;0.0;0.0;99488.0;8.0;99489.0;13.0;0.0;0.0;99487.0;21188.5
0;20552.0;99487.0;23.0;0.0;0.0;0.0;0.0;99490.0;23.0;0.0;0.0;0.0;0.0;99488.5;21078.5
0;20553.0;99488.0;21.0;0.0;0.0;0.0;0.0;99491.0;21.0;0.0;0.0;0.0;0.0;99489.5;21012.0
0;20554.0;99487.0;25.0;0.0;0.0;0.0;0.0;99490.0;25.0;0.0;0.0;0.0;0.0;99488.5;21079.0
0;20555.0;99485.0;8.0;99484.0;19.0;0.0;0.0;99487.0;8.0;99488.0;19.0;0.0;0.0;99486.0;21286.5
0;20556.0;99488.0;24.0;0.0;0.0;0.0;0.0;99491.0;24.0;0.0;0.0;0.0;0.0;99489.5;21027.5
0;20557.0;99478.0;7.0;99477.0;16.0;0.0;0.0;99480.0;7.0;99481.0;16.0;0.0;0.0;99479.0;21810.0
0;20558.0;99480.0;26.0;0.0;0.0;0.0;0.0;99483.0;26.0;0.0;0.0;0.0;0.0;99481.5;21594.5
0;20559.0;99482.0;22.0;0.0;0.0;0.0;0.0;99484.0;6.0;99485.0;16.0;0.0;0.0;99483.0;21481.0
0;20560.0;99484.0;6.0;99483.0;13.0;0.0;0.0;99486.0;6.0;99487.0;13.0;0.0;0.0;99485.0;21348.0
0;20561.0;99486.0;21.0;0.0;0.0;0.0;0.0;99489.0;21.0;0.0;0.0;0.0;0.0;99487.5;21168.5
0;20562.0;99482.0;24.0;0.0;0.0;0.0;0.0;99485.0;24.0;0.0;0.0;0.0;0.0;99483.5;21476.0
0;20563.0;99480.0;22.0;0.0;0.0;0.0;0.0;99483.0;22.0;0.0;0.0;0.0;0.0;99481.5;21599.0
0;20564.0;99484.0;25.0;0.0;0.0;0.0;0.0;99487.0;25.0;0.0;0.0;0.0;0.0;99485.5;21300.5
0;20565.0;99487.0;27.0;0.0;0.0;0.0;0.0;99490.0;27.0;0.0;0.0;0.0;0.0;99488.5;21098.0
0;20566.0;99488.0;25.0;0.0;0.0;0.0;0.0;99491.0;25.0;0.0;0.0;0.0;0.0;99489.5;21001.5
0;20567.0;99479.0;8.0;99478.0;16.0;0.0;0.0;99481.0;8.0;99482.0;16.0;0.0;0.0;99480.0;21714.0
0;20568.0;99482.0;20.0;0.0;0.0;0.0;0.0;99485.0;21.0;0.0;0.0;0.0;0.0;99483.5;21460.5
0;20569.0;99490.0;9.0;99489.0;14.0;0.0;0.0;99492.0;9.0;99493.0;14.0;0.0;0.0;99491.0;20904.0
0;20570.0;99496.0;7.0;99495.0;14.0;0.0;0.0;99498.0;7.0;99499.0;14.0;0.0;0.0;99497.0;20424.0
0;20571.0;99497.0;21.0;0.0;0.0;0.0;0.0;99500.0;21.0;0.0;0.0;0.0;0.0;99498.5;20313.0
0;20572.0;99488.0;8.0;99487.0;18.0;0.0;0.0;99490.0;8.0;99491.0;18.0;0.0;0.0;99489.0;21055.5
0;20573.0;99493.0;17.0;0.0;0.0;0.0;0.0;99496.0;17.0;0.0;0.0;0.0;0.0;99494.5;20607.5
0;20574.0;99493.0;5.0;99492.0;11.0;0.0;0.0;99495.0;5.0;99496.0;11.0;0.0;0.0;99494.0;20678.0
0;20575.0;99477.0;8.0;99476.0;14.0;0.0;0.0;99479.0;8.0;99480.0;14.0;0.0;0.0;99478.0;21885.0
0;20576.0;99479.0;18.0;0.0;0.0;0.0;0.0;99482.0;18.0;0.0;0.0;0.0;0.0;99480.5;21706.0
0;20577.0;99470.0;9.0;99469.0;16.0;0.0;0.0;99472.0;9.0;99473.0;16.0;0.0;0.0;99471.0;22417.0
0;20578.0;99462.0;5.0;99461.0;15.0;0.0;0.0;99464.0;5.0;99465.0;15.0;0.0;0.0;99463.0;23035.0
0;20579.0;99458.0;5.0;99457.0;12.0;0.0;0.0;99460.0;5.0;99461.0;12.0;0.0;0.0;99459.0;23338.0
0;20580.0;99466.0;10.0;99465.0;10.0;0.0;0.0;99468.0;20.0;0.0;0.0;0.0;0.0;99467.0;22733.0
0;20581.0;99463.0;24.0;0.0;0.0;0.0;0.0;99466.0;24.0;0.0;0.0;0.0;0.0;99464.5;22910.0
0;20582.0;99465.0;7.0;99464.0;19.0;0.0;0.0;99467.0;7.0;99468.0;19.0;0.0;0.0;99466.0;22775.5
0;20583.0;99476.0;5.0;99475.0;15.0;0.0;0.0;99478.0;5.0;99479.0;15.0;0.0;0.0;99477.0;21921.5
0;20584.0;99486.0;9.0;99485.0;15.0;0.0;0.0;99488.0;9.0;99489.0;15.0;0.0;0.0;99487.0;21143.0
0;20585.0;99485.0;30.0;0.0;0.0;0.0;0.0;99488.0;30.0;0.0;0.0;0.0;0.0;99486.5;21194.0
0;20586.0;99484.0;8.0;99483.0;17.0;0.0;0.0;99486.0;8.0;99487.0;17.0;0.0;0.0;99485.0;21313.0
0;20587.0;99476.0;10.0;99475.0;18.0;0.0;0.0;99478.0;10.0;99479.0;18.0;0.0;0.0;99477.0;21930.5
0;20588.0;99471.0;24.0;0.0;0.0;0.0;0.0;99474.0;24.0;0.0;0.0;0.0;0.0;99472.5;22270.5
0;20589.0;99474.0;15.0;0.0;0.0;0.0;0.0;99476.0;5.0;99477.0;10.0;0.0;0.0;99475.0;22063.0
0;20590.0;99476.0;25.0;0.0;0.0;0.0;0.0;99479.0;25.0;0.0;0.0;0.0;0.0;99477.5;21870.0
0;20591.0;99477.0;21.0;0.0;0.0;0.0;0.0;99480.0;21.0;0.0;0.0;0.0;0.0;99478.5;21817.0
0;20592.0;99483.0;15.0;0.0;0.0;0.0;0.0;99486.0;15.0;0.0;0.0;0.0;0.0;99484.5;21331.0
0;20593.0;99479.0;6.0;99478.0;17.0;0.0;0.0;99481.0;6.0;99482.0;17.0;0.0;0.0;99480.0;21709.5
0;20594.0;99478.0;30.0;0.0;0.0;0.0;0.0;99481.0;30.0;0.0;0.0;0.0;0.0;99479.5;21737.5
0;20595.0;99483.0;10.0;99482.0;11.0;0.0;0.0;99485.0;10.0;99486.0;11.0;0.0;0.0;99484.0;21380.5
0;20596.0;99486.0;25.0;0.0;0.0;0.0;0.0;99489.0;25.0;0.0;0.0;0.0;0.0;99487.5;21096.0
0;20597.0;99493.0;18.0;0.0;0.0;0.0;0.0;99496.0;18.0;0.0;0.0;0.0;0.0;99494.5;20573.0
0;20598.0;99496.0;10.0;99495.0;15.0;0.0;0.0;99498.0;10.0;99499.0;15.0;0.0;0.0;99497.0;20379.5
0;20599.0;99494.0;7.0;99493.0;20.0;0.0;0.0;99496.0;7.0;99497.0;20.0;0.0;0.0;99495.0;20531.0
0;20600.0;99496.0;9.0;99495.0;11.0;0.0;0.0;99498.0;9.0;99499.0;11.0;0.0;0.0;99497.0;20355.0
0;20601.0;99490.0;9.0;99489.0;19.0;0.0;0.0;99492.0;9.0;99493.0;19.0;0.0;0.0;99491.0;20845.5
0;20602.0;99479.0;24.0;0.0;0.0;0.0;0.0;99482.0;24.0;0.0;0.0;0.0;0.0;99480.5;21647.5
0;20603.0;99483.0;5.0;99482.0;20.0;0.0;0.0;99485.0;5.0;99486.0;20.0;0.0;0.0;99484.0;21365.0
0;20604.0;99483.0;10.0;99482.0;19.0;0.0;0.0;99485.0;10.0;99486.0;19.0;0.0;0.0;99484.0;21392.0
0;20605.0;99485.0;6.0;99484.0;15.0;0.0;0.0;99487.0;6.0;99488.0;15.0;0.0;0.0;99486.0;21242.5
0;20606.0;99474.0;7.0;99473.0;13.0;0.0;0.0;99476.0;7.0;99477.0;13.0;0.0;0.0;99475.0;22073.0
0;20607.0;99472.0;10.0;99471.0;18.0;0.0;0.0;99474.0;10.0;99475.0;18.0;0.0;0.0;99473.0;22251.5
0;20608.0;99468.0;6.0;99467.0;11.0;0.0;0.0;99470.0;6.0;99471.0;11.0;0.0;0.0;99469.0;22545.5
0;20609.0;99462.0;25.0;0.0;0.0;0.0;0.0;99465.0;25.0;0.0;0.0;0.0;0.0;99463.5;22968.5
0;20610.0;99448.0;24.0;0.0;0.0;0.0;0.0;99451.0;24.0;0.0;0.0;0.0;0.0;99449.5;24071.0
0;20611.0;99446.0;23.0;0.0;0.0;0.0;0.0;99449.0;23.0;0.0;0.0;0.0;0.0;99447.5;24235.5
0;20612.0;99452.0;9.0;99451.0;11.0;0.0;0.0;99454.0;9.0;99455.0;11.0;0.0;0.0;99453.0;23797.5
0;20613.0;99454.0;22.0;0.0;0.0;0.0;0.0;99457.0;24.0;0.0;0.0;0.0;0.0;99455.5;23609.5
0;20614.0;99450.0;22.0;0.0;0.0;0.0;0.0;99453.0;22.0;0.0;0.0;0.0;0.0;99451.5;23911.0
0;20615.0;99452.0;3.0;99450.0;15.0;0.0;0.0;99453.0;15.0;0.0;0.0;0.0;0.0;99452.5;23919.5
0;20616.0;99455.0;20.0;0.0;0.0;0.0;0.0;99457.0;5.0;99458.0;15.0;0.0;0.0;99456.0;23540.5
0;20617.0;99438.0;5.0;99437.0;10.0;0.0;0.0;99440.0;5.0;99441.0;10.0;0.0;0.0;99439.0;24925.0
0;20618.0;99437.0;10.0;99436.0;12.0;0.0;0.0;99439.0;10.0;99440.0;12.0;0.0;0.0;99438.0;24987.0
0;20619.0;99440.0;26.0;0.0;0.0;0.0;0.0;99443.0;26.0;0.0;0.0;0.0;0.0;99441.5;24709.0
0;20620.0;99445.0;7.0;99444.0;13.0;0.0;0.0;99447.0;7.0;99448.0;13.0;0.0;0.0;99446.0;24359.5
0;20621.0;99455.0;25.0;0.0;0.0;0.0;0.0;99458.0;25.0;0.0;0.0;0.0;0.0;99456.5;23486.0
0;20622.0;99462.0;30.0;0.0;0.0;0.0;0.0;99465.0;30.0;0.0;0.0;0.0;0.0;99463.5;22904.0
0;20623.0;99464.0;28.0;0.0;0.0;0.0;0.0;99467.0;28.0;0.0;0.0;0.0;0.0;99465.5;22744.5
0;20624.0;99466.0;24.0;0.0;0.0;0.0;0.0;99469.0;24.0;0.0;0.0;0.0;0.0;99467.5;22589.5
0;20625.0;99471.0;25.0;0.0;0.0;0.0;0.0;99474.0;25.0;0.0;0.0;0.0;0.0;99472.5;22185.5
0;20626.0;99468.0;10.0;99467.0;20.0;0.0;0.0;99470.0;10.0;99471.0;20.0;0.0;0.0;99469.0;22466.0
0;20627.0;99467.0;17.0;0.0;0.0;0.0;0.0;99470.0;17.0;0.0;0.0;0.0;0.0;99468.5;22490.0
0;20628.0;99473.0;19.0;0.0;0.0;0.0;0.0;99476.0;19.0;0.0;0.0;0.0;0.0;99474.5;22008.0
0;20629.0;99485.0;18.0;0.0;0.0;0.0;0.0;99488.0;18.0;0.0;0.0;0.0;0.0;99486.5;20966.0
0;20630.0;99484.0;20.0;0.0;0.0;0.0;0.0;99487.0;20.0;0.0;0.0;0.0;0.0;99485.5;21052.0
0;20631.0;99484.0;27.0;0.0;0.0;0.0;0.0;99487.0;27.0;0.0;0.0;0.0;0.0;99485.5;21078.0
0;20632.0;99485.0;26.0;0.0;0.0;0.0;0.0;99488.0;26.0;0.0;0.0;0.0;0.0;99486.5;20973.0
0;20633.0;99494.0;10.0;99493.0;15.0;0.0;0.0;99496.0;10.0;99497.0;15.0;0.0;0.0;99495.0;20258.0
0;20634.0;99493.0;27.0;0.0;0.0;0.0;0.0;99496.0;27.0;0.0;0.0;0.0;0.0;99494.5;20275.0
0;20635.0;99503.0;9.0;99502.0;10.0;0.0;0.0;99505.0;9.0;99506.0;10.0;0.0;0.0;99504.0;19493.0
0;20636.0;99497.0;7.0;99496.0;12.0;0.0;0.0;99499.0;7.0;99500.0;12.0;0.0;0.0;99498.0;20009.0
0;20637.0;99495.0;23.0;0.0;0.0;0.0;0.0;99498.0;23.0;0.0;0.0;0.0;0.0;99496.5;20109.0
0;20638.0;99494.0;24.0;0.0;0.0;0.0;0.0;99497.0;24.0;0.0;0.0;0.0;0.0;99495.5;20215.0
0;20639.0;99499.0;24.0;0.0;0.0;0.0;0.0;99502.0;24.0;0.0;0.0;0.0;0.0;99500.5;19796.0
0;20640.0;99506.0;10.0;99505.0;13.0;0.0;0.0;99508.0;10.0;99509.0;13.0;0.0;0.0;99507.0;19240.0
0;20641.0;99496.0;26.0;0.0;0.0;0.0;0.0;99499.0;26.0;0.0;0.0;0.0;0.0;99497.5;20045.0
0;20642.0;99490.0;19.0;0.0;0.0;0.0;0.0;99493.0;19.0;0.0;0.0;0.0;0.0;99491.5;20534.0
0;20643.0;99493.0;5.0;99492.0;11.0;0.0;0.0;99495.0;5.0;99496.0;11.0;0.0;0.0;99494.0;20355.0
0;20644.0;99488.0;27.0;0.0;0.0;0.0;0.0;99491.0;27.0;0.0;0.0;0.0;0.0;99489.5;20706.0
0;20645.0;99479.0;6.0;99478.0;16.0;0.0;0.0;99481.0;6.0;99482.0;16.0;0.0;0.0;99480.0;21518.0
0;20646.0;99485.0;17.0;0.0;0.0;0.0;0.0;99488.0;17.0;0.0;0.0;0.0;0.0;99486.5;20965.0
0;20647.0;99488.0;24.0;0.0;0.0;0.0;0.0;99491.0;24.0;0.0;0.0;0.0;0.0;99489.5;20703.0
0;20648.0;99492.0;5.0;99491.0;11.0;0.0;0.0;99494.0;5.0;99495.0;11.0;0.0;0.0;99493.0;20441.0
0;20649.0;99489.0;8.0;99488.0;10.0;0.0;0.0;99491.0;8.0;99492.0;10.0;0.0;0.0;99490.0;20695.0
0;20650.0;99495.0;6.0;99494.0;15.0;0.0;0.0;99497.0;6.0;99498.0;15.0;0.0;0.0;99496.0;20148.0
0;20651.0;99493.0;26.0;0.0;0.0;0.0;0.0;99496.0;26.0;0.0;0.0;0.0;0.0;99494.5;20276.0
0;20652.0;99500.0;24.0;0.0;0.0;0.0;0.0;99503.0;24.0;0.0;0.0;0.0;0.0;99501.5;19693.0
0;20653.0;99495.0;8.0;99494.0;12.0;0.0;0.0;99497.0;8.0;99498.0;12.0;0.0;0.0;99496.0;20179.0
0;20654.0;99489.0;28.0;0.0;0.0;0.0;0.0;99492.0;28.0;0.0;0.0;0.0;0.0;99490.5;20635.0
0;20655.0;99491.0;5.0;99490.0;17.0;0.0;0.0;99493.0;5.0;99494.0;17.0;0.0;0.0;99492.0;20526.0
0;20656.0;99486.0;23.0;0.0;0.0;0.0;0.0;99489.0;23.0;0.0;0.0;0.0;0.0;99487.5;20901.0
0;20657.0;99490.0;26.0;0.0;0.0;0.0;0.0;99493.0;26.0;0.0;0.0;0.0;0.0;99491.5;20542.0
0;20658.0;99492.0;9.0;99491.0;12.0;0.0;0.0;99494.0;9.0;99495.0;12.0;0.0;0.0;99493.0;20404.0
0;20659.0;99486.0;15.0;0.0;0.0;0.0;0.0;99489.0;15.0;0.0;0.0;0.0;0.0;99487.5;20897.0
0;20660.0;99487.0;8.0;99486.0;11.0;0.0;0.0;99489.0;8.0;99490.0;11.0;0.0;0.0;99488.0;20859.0
0;20661.0;99484.0;28.0;0.0;0.0;0.0;0.0;99487.0;28.0;0.0;0.0;0.0;0.0;99485.5;21046.0
0;20662.0;99490.0;20.0;0.0;0.0;0.0;0.0;99493.0;20.0;0.0;0.0;0.0;0.0;99491.5;20559.0
0;20663.0;99486.0;29.0;0.0;0.0;0.0;0.0;99489.0;29.0;0.0;0.0;0.0;0.0;99487.5;20897.0
0;20664.0;99483.0;26.0;0.0;0.0;0.0;0.0;99486.0;26.0;0.0;0.0;0.0;0.0;99484.5;21132.0
0;20665.0;99491.0;10.0;99490.0;16.0;0.0;0.0;99493.0;10.0;99494.0;16.0;0.0;0.0;99492.0;20487.0
0;20666.0;99505.0;22.0;0.0;0.0;0.0;0.0;99508.0;22.0;0.0;0.0;0.0;0.0;99506.5;19295.0
0;20667.0;99518.0;5.0;99517.0;16.0;0.0;0.0;99520.0;5.0;99521.0;16.0;0.0;0.0;99519.0;18231.0
0;20668.0;99518.0;9.0;99517.0;10.0;0.0;0.0;99520.0;9.0;99521.0;10.0;0.0;0.0;99519.0;18197.0
0;20669.0;99519.0;17.0;0.0;0.0;0.0;0.0;99522.0;17.0;0.0;0.0;0.0;0.0;99520.5;18082.0
0;20670.0;99529.0;10.0;99528.0;19.0;0.0;0.0;99531.0;10.0;99532.0;19.0;0.0;0.0;99530.0;17265.0
0;20671.0;99528.0;15.0;0.0;0.0;0.0;0.0;99531.0;15.0;0.0;0.0;0.0;0.0;99529.5;17332.0
0;20672.0;99522.0;6.0;99521.0;12.0;0.0;0.0;99524.0;6.0;99525.0;12.0;0.0;0.0;99523.0;17853.0
0;20673.0;99523.0;5.0;99522.0;11.0;0.0;0.0;99525.0;5.0;99526.0;11.0;0.0;0.0;99524.0;17792.0
0;20674.0;99526.0;10.0;99525.0;17.0;0.0;0.0;99528.0;10.0;99529.0;17.0;0.0;0.0;99527.0;17552.0
0;20675.0;99520.0;23.0;0.0;0.0;0.0;0.0;99523.0;23.0;0.0;0.0;0.0;0.0;99521.5;17994.0
0;20676.0;99510.0;6.0;99509.0;20.0;0.0;0.0;99512.0;6.0;99513.0;20.0;0.0;0.0;99511.0;18872.0
0;20677.0;99501.0;7.0;99500.0;11.0;0.0;0.0;99503.0;7.0;99504.0;11.0;0.0;0.0;99502.0;19638.0
0;20678.0;99505.0;23.0;0.0;0.0;0.0;0.0;99508.0;23.0;0.0;0.0;0.0;0.0;99506.5;19284.0
0;20679.0;99500.0;20.0;0.0;0.0;0.0;0.0;99503.0;20.0;0.0;0.0;0.0;0.0;99501.5;19690.0
0;20680.0;99499.0;24.0;0.0;0.0;0.0;0.0;99502.0;24.0;0.0;0.0;0.0;0.0;99500.5;19765.0
0;20681.0;99501.0;10.0;99500.0;15.0;0.0;0.0;99503.0;10.0;99504.0;15.0;0.0;0.0;99502.0;19653.0
0;20682.0;99505.0;7.0;99504.0;14.0;0.0;0.0;99507.0;7.0;99508.0;14.0;0.0;0.0;99506.0;19324.0
0;20683.0;99503.0;8.0;99502.0;19.0;0.0;0.0;99505.0;8.0;99506.0;19.0;0.0;0.0;99504.0;19503.0
0;20684.0;99506.0;7.0;99505.0;20.0;0.0;0.0;99508.0;7.0;99509.0;20.0;0.0;0.0;99507.0;19238.0
0;20685.0;99500.0;17.0;0.0;0.0;0.0;0.0;99503.0;17.0;0.0;0.0;0.0;0.0;99501.5;19713.0
0;20686.0;99498.0;8.0;99497.0;11.0;0.0;0.0;99500.0;8.0;99501.0;11.0;0.0;0.0;99499.0;19906.0
0;20687.0;99491.0;24.0;0.0;0.0;0.0;0.0;99494.0;24.0;0.0;0.0;0.0;0.0;99492.5;20453.0
0;20688.0;99498.0;19.0;0.0;0.0;0.0;0.0;99501.0;19.0;0.0;0.0;0.0;0.0;99499.5;19850.0
0;20689.0;99498.0;21.0;0.0;0.0;0.0;0.0;99501.0;21.0;0.0;0.0;0.0;0.0;99499.5;19866.0
0;20690.0;99494.0;10.0;99493.0;15.0;0.0;0.0;99496.0;10.0;99497.0;15.0;0.0;0.0;99495.0;20260.0
0;20691.0;99491.0;27.0;0.0;0.0;0.0;0.0;99494.0;27.0;0.0;0.0;0.0;0.0;99492.5;20449.0
0;20692.0;99492.0;3.0;99490.0;20.0;0.0;0.0;99493.0;20.0;0.0;0.0;0.0;0.0;99492.5;20567.0
0;20693.0;99494.0;20.0;0.0;0.0;0.0;0.0;99497.0;20.0;0.0;0.0;0.0;0.0;99495.5;20195.0
0;20694.0;99484.0;17.0;0.0;0.0;0.0;0.0;99487.0;17.0;0.0;0.0;0.0;0.0;99485.5;21046.0
0;20695.0;99478.0;6.0;99477.0;19.0;0.0;0.0;99480.0;6.0;99481.0;19.0;0.0;0.0;99479.0;21599.0
0;20696.0;99476.0;10.0;99475.0;14.0;0.0;0.0;99478.0;10.0;99479.0;14.0;0.0;0.0;99477.0;21801.0
0;20697.0;99491.0;18.0;0.0;0.0;0.0;0.0;99494.0;18.0;0.0;0.0;0.0;0.0;99492.5;20436.0
0;20698.0;99497.0;28.0;0.0;0.0;0.0;0.0;99500.0;28.0;0.0;0.0;0.0;0.0;99498.5;19907.0
0;20699.0;99497.0;5.0;99496.0;15.0;0.0;0.0;99499.0;5.0;99500.0;15.0;0.0;0.0;99498.0;19969.0
0;20700.0;99501.0;28.0;0.0;0.0;0.0;0.0;99504.0;28.0;0.0;0.0;0.0;0.0;99502.5;19577.0
0;20701.0;99514.0;27.0;0.0;0.0;0.0;0.0;99517.0;27.0;0.0;0.0;0.0;0.0;99515.5;18409.0
0;20702.0;99513.0;10.0;99512.0;18.0;0.0;0.0;99515.0;10.0;99516.0;18.0;0.0;0.0;99514.0;18543.0
0;20703.0;99510.0;22.0;0.0;0.0;0.0;0.0;99513.0;22.0;0.0;0.0;0.0;0.0;99511.5;18753.0
0;20704.0;99518.0;6.0;99517.0;20.0;0.0;0.0;99520.0;6.0;99521.0;20.0;0.0;0.0;99519.0;18062.0
0;20705.0;99521.0;6.0;99520.0;17.0;0.0;0.0;99523.0;6.0;99524.0;17.0;0.0;0.0;99522.0;17781.0
0;20706.0;99525.0;20.0;0.0;0.0;0.0;0.0;99528.0;20.0;0.0;0.0;0.0;0.0;99526.5;17398.0
0;20707.0;99522.0;9.0;99521.0;11.0;0.0;0.0;99524.0;9.0;99525.0;11.0;0.0;0.0;99523.0;17689.0
0;20708.0;99534.0;9.0;99533.0;10.0;0.0;0.0;99536.0;9.0;99537.0;10.0;0.0;0.0;99535.0;16592.0
0;20709.0;99545.0;5.0;99544.0;15.0;0.0;0.0;99547.0;5.0;99548.0;15.0;0.0;0.0;99546.0;15617.0
0;20710.0;99548.0;19.0;0.0;0.0;0.0;0.0;99551.0;19.0;0.0;0.0;0.0;0.0;99549.5;15286.0
0;20711.0;99553.0;5.0;99552.0;20.0;0.0;0.0;99555.0;25.0;0.0;0.0;0.0;0.0;99554.0;14888.0
0;20712.0;99540.0;7.0;99539.0;12.0;0.0;0.0;99542.0;7.0;99543.0;12.0;0.0;0.0;99541.0;16071.0
0;20713.0;99544.0;5.0;99543.0;10.0;0.0;0.0;99546.0;5.0;99547.0;10.0;0.0;0.0;99545.0;15700.0
0;20714.0;99543.0;8.0;99542.0;12.0;0.0;0.0;99545.0;8.0;99546.0;12.0;0.0;0.0;99544.0;15814.0
0;20715.0;99545.0;28.0;0.0;0.0;0.0;0.0;99548.0;28.0;0.0;0.0;0.0;0.0;99546.5;15562.0
0;20716.0;99550.0;5.0;99549.0;18.0;0.0;0.0;99552.0;5.0;99553.0;18.0;0.0;0.0;99551.0;15164.0
0;20717.0;99547.0;20.0;0.0;0.0;0.0;0.0;99550.0;20.0;0.0;0.0;0.0;0.0;99548.5;15364.0
0;20718.0;99537.0;9.0;99536.0;17.0;0.0;0.0;99539.0;9.0;99540.0;17.0;0.0;0.0;99538.0;16351.0
0;20719.0;99539.0;19.0;0.0;0.0;0.0;0.0;99542.0;19.0;0.0;0.0;0.0;0.0;99540.5;16137.0
0;20720.0;99534.0;29.0;0.0;0.0;0.0;0.0;99537.0;29.0;0.0;0.0;0.0;0.0;99535.5;16570.0
0;20721.0;99532.0;18.0;0.0;0.0;0.0;0.0;99535.0;18.0;0.0;0.0;0.0;0.0;99533.5;16764.0
0;20722.0;99529.0;8.0;99528.0;11.0;0.0;0.0;99531.0;8.0;99532.0;11.0;0.0;0.0;99530.0;17117.0
0;20723.0;99526.0;22.0;0.0;0.0;0.0;0.0;99529.0;22.0;0.0;0.0;0.0;0.0;99527.5;17316.0
0;20724.0;99512.0;8.0;99511.0;19.0;0.0;0.0;99514.0;8.0;99515.0;19.0;0.0;0.0;99513.0;18664.0
0;20725.0;99520.0;5.0;99519.0;19.0;0.0;0.0;99522.0;5.0;99523.0;19.0;0.0;0.0;99521.0;17955.0
0;20726.0;99521.0;25.0;0.0;0.0;0.0;0.0;99524.0;25.0;0.0;0.0;0.0;0.0;99522.5;17808.0
0;20727.0;99528.0;27.0;0.0;0.0;0.0;0.0;99531.0;27.0;0.0;0.0;0.0;0.0;99529.5;17161.0
0;20728.0;99540.0;20.0;0.0;0.0;0.0;0.0;99543.0;20.0;0.0;0.0;0.0;0.0;99541.5;16007.0
0;20729.0;99541.0;6.0;99540.0;14.0;0.0;0.0;99543.0;6.0;99544.0;14.0;0.0;0.0;99542.0;15995.0
0;20730.0;99529.0;21.0;0.0;0.0;0.0;0.0;99532.0;21.0;0.0;0.0;0.0;0.0;99530.5;17047.0
0;20731.0;99524.0;5.0;99523.0;20.0;0.0;0.0;99526.0;5.0;99527.0;20.0;0.0;0.0;99525.0;17569.0
0;20732.0;99516.0;20.0;0.0;0.0;0.0;0.0;99519.0;20.0;0.0;0.0;0.0;0.0;99517.5;18273.0
0;20733.0;99513.0;9.0;99512.0;20.0;0.0;0.0;99515.0;9.0;99516.0;20.0;0.0;0.0;99514.0;18566.0
0;20734.0;99513.0;18.0;0.0;0.0;0.0;0.0;99516.0;18.0;0.0;0.0;0.0;0.0;99514.5;18521.0
0;20735.0;99501.0;7.0;99500.0;19.0;0.0;0.0;99503.0;7.0;99504.0;19.0;0.0;0.0;99502.0;19689.0
0;20736.0;99503.0;21.0;0.0;0.0;0.0;0.0;99506.0;21.0;0.0;0.0;0.0;0.0;99504.5;19483.0
0;20737.0;99494.0;10.0;99493.0;10.0;0.0;0.0;99496.0;10.0;99497.0;10.0;0.0;0.0;99495.0;20383.0
0;20738.0;99497.0;3.0;99495.0;25.0;0.0;0.0;99498.0;25.0;0.0;0.0;0.0;0.0;99497.5;20207.0
0;20739.0;99495.0;8.0;99494.0;20.0;0.0;0.0;99497.0;8.0;99498.0;20.0;0.0;0.0;99496.0;20273.0
0;20740.0;99493.0;6.0;99492.0;18.0;0.0;0.0;99495.0;6.0;99496.0;18.0;0.0;0.0;99494.0;20460.0
0;20741.0;99492.0;25.0;0.0;0.0;0.0;0.0;99495.0;25.0;0.0;0.0;0.0;0.0;99493.5;20505.0
0;20742.0;99489.0;9.0;99488.0;14.0;0.0;0.0;99491.0;8.0;99492.0;14.0;0.0;0.0;99490.0;20828.0
0;20743.0;99485.0;19.0;0.0;0.0;0.0;0.0;99488.0;19.0;0.0;0.0;0.0;0.0;99486.5;21197.0
0;20744.0;99474.0;22.0;0.0;0.0;0.0;0.0;99477.0;22.0;0.0;0.0;0.0;0.0;99475.5;22223.0
0;20745.0;99474.0;19.0;0.0;0.0;0.0;0.0;99477.0;19.0;0.0;0.0;0.0;0.0;99475.5;22244.0
0;20746.0;99486.0;8.0;99485.0;17.0;0.0;0.0;99488.0;8.0;99489.0;17.0;0.0;0.0;99487.0;21100.0
0;20747.0;99498.0;21.0;0.0;0.0;0.0;0.0;99501.0;21.0;0.0;0.0;0.0;0.0;99499.5;19872.0
0;20748.0;99507.0;6.0;99506.0;16.0;0.0;0.0;99509.0;6.0;99510.0;16.0;0.0;0.0;99508.0;19053.0
0;20749.0;99511.0;8.0;99510.0;15.0;0.0;0.0;99513.0;8.0;99514.0;15.0;0.0;0.0;99512.0;18615.0
0;20750.0;99507.0;6.0;99506.0;17.0;0.0;0.0;99509.0;6.0;99510.0;17.0;0.0;0.0;99508.0;19036.0
0;20751.0;99516.0;9.0;99515.0;12.0;0.0;0.0;99518.0;9.0;99519.0;12.0;0.0;0.0;99517.0;18142.0
0;20752.0;99515.0;20.0;0.0;0.0;0.0;0.0;99518.0;20.0;0.0;0.0;0.0;0.0;99516.5;18178.0
0;20753.0;99515.0;9.0;99514.0;20.0;0.0;0.0;99517.0;9.0;99518.0;20.0;0.0;0.0;99516.0;18221.0
0;20754.0;99513.0;22.0;0.0;0.0;0.0;0.0;99516.0;22.0;0.0;0.0;0.0;0.0;99514.5;18403.0
0;20755.0;99514.0;10.0;99513.0;19.0;0.0;0.0;99516.0;10.0;99517.0;19.0;0.0;0.0;99515.0;18347.0
0;20756.0;99511.0;6.0;99510.0;15.0;0.0;0.0;99513.0;6.0;99514.0;15.0;0.0;0.0;99512.0;18621.0
0;20757.0;99510.0;28.0;0.0;0.0;0.0;0.0;99513.0;28.0;0.0;0.0;0.0;0.0;99511.5;18675.0
0;20758.0;99504.0;8.0;99503.0;10.0;0.0;0.0;99506.0;8.0;99507.0;10.0;0.0;0.0;99505.0;19355.0
0;20759.0;99501.0;25.0;0.0;0.0;0.0;0.0;99504.0;25.0;0.0;0.0;0.0;0.0;99502.5;19592.0
0;20760.0;99516.0;6.0;99515.0;11.0;0.0;0.0;99518.0;6.0;99519.0;11.0;0.0;0.0;99517.0;18149.0
0;20761.0;99515.0;29.0;0.0;0.0;0.0;0.0;99518.0;29.0;0.0;0.0;0.0;0.0;99516.5;18194.0
0;20762.0;99514.0;7.0;99513.0;18.0;0.0;0.0;99516.0;7.0;99517.0;18.0;0.0;0.0;99515.0;18345.0
0;20763.0;99517.0;5.0;99516.0;17.0;0.0;0.0;99519.0;5.0;99520.0;17.0;0.0;0.0;99518.0;18009.0
0;20764.0;99521.0;26.0;0.0;0.0;0.0;0.0;99524.0;26.0;0.0;0.0;0.0;0.0;99522.5;17562.0
0;20765.0;99514.0;24.0;0.0;0.0;0.0;0.0;99517.0;24.0;0.0;0.0;0.0;0.0;99515.5;18268.0
0;20766.0;99513.0;16.0;0.0;0.0;0.0;0.0;99516.0;16.0;0.0;0.0;0.0;0.0;99514.5;18400.0
0;20767.0;99519.0;5.0;99518.0;16.0;0.0;0.0;99521.0;5.0;99522.0;16.0;0.0;0.0;99520.0;17819.0
0;20768.0;99520.0;24.0;0.0;0.0;0.0;0.0;99523.0;24.0;0.0;0.0;0.0;0.0;99521.5;17649.0
0;20769.0;99521.0;24.0;0.0;0.0;0.0;0.0;99524.0;24.0;0.0;0.0;0.0;0.0;99522.5;17573.0
0;20770.0;99531.0;7.0;99530.0;13.0;0.0;0.0;99533.0;7.0;99534.0;13.0;0.0;0.0;99532.0;16589.0
0;20771.0;99527.0;9.0;99526.0;10.0;0.0;0.0;99529.0;9.0;99530.0;10.0;0.0;0.0;99528.0;17020.0
0;20772.0;99527.0;27.0;0.0;0.0;0.0;0.0;99530.0;27.0;0.0;0.0;0.0;0.0;99528.5;16968.0
0;20773.0;99524.0;7.0;99523.0;20.0;0.0;0.0;99526.0;9.0;99527.0;20.0;0.0;0.0;99525.0;17296.0
0;20774.0;99533.0;23.0;0.0;0.0;0.0;0.0;99536.0;23.0;0.0;0.0;0.0;0.0;99534.5;16334.0
0;20775.0;99521.0;25.0;0.0;0.0;0.0;0.0;99524.0;25.0;0.0;0.0;0.0;0.0;99522.5;17596.0
0;20776.0;99517.0;6.0;99516.0;12.0;0.0;0.0;99519.0;6.0;99520.0;12.0;0.0;0.0;99518.0;18030.0
0;20777.0;99513.0;19.0;0.0;0.0;0.0;0.0;99516.0;19.0;0.0;0.0;0.0;0.0;99514.5;18372.0
0;20778.0;99518.0;5.0;99517.0;14.0;0.0;0.0;99520.0;5.0;99521.0;14.0;0.0;0.0;99519.0;17944.0
0;20779.0;99521.0;23.0;0.0;0.0;0.0;0.0;99524.0;23.0;0.0;0.0;0.0;0.0;99522.5;17553.0
0;20780.0;99530.0;19.0;0.0;0.0;0.0;0.0;99533.0;19.0;0.0;0.0;0.0;0.0;99531.5;16654.0
0;20781.0;99522.0;1.0;99520.0;27.0;0.0;0.0;99523.0;27.0;0.0;0.0;0.0;0.0;99522.5;17671.0
0;20782.0;99525.0;17.0;0.0;0.0;0.0;0.0;99527.0;5.0;99528.0;10.0;0.0;0.0;99526.0;17189.0
0;20783.0;99523.0;26.0;0.0;0.0;0.0;0.0;99526.0;26.0;0.0;0.0;0.0;0.0;99524.5;17382.0
0;20784.0;99519.0;9.0;99518.0;13.0;0.0;0.0;99521.0;9.0;99522.0;13.0;0.0;0.0;99520.0;17821.0
0;20785.0;99522.0;23.0;0.0;0.0;0.0;0.0;99525.0;23.0;0.0;0.0;0.0;0.0;99523.5;17467.0
0;20786.0;99517.0;7.0;99516.0;12.0;0.0;0.0;99519.0;7.0;99520.0;12.0;0.0;0.0;99518.0;18074.0
0;20787.0;99504.0;9.0;99503.0;19.0;0.0;0.0;99506.0;9.0;99507.0;19.0;0.0;0.0;99505.0;19441.0
0;20788.0;99501.0;19.0;0.0;0.0;0.0;0.0;99504.0;19.0;0.0;0.0;0.0;0.0;99502.5;19686.0
0;20789.0;99492.0;7.0;99491.0;11.0;0.0;0.0;99494.0;7.0;99495.0;11.0;0.0;0.0;99493.0;20672.0
0;20790.0;99488.0;9.0;99487.0;12.0;0.0;0.0;99490.0;9.0;99491.0;12.0;0.0;0.0;99489.0;21101.0
0;20791.0;99490.0;28.0;0.0;0.0;0.0;0.0;99493.0;28.0;0.0;0.0;0.0;0.0;99491.5;20857.0
0;20792.0;99492.0;17.0;0.0;0.0;0.0;0.0;99494.0;6.0;99495.0;11.0;0.0;0.0;99493.0;20653.0
0;20793.0;99502.0;10.0;99501.0;19.0;0.0;0.0;99504.0;10.0;99505.0;19.0;0.0;0.0;99503.0;19600.0
0;20794.0;99501.0;5.0;99500.0;12.0;0.0;0.0;99503.0;5.0;99504.0;12.0;0.0;0.0;99502.0;19733.0
0;20795.0;99491.0;25.0;0.0;0.0;0.0;0.0;99494.0;25.0;0.0;0.0;0.0;0.0;99492.5;20753.0
0;20796.0;99486.0;23.0;0.0;0.0;0.0;0.0;99489.0;23.0;0.0;0.0;0.0;0.0;99487.5;21256.0
0;20797.0;99481.0;6.0;99480.0;16.0;0.0;0.0;99483.0;6.0;99484.0;16.0;0.0;0.0;99482.0;21868.0
0;20798.0;99473.0;10.0;99472.0;20.0;0.0;0.0;99475.0;10.0;99476.0;20.0;0.0;0.0;99474.0;22677.0
0;20799.0;99476.0;8.0;99475.0;16.0;0.0;0.0;99478.0;8.0;99479.0;16.0;0.0;0.0;99477.0;22389.0
0;20800.0;99473.0;1.0;99472.0;7.0;99471.0;12.0;99474.0;7.0;99475.0;12.0;0.0;0.0;99473.5;22819.0
0;20801.0;99459.0;26.0;0.0;0.0;0.0;0.0;99462.0;26.0;0.0;0.0;0.0;0.0;99460.5;24133.0
0;20802.0;99464.0;7.0;99463.0;11.0;0.0;0.0;99466.0;7.0;99467.0;11.0;0.0;0.0;99465.0;23671.0
0;20803.0;99463.0;9.0;99462.0;17.0;0.0;0.0;99465.0;9.0;99466.0;17.0;0.0;0.0;99464.0;23746.0
0;20804.0;99465.0;27.0;0.0;0.0;0.0;0.0;99468.0;27.0;0.0;0.0;0.0;0.0;99466.5;23510.0
0;20805.0;99466.0;7.0;99465.0;11.0;0.0;0.0;99468.0;7.0;99469.0;11.0;0.0;0.0;99467.0;23440.0
0;20806.0;99470.0;9.0;99469.0;12.0;0.0;0.0;99472.0;9.0;99473.0;12.0;0.0;0.0;99471.0;23022.0
0;20807.0;99470.0;7.0;99469.0;20.0;0.0;0.0;99472.0;7.0;99473.0;20.0;0.0;0.0;99471.0;22997.0
0;20808.0;99478.0;8.0;99477.0;14.0;0.0;0.0;99480.0;8.0;99481.0;14.0;0.0;0.0;99479.0;22177.0
0;20809.0;99480.0;21.0;0.0;0.0;0.0;0.0;99483.0;21.0;0.0;0.0;0.0;0.0;99481.5;21896.0
0;20810.0;99483.0;5.0;99482.0;13.0;0.0;0.0;99485.0;8.0;99486.0;13.0;0.0;0.0;99484.0;21633.0
0;20811.0;99485.0;25.0;0.0;0.0;0.0;0.0;99488.0;25.0;0.0;0.0;0.0;0.0;99486.5;21354.0
0;20812.0;99476.0;21.0;0.0;0.0;0.0;0.0;99479.0;21.0;0.0;0.0;0.0;0.0;99477.5;22350.0
0;20813.0;99475.0;16.0;0.0;0.0;0.0;0.0;99478.0;16.0;0.0;0.0;0.0;0.0;99476.5;22463.0
0;20814.0;99473.0;20.0;0.0;0.0;0.0;0.0;99476.0;20.0;0.0;0.0;0.0;0.0;99474.5;22641.0
0;20815.0;99475.0;7.0;99474.0;19.0;0.0;0.0;99477.0;7.0;99478.0;19.0;0.0;0.0;99476.0;22500.0
0;20816.0;99466.0;24.0;0.0;0.0;0.0;0.0;99469.0;24.0;0.0;0.0;0.0;0.0;99467.5;23429.0
0;20817.0;99476.0;22.0;0.0;0.0;0.0;0.0;99479.0;22.0;0.0;0.0;0.0;0.0;99477.5;22314.0
0;20818.0;99477.0;26.0;0.0;0.0;0.0;0.0;99480.0;26.0;0.0;0.0;0.0;0.0;99478.5;22244.0
0;20819.0;99470.0;9.0;99469.0;17.0;0.0;0.0;99472.0;9.0;99473.0;17.0;0.0;0.0;99471.0;23072.0
0;20820.0;99459.0;10.0;99458.0;20.0;0.0;0.0;99461.0;10.0;99462.0;20.0;0.0;0.0;99460.0;24240.0
0;20821.0;99457.0;26.0;0.0;0.0;0.0;0.0;99460.0;26.0;0.0;0.0;0.0;0.0;99458.5;24433.0
0;20822.0;99456.0;22.0;0.0;0.0;0.0;0.0;99459.0;22.0;0.0;0.0;0.0;0.0;99457.5;24497.0
0;20823.0;99452.0;6.0;99451.0;15.0;0.0;0.0;99454.0;6.0;99455.0;15.0;0.0;0.0;99453.0;24994.0
0;20824.0;99453.0;8.0;99452.0;19.0;0.0;0.0;99455.0;8.0;99456.0;19.0;0.0;0.0;99454.0;24931.0
0;20825.0;99449.0;9.0;99448.0;17.0;0.0;0.0;99451.0;26.0;0.0;0.0;0.0;0.0;99450.0;25374.0
0;20826.0;99452.0;6.0;99451.0;15.0;0.0;0.0;99454.0;6.0;99455.0;15.0;0.0;0.0;99453.0;24995.0
0;20827.0;99447.0;21.0;0.0;0.0;0.0;0.0;99450.0;21.0;0.0;0.0;0.0;0.0;99448.5;25495.0
0;20828.0;99447.0;25.0;0.0;0.0;0.0;0.0;99450.0;25.0;0.0;0.0;0.0;0.0;99448.5;25522.0
0;20829.0;99453.0;18.0;0.0;0.0;0.0;0.0;99456.0;18.0;0.0;0.0;0.0;0.0;99454.5;24849.0
0;20830.0;99469.0;24.0;0.0;0.0;0.0;0.0;99472.0;24.0;0.0;0.0;0.0;0.0;99470.5;23077.0
0;20831.0;99463.0;18.0;0.0;0.0;0.0;0.0;99466.0;18.0;0.0;0.0;0.0;0.0;99464.5;23773.0
0;20832.0;99460.0;25.0;0.0;0.0;0.0;0.0;99463.0;25.0;0.0;0.0;0.0;0.0;99461.5;24093.0
0;20833.0;99455.0;6.0;99454.0;12.0;0.0;0.0;99457.0;6.0;99458.0;12.0;0.0;0.0;99456.0;24673.0
0;20834.0;99460.0;9.0;99459.0;16.0;0.0;0.0;99462.0;9.0;99463.0;16.0;0.0;0.0;99461.0;24134.0
0;20835.0;99453.0;8.0;99452.0;14.0;0.0;0.0;99455.0;8.0;99456.0;14.0;0.0;0.0;99454.0;24926.0
0;20836.0;99450.0;9.0;99449.0;16.0;0.0;0.0;99452.0;9.0;99453.0;16.0;0.0;0.0;99451.0;25260.0
0;20837.0;99449.0;19.0;0.0;0.0;0.0;0.0;99452.0;19.0;0.0;0.0;0.0;0.0;99450.5;25282.0
0;20838.0;99443.0;23.0;0.0;0.0;0.0;0.0;99446.0;23.0;0.0;0.0;0.0;0.0;99444.5;25957.0
0;20839.0;99437.0;20.0;0.0;0.0;0.0;0.0;99440.0;20.0;0.0;0.0;0.0;0.0;99438.5;26617.0
0;20840.0;99434.0;19.0;0.0;0.0;0.0;0.0;99437.0;19.0;0.0;0.0;0.0;0.0;99435.5;26946.0
0;20841.0;99421.0;17.0;0.0;0.0;0.0;0.0;99424.0;17.0;0.0;0.0;0.0;0.0;99422.5;28394.0
0;20842.0;99412.0;5.0;99411.0;17.0;0.0;0.0;99414.0;5.0;99415.0;17.0;0.0;0.0;99413.0;29391.0
0;20843.0;99409.0;22.0;0.0;0.0;0.0;0.0;99412.0;22.0;0.0;0.0;0.0;0.0;99410.5;29677.0
0;20844.0;99410.0;25.0;0.0;0.0;0.0;0.0;99413.0;25.0;0.0;0.0;0.0;0.0;99411.5;29575.0
0;20845.0;99409.0;21.0;0.0;0.0;0.0;0.0;99412.0;21.0;0.0;0.0;0.0;0.0;99410.5;29704.0
0;20846.0;99398.0;22.0;0.0;0.0;0.0;0.0;99401.0;25.0;0.0;0.0;0.0;0.0;99399.5;30923.0
0;20847.0;99395.0;25.0;0.0;0.0;0.0;0.0;99398.0;25.0;0.0;0.0;0.0;0.0;99396.5;31252.0
0;20848.0;99400.0;28.0;0.0;0.0;0.0;0.0;99403.0;28.0;0.0;0.0;0.0;0.0;99401.5;30688.0
0;20849.0;99404.0;6.0;99403.0;13.0;0.0;0.0;99406.0;6.0;99407.0;13.0;0.0;0.0;99405.0;30295.0
0;20850.0;99403.0;18.0;0.0;0.0;0.0;0.0;99406.0;18.0;0.0;0.0;0.0;0.0;99404.5;30352.0
0;20851.0;99398.0;6.0;99397.0;14.0;0.0;0.0;99400.0;20.0;0.0;0.0;0.0;0.0;99399.0;30981.0
0;20852.0;99401.0;18.0;0.0;0.0;0.0;0.0;99404.0;18.0;0.0;0.0;0.0;0.0;99402.5;30536.0
0;20853.0;99398.0;9.0;99397.0;15.0;0.0;0.0;99400.0;9.0;99401.0;15.0;0.0;0.0;99399.0;30946.0
0;20854.0;99390.0;22.0;0.0;0.0;0.0;0.0;99393.0;22.0;0.0;0.0;0.0;0.0;99391.5;31780.0
0;20855.0;99385.0;26.0;0.0;0.0;0.0;0.0;99388.0;26.0;0.0;0.0;0.0;0.0;99386.5;32354.0
0;20856.0;99395.0;10.0;99394.0;17.0;0.0;0.0;99397.0;10.0;99398.0;17.0;0.0;0.0;99396.0;31321.0
0;20857.0;99396.0;6.0;99395.0;19.0;0.0;0.0;99398.0;6.0;99399.0;19.0;0.0;0.0;99397.0;31165.0
0;20858.0;99403.0;24.0;0.0;0.0;0.0;0.0;99406.0;24.0;0.0;0.0;0.0;0.0;99404.5;30338.0
0;20859.0;99402.0;1.0;99400.0;20.0;0.0;0.0;99403.0;20.0;0.0;0.0;0.0;0.0;99402.5;30681.0
0;20860.0;99406.0;17.0;0.0;0.0;0.0;0.0;99408.0;5.0;99409.0;12.0;0.0;0.0;99407.0;30007.0
0;20861.0;99402.0;22.0;0.0;0.0;0.0;0.0;99405.0;22.0;0.0;0.0;0.0;0.0;99403.5;30441.0
0;20862.0;99401.0;25.0;0.0;0.0;0.0;0.0;99404.0;25.0;0.0;0.0;0.0;0.0;99402.5;30556.0
0;20863.0;99417.0;10.0;99416.0;10.0;0.0;0.0;99419.0;10.0;99420.0;10.0;0.0;0.0;99418.0;28767.0
0;20864.0;99422.0;6.0;99421.0;19.0;0.0;0.0;99424.0;6.0;99425.0;19.0;0.0;0.0;99423.0;28209.0
0;20865.0;99418.0;21.0;0.0;0.0;0.0;0.0;99421.0;21.0;0.0;0.0;0.0;0.0;99419.5;28574.0
0;20866.0;99418.0;5.0;99417.0;10.0;0.0;0.0;99420.0;5.0;99421.0;10.0;0.0;0.0;99419.0;28637.0
0;20867.0;99420.0;10.0;99419.0;13.0;0.0;0.0;99422.0;10.0;99423.0;13.0;0.0;0.0;99421.0;28400.0
0;20868.0;99428.0;6.0;99427.0;15.0;0.0;0.0;99430.0;21.0;0.0;0.0;0.0;0.0;99429.0;27522.0
0;20869.0;99424.0;16.0;0.0;0.0;0.0;0.0;99427.0;16.0;0.0;0.0;0.0;0.0;99425.5;27878.0
0;20870.0;99414.0;5.0;99413.0;10.0;0.0;0.0;99416.0;5.0;99417.0;10.0;0.0;0.0;99415.0;29144.0
0;20871.0;99412.0;6.0;99411.0;14.0;0.0;0.0;99414.0;6.0;99415.0;14.0;0.0;0.0;99413.0;29348.0
0;20872.0;99412.0;6.0;99411.0;11.0;0.0;0.0;99414.0;6.0;99415.0;11.0;0.0;0.0;99413.0;29338.0
0;20873.0;99413.0;5.0;99412.0;16.0;0.0;0.0;99415.0;5.0;99416.0;16.0;0.0;0.0;99414.0;29259.0
0;20874.0;99421.0;5.0;99420.0;14.0;0.0;0.0;99423.0;5.0;99424.0;14.0;0.0;0.0;99422.0;28304.0
0;20875.0;99423.0;5.0;99422.0;10.0;0.0;0.0;99425.0;5.0;99426.0;10.0;0.0;0.0;99424.0;28075.0
0;20876.0;99428.0;7.0;99427.0;10.0;0.0;0.0;99430.0;7.0;99431.0;10.0;0.0;0.0;99429.0;27485.0
0;20877.0;99421.0;6.0;99420.0;19.0;0.0;0.0;99423.0;6.0;99424.0;19.0;0.0;0.0;99422.0;28286.0
0;20878.0;99426.0;20.0;0.0;0.0;0.0;0.0;99429.0;20.0;0.0;0.0;0.0;0.0;99427.5;27657.0
0;20879.0;99439.0;25.0;0.0;0.0;0.0;0.0;99442.0;25.0;0.0;0.0;0.0;0.0;99440.5;26135.0
0;20880.0;99444.0;25.0;0.0;0.0;0.0;0.0;99447.0;25.0;0.0;0.0;0.0;0.0;99445.5;25574.0
0;20881.0;99446.0;8.0;99445.0;18.0;0.0;0.0;99448.0;8.0;99449.0;18.0;0.0;0.0;99447.0;25391.0
0;20882.0;99447.0;8.0;99446.0;14.0;0.0;0.0;99449.0;8.0;99450.0;14.0;0.0;0.0;99448.0;25280.0
0;20883.0;99458.0;18.0;0.0;0.0;0.0;0.0;99461.0;18.0;0.0;0.0;0.0;0.0;99459.5;23981.0
0;20884.0;99452.0;20.0;0.0;0.0;0.0;0.0;99455.0;20.0;0.0;0.0;0.0;0.0;99453.5;24661.0
0;20885.0;99452.0;6.0;99451.0;16.0;0.0;0.0;99454.0;22.0;0.0;0.0;0.0;0.0;99453.0;24743.0
0;20886.0;99454.0;29.0;0.0;0.0;0.0;0.0;99457.0;29.0;0.0;0.0;0.0;0.0;99455.5;24407.0
0;20887.0;99459.0;28.0;0.0;0.0;0.0;0.0;99462.0;28.0;0.0;0.0;0.0;0.0;99460.5;23863.0
0;20888.0;99456.0;23.0;0.0;0.0;0.0;0.0;99459.0;23.0;0.0;0.0;0.0;0.0;99457.5;24184.0
0;20889.0;99458.0;21.0;0.0;0.0;0.0;0.0;99461.0;21.0;0.0;0.0;0.0;0.0;99459.5;23960.0
0;20890.0;99456.0;28.0;0.0;0.0;0.0;0.0;99459.0;28.0;0.0;0.0;0.0;0.0;99457.5;24165.0
0;20891.0;99457.0;28.0;0.0;0.0;0.0;0.0;99460.0;28.0;0.0;0.0;0.0;0.0;99458.5;24077.0
0;20892.0;99456.0;15.0;0.0;0.0;0.0;0.0;99459.0;15.0;0.0;0.0;0.0;0.0;99457.5;24175.0
0;20893.0;99449.0;26.0;0.0;0.0;0.0;0.0;99452.0;26.0;0.0;0.0;0.0;0.0;99450.5;25013.0
0;20894.0;99449.0;23.0;0.0;0.0;0.0;0.0;99452.0;23.0;0.0;0.0;0.0;0.0;99450.5;25029.0
0;20895.0;99455.0;6.0;99454.0;18.0;0.0;0.0;99457.0;6.0;99458.0;18.0;0.0;0.0;99456.0;24388.0
0;20896.0;99448.0;18.0;0.0;0.0;0.0;0.0;99451.0;18.0;0.0;0.0;0.0;0.0;99449.5;25097.0
0;20897.0;99447.0;6.0;99446.0;18.0;0.0;0.0;99449.0;6.0;99450.0;18.0;0.0;0.0;99448.0;25275.0
0;20898.0;99451.0;24.0;0.0;0.0;0.0;0.0;99454.0;24.0;0.0;0.0;0.0;0.0;99452.5;24788.0
0;20899.0;99444.0;27.0;0.0;0.0;0.0;0.0;99447.0;27.0;0.0;0.0;0.0;0.0;99445.5;25573.0
0;20900.0;99446.0;7.0;99445.0;18.0;0.0;0.0;99448.0;7.0;99449.0;18.0;0.0;0.0;99447.0;25441.0
0;20901.0;99439.0;10.0;99438.0;14.0;0.0;0.0;99441.0;10.0;99442.0;14.0;0.0;0.0;99440.0;26219.0
0;20902.0;99446.0;19.0;0.0;0.0;0.0;0.0;99448.0;7.0;99449.0;12.0;0.0;0.0;99447.0;25388.0
0;20903.0;99460.0;22.0;0.0;0.0;0.0;0.0;99463.0;22.0;0.0;0.0;0.0;0.0;99461.5;23694.0
0;20904.0;99473.0;28.0;0.0;0.0;0.0;0.0;99476.0;28.0;0.0;0.0;0.0;0.0;99474.5;22212.0
0;20905.0;99472.0;8.0;99471.0;10.0;0.0;0.0;99474.0;8.0;99475.0;10.0;0.0;0.0;99473.0;22374.0
0;20906.0;99476.0;17.0;0.0;0.0;0.0;0.0;99479.0;17.0;0.0;0.0;0.0;0.0;99477.5;21832.0
0;20907.0;99477.0;19.0;0.0;0.0;0.0;0.0;99480.0;19.0;0.0;0.0;0.0;0.0;99478.5;21744.0
0;20908.0;99478.0;8.0;99477.0;18.0;0.0;0.0;99480.0;8.0;99481.0;18.0;0.0;0.0;99479.0;21670.0
0;20909.0;99487.0;19.0;0.0;0.0;0.0;0.0;99490.0;19.0;0.0;0.0;0.0;0.0;99488.5;20537.0
0;20910.0;99479.0;21.0;0.0;0.0;0.0;0.0;99482.0;21.0;0.0;0.0;0.0;0.0;99480.5;21505.0
0;20911.0;99486.0;5.0;99485.0;18.0;0.0;0.0;99488.0;5.0;99489.0;18.0;0.0;0.0;99487.0;20732.0
0;20912.0;99485.0;30.0;0.0;0.0;0.0;0.0;99488.0;30.0;0.0;0.0;0.0;0.0;99486.5;20769.0
0;20913.0;99494.0;26.0;0.0;0.0;0.0;0.0;99497.0;26.0;0.0;0.0;0.0;0.0;99495.5;19737.0
0;20914.0;99495.0;21.0;0.0;0.0;0.0;0.0;99498.0;21.0;0.0;0.0;0.0;0.0;99496.5;19601.0
0;20915.0;99491.0;29.0;0.0;0.0;0.0;0.0;99494.0;29.0;0.0;0.0;0.0;0.0;99492.5;20095.0
0;20916.0;99493.0;9.0;99492.0;13.0;0.0;0.0;99495.0;9.0;99496.0;13.0;0.0;0.0;99494.0;19892.0
0;20917.0;99498.0;5.0;99497.0;16.0;0.0;0.0;99500.0;5.0;99501.0;16.0;0.0;0.0;99499.0;19354.0
0;20918.0;99498.0;7.0;99497.0;19.0;0.0;0.0;99500.0;7.0;99501.0;19.0;0.0;0.0;99499.0;19331.0
0;20919.0;99501.0;9.0;99500.0;11.0;0.0;0.0;99503.0;9.0;99504.0;11.0;0.0;0.0;99502.0;18966.0
0;20920.0;99498.0;9.0;99497.0;14.0;0.0;0.0;99500.0;9.0;99501.0;14.0;0.0;0.0;99499.0;19358.0
0;20921.0;99484.0;23.0;0.0;0.0;0.0;0.0;99487.0;23.0;0.0;0.0;0.0;0.0;99485.5;20964.0
0;20922.0;99490.0;7.0;99489.0;13.0;0.0;0.0;99492.0;7.0;99493.0;13.0;0.0;0.0;99491.0;20288.0
0;20923.0;99494.0;21.0;0.0;0.0;0.0;0.0;99497.0;21.0;0.0;0.0;0.0;0.0;99495.5;19764.0
0;20924.0;99495.0;24.0;0.0;0.0;0.0;0.0;99498.0;24.0;0.0;0.0;0.0;0.0;99496.5;19654.0
0;20925.0;99496.0;10.0;99495.0;11.0;0.0;0.0;99498.0;10.0;99499.0;11.0;0.0;0.0;99497.0;19600.0
0;20926.0;99502.0;18.0;0.0;0.0;0.0;0.0;99505.0;18.0;0.0;0.0;0.0;0.0;99503.5;18809.0
0;20927.0;99499.0;21.0;0.0;0.0;0.0;0.0;99502.0;21.0;0.0;0.0;0.0;0.0;99500.5;19158.0
0;20928.0;99495.0;8.0;99494.0;17.0;0.0;0.0;99497.0;8.0;99498.0;17.0;0.0;0.0;99496.0;19700.0
0;20929.0;99494.0;5.0;99493.0;11.0;0.0;0.0;99496.0;16.0;0.0;0.0;0.0;0.0;99495.0;19846.0
0;20930.0;99501.0;10.0;99500.0;18.0;0.0;0.0;99503.0;10.0;99504.0;18.0;0.0;0.0;99502.0;18937.0
0;20931.0;99492.0;18.0;0.0;0.0;0.0;0.0;99495.0;18.0;0.0;0.0;0.0;0.0;99493.5;19999.0
0;20932.0;99500.0;7.0;99499.0;20.0;0.0;0.0;99502.0;7.0;99503.0;20.0;0.0;0.0;99501.0;19089.0
0;20933.0;99496.0;10.0;99495.0;18.0;0.0;0.0;99498.0;10.0;99499.0;18.0;0.0;0.0;99497.0;19578.0
0;20934.0;99489.0;8.0;99488.0;18.0;0.0;0.0;99491.0;8.0;99492.0;18.0;0.0;0.0;99490.0;20421.0
0;20935.0;99498.0;2.0;99497.0;6.0;99496.0;14.0;99499.0;6.0;99500.0;14.0;0.0;0.0;99498.5;19459.0
0;20936.0;99496.0;22.0;0.0;0.0;0.0;0.0;99499.0;22.0;0.0;0.0;0.0;0.0;99497.5;19536.0
0;20937.0;99488.0;9.0;99487.0;20.0;0.0;0.0;99490.0;9.0;99491.0;20.0;0.0;0.0;99489.0;20539.0
0;20938.0;99487.0;1.0;99486.0;8.0;99485.0;11.0;99488.0;8.0;99489.0;11.0;0.0;0.0;99487.5;20816.0
0;20939.0;99491.0;28.0;0.0;0.0;0.0;0.0;99494.0;28.0;0.0;0.0;0.0;0.0;99492.5;20100.0
0;20940.0;99499.0;5.0;99498.0;13.0;0.0;0.0;99501.0;5.0;99502.0;13.0;0.0;0.0;99500.0;19181.0
0;20941.0;99496.0;25.0;0.0;0.0;0.0;0.0;99499.0;25.0;0.0;0.0;0.0;0.0;99497.5;19512.0
0;20942.0;99499.0;7.0;99498.0;10.0;0.0;0.0;99501.0;7.0;99502.0;10.0;0.0;0.0;99500.0;19199.0
0;20943.0;99503.0;23.0;0.0;0.0;0.0;0.0;99506.0;23.0;0.0;0.0;0.0;0.0;99504.5;18644.0
0;20944.0;99499.0;24.0;0.0;0.0;0.0;0.0;99502.0;24.0;0.0;0.0;0.0;0.0;99500.5;19147.0
0;20945.0;99501.0;25.0;0.0;0.0;0.0;0.0;99504.0;25.0;0.0;0.0;0.0;0.0;99502.5;18872.0
0;20946.0;99501.0;25.0;0.0;0.0;0.0;0.0;99504.0;25.0;0.0;0.0;0.0;0.0;99502.5;18897.0
0;20947.0;99498.0;10.0;99497.0;11.0;0.0;0.0;99500.0;10.0;99501.0;11.0;0.0;0.0;99499.0;19315.0
0;20948.0;99495.0;8.0;99494.0;16.0;0.0;0.0;99497.0;8.0;99498.0;16.0;0.0;0.0;99496.0;19698.0
0;20949.0;99495.0;21.0;0.0;0.0;0.0;0.0;99498.0;21.0;0.0;0.0;0.0;0.0;99496.5;19648.0
0;20950.0;99495.0;26.0;0.0;0.0;0.0;0.0;99498.0;26.0;0.0;0.0;0.0;0.0;99496.5;19625.0
0;20951.0;99492.0;10.0;99491.0;16.0;0.0;0.0;99494.0;10.0;99495.0;16.0;0.0;0.0;99493.0;20066.0
0;20952.0;99489.0;25.0;0.0;0.0;0.0;0.0;99492.0;25.0;0.0;0.0;0.0;0.0;99490.5;20398.0
0;20953.0;99496.0;18.0;0.0;0.0;0.0;0.0;99499.0;18.0;0.0;0.0;0.0;0.0;99497.5;19533.0
0;20954.0;99497.0;26.0;0.0;0.0;0.0;0.0;99500.0;26.0;0.0;0.0;0.0;0.0;99498.5;19369.0
0;20955.0;99503.0;10.0;99502.0;11.0;0.0;0.0;99505.0;10.0;99506.0;11.0;0.0;0.0;99504.0;18682.0
0;20956.0;99510.0;22.0;0.0;0.0;0.0;0.0;99513.0;22.0;0.0;0.0;0.0;0.0;99511.5;17748.0
0;20957.0;99516.0;3.0;99514.0;17.0;0.0;0.0;99517.0;17.0;0.0;0.0;0.0;0.0;99516.5;17292.0
0;20958.0;99530.0;1.0;99528.0;28.0;0.0;0.0;99531.0;28.0;0.0;0.0;0.0;0.0;99530.5;15515.0
0;20959.0;99523.0;18.0;0.0;0.0;0.0;0.0;99526.0;18.0;0.0;0.0;0.0;0.0;99524.5;16168.0
0;20960.0;99528.0;25.0;0.0;0.0;0.0;0.0;99531.0;25.0;0.0;0.0;0.0;0.0;99529.5;15530.0
0;20961.0;99526.0;25.0;0.0;0.0;0.0;0.0;99529.0;25.0;0.0;0.0;0.0;0.0;99527.5;15783.0
0;20962.0;99538.0;5.0;99537.0;17.0;0.0;0.0;99540.0;5.0;99541.0;17.0;0.0;0.0;99539.0;14318.0
0;20963.0;99549.0;5.0;99548.0;11.0;0.0;0.0;99551.0;5.0;99552.0;11.0;0.0;0.0;99550.0;12952.0
0;20964.0;99538.0;1.0;99536.0;27.0;0.0;0.0;99539.0;27.0;0.0;0.0;0.0;0.0;99538.5;14521.0
0;20965.0;99530.0;27.0;0.0;0.0;0.0;0.0;99533.0;27.0;0.0;0.0;0.0;0.0;99531.5;15300.0
0;20966.0;99534.0;28.0;0.0;0.0;0.0;0.0;99537.0;28.0;0.0;0.0;0.0;0.0;99535.5;14768.0
0;20967.0;99539.0;20.0;0.0;0.0;0.0;0.0;99542.0;20.0;0.0;0.0;0.0;0.0;99540.5;14135.0
0;20968.0;99544.0;8.0;99543.0;15.0;0.0;0.0;99546.0;8.0;99547.0;15.0;0.0;0.0;99545.0;13545.0
0;20969.0;99543.0;21.0;0.0;0.0;0.0;0.0;99546.0;21.0;0.0;0.0;0.0;0.0;99544.5;13603.0
0;20970.0;99546.0;24.0;0.0;0.0;0.0;0.0;99549.0;24.0;0.0;0.0;0.0;0.0;99547.5;13239.0
0;20971.0;99550.0;25.0;0.0;0.0;0.0;0.0;99553.0;25.0;0.0;0.0;0.0;0.0;99551.5;12715.0
0;20972.0;99550.0;5.0;99549.0;17.0;0.0;0.0;99552.0;5.0;99553.0;17.0;0.0;0.0;99551.0;12779.0
0;20973.0;99556.0;18.0;0.0;0.0;0.0;0.0;99559.0;18.0;0.0;0.0;0.0;0.0;99557.5;11955.0
0;20974.0;99542.0;22.0;0.0;0.0;0.0;0.0;99545.0;22.0;0.0;0.0;0.0;0.0;99543.5;13770.0
0;20975.0;99546.0;26.0;0.0;0.0;0.0;0.0;99549.0;26.0;0.0;0.0;0.0;0.0;99547.5;13258.0
0;20976.0;99540.0;9.0;99539.0;18.0;0.0;0.0;99542.0;9.0;99543.0;18.0;0.0;0.0;99541.0;14119.0
0;20977.0;99546.0;10.0;99545.0;10.0;0.0;0.0;99548.0;10.0;99549.0;10.0;0.0;0.0;99547.0;13326.0
0;20978.0;99544.0;23.0;0.0;0.0;0.0;0.0;99547.0;23.0;0.0;0.0;0.0;0.0;99545.5;13517.0
0;20979.0;99539.0;8.0;99538.0;15.0;0.0;0.0;99541.0;8.0;99542.0;15.0;0.0;0.0;99540.0;14254.0
0;20980.0;99541.0;8.0;99540.0;18.0;0.0;0.0;99543.0;8.0;99544.0;18.0;0.0;0.0;99542.0;13945.0
0;20981.0;99535.0;19.0;0.0;0.0;0.0;0.0;99538.0;19.0;0.0;0.0;0.0;0.0;99536.5;14701.0
0;20982.0;99530.0;8.0;99529.0;12.0;0.0;0.0;99532.0;20.0;0.0;0.0;0.0;0.0;99531.0;15457.0
0;20983.0;99520.0;10.0;99519.0;16.0;0.0;0.0;99522.0;10.0;99523.0;16.0;0.0;0.0;99521.0;16755.0
0;20984.0;99519.0;27.0;0.0;0.0;0.0;0.0;99522.0;27.0;0.0;0.0;0.0;0.0;99520.5;16779.0
0;20985.0;99523.0;5.0;99522.0;12.0;0.0;0.0;99525.0;5.0;99526.0;12.0;0.0;0.0;99524.0;16369.0
0;20986.0;99529.0;23.0;0.0;0.0;0.0;0.0;99531.0;8.0;99532.0;15.0;0.0;0.0;99530.0;15523.0
0;20987.0;99528.0;24.0;0.0;0.0;0.0;0.0;99531.0;24.0;0.0;0.0;0.0;0.0;99529.5;15642.0
0;20988.0;99535.0;6.0;99534.0;19.0;0.0;0.0;99537.0;6.0;99538.0;19.0;0.0;0.0;99536.0;14775.0
0;20989.0;99535.0;9.0;99534.0;15.0;0.0;0.0;99537.0;9.0;99538.0;15.0;0.0;0.0;99536.0;14762.0
0;20990.0;99534.0;23.0;0.0;0.0;0.0;0.0;99537.0;23.0;0.0;0.0;0.0;0.0;99535.5;14840.0
0;20991.0;99538.0;7.0;99537.0;19.0;0.0;0.0;99540.0;7.0;99541.0;19.0;0.0;0.0;99539.0;14366.0
0;20992.0;99544.0;25.0;0.0;0.0;0.0;0.0;99547.0;25.0;0.0;0.0;0.0;0.0;99545.5;13491.0
0;20993.0;99542.0;23.0;0.0;0.0;0.0;0.0;99545.0;23.0;0.0;0.0;0.0;0.0;99543.5;13775.0
0;20994.0;99541.0;7.0;99540.0;18.0;0.0;0.0;99543.0;7.0;99544.0;18.0;0.0;0.0;99542.0;13978.0
0;20995.0;99540.0;10.0;99539.0;20.0;0.0;0.0;99542.0;10.0;99543.0;20.0;0.0;0.0;99541.0;14112.0
0;20996.0;99540.0;22.0;0.0;0.0;0.0;0.0;99543.0;22.0;0.0;0.0;0.0;0.0;99541.5;14044.0
0;20997.0;99535.0;8.0;99534.0;13.0;0.0;0.0;99537.0;8.0;99538.0;13.0;0.0;0.0;99536.0;14812.0
0;20998.0;99541.0;6.0;99540.0;14.0;0.0;0.0;99543.0;6.0;99544.0;14.0;0.0;0.0;99542.0;13943.0
0;20999.0;99538.0;25.0;0.0;0.0;0.0;0.0;99541.0;25.0;0.0;0.0;0.0;0.0;99539.5;14284.0
0;21000.0;99541.0;20.0;0.0;0.0;0.0;0.0;99544.0;20.0;0.0;0.0;0.0;0.0;99542.5;13893.0
0;21001.0;99536.0;28.0;0.0;0.0;0.0;0.0;99539.0;28.0;0.0;0.0;0.0;0.0;99537.5;14593.0
0;21002.0;99538.0;24.0;0.0;0.0;0.0;0.0;99541.0;24.0;0.0;0.0;0.0;0.0;99539.5;14290.0
0;21003.0;99541.0;6.0;99540.0;16.0;0.0;0.0;99543.0;6.0;99544.0;16.0;0.0;0.0;99542.0;13960.0
0;21004.0;99538.0;19.0;0.0;0.0;0.0;0.0;99541.0;19.0;0.0;0.0;0.0;0.0;99539.5;14319.0
0;21005.0;99551.0;7.0;99550.0;10.0;0.0;0.0;99553.0;7.0;99554.0;10.0;0.0;0.0;99552.0;12597.0
0;21006.0;99553.0;17.0;0.0;0.0;0.0;0.0;99556.0;17.0;0.0;0.0;0.0;0.0;99554.5;12281.0
0;21007.0;99564.0;21.0;0.0;0.0;0.0;0.0;99567.0;21.0;0.0;0.0;0.0;0.0;99565.5;10766.0
0;21008.0;99570.0;20.0;0.0;0.0;0.0;0.0;99573.0;20.0;0.0;0.0;0.0;0.0;99571.5;9949.0
0;21009.0;99566.0;21.0;0.0;0.0;0.0;0.0;99569.0;21.0;0.0;0.0;0.0;0.0;99567.5;10516.0
0;21010.0;99564.0;10.0;99563.0;13.0;0.0;0.0;99566.0;10.0;99567.0;13.0;0.0;0.0;99565.0;10843.0
0;21011.0;99567.0;2.0;99566.0;19.0;0.0;0.0;99569.0;24.0;0.0;0.0;0.0;0.0;99568.0;10470.0
0;21012.0;99567.0;7.0;99566.0;20.0;0.0;0.0;99569.0;7.0;99570.0;20.0;0.0;0.0;99568.0;10418.0
0;21013.0;99567.0;25.0;0.0;0.0;0.0;0.0;99570.0;25.0;0.0;0.0;0.0;0.0;99568.5;10374.0
0;21014.0;99565.0;21.0;0.0;0.0;0.0;0.0;99568.0;21.0;0.0;0.0;0.0;0.0;99566.5;10626.0
0;21015.0;99554.0;16.0;0.0;0.0;0.0;0.0;99557.0;16.0;0.0;0.0;0.0;0.0;99555.5;12216.0
0;21016.0;99553.0;10.0;99552.0;11.0;0.0;0.0;99555.0;10.0;99556.0;11.0;0.0;0.0;99554.0;12415.0
0;21017.0;99539.0;9.0;99538.0;19.0;0.0;0.0;99541.0;9.0;99542.0;19.0;0.0;0.0;99540.0;14364.0
0;21018.0;99541.0;26.0;0.0;0.0;0.0;0.0;99544.0;26.0;0.0;0.0;0.0;0.0;99542.5;14038.0
0;21019.0;99536.0;21.0;0.0;0.0;0.0;0.0;99539.0;21.0;0.0;0.0;0.0;0.0;99537.5;14677.0
0;21020.0;99532.0;10.0;99531.0;15.0;0.0;0.0;99534.0;10.0;99535.0;15.0;0.0;0.0;99533.0;15306.0
0;21021.0;99531.0;6.0;99530.0;19.0;0.0;0.0;99533.0;6.0;99534.0;19.0;0.0;0.0;99532.0;15499.0
0;21022.0;99532.0;15.0;0.0;0.0;0.0;0.0;99535.0;15.0;0.0;0.0;0.0;0.0;99533.5;15262.0
0;21023.0;99523.0;28.0;0.0;0.0;0.0;0.0;99526.0;28.0;0.0;0.0;0.0;0.0;99524.5;16520.0
0;21024.0;99514.0;3.0;99512.0;17.0;0.0;0.0;99515.0;17.0;0.0;0.0;0.0;0.0;99514.5;18055.0
0;21025.0;99506.0;9.0;99505.0;11.0;0.0;0.0;99508.0;9.0;99509.0;11.0;0.0;0.0;99507.0;18992.0
0;21026.0;99493.0;7.0;99492.0;15.0;0.0;0.0;99495.0;7.0;99496.0;15.0;0.0;0.0;99494.0;20785.0
0;21027.0;99487.0;9.0;99486.0;12.0;0.0;0.0;99489.0;9.0;99490.0;12.0;0.0;0.0;99488.0;21634.0
0;21028.0;99497.0;9.0;99496.0;11.0;0.0;0.0;99499.0;9.0;99500.0;11.0;0.0;0.0;99498.0;20239.0
0;21029.0;99490.0;25.0;0.0;0.0;0.0;0.0;99493.0;25.0;0.0;0.0;0.0;0.0;99491.5;21168.0
0;21030.0;99494.0;26.0;0.0;0.0;0.0;0.0;99497.0;26.0;0.0;0.0;0.0;0.0;99495.5;20597.0
0;21031.0;99486.0;9.0;99485.0;16.0;0.0;0.0;99488.0;9.0;99489.0;16.0;0.0;0.0;99487.0;21823.0
0;21032.0;99487.0;21.0;0.0;0.0;0.0;0.0;99490.0;21.0;0.0;0.0;0.0;0.0;99488.5;21558.0
0;21033.0;99485.0;28.0;0.0;0.0;0.0;0.0;99488.0;28.0;0.0;0.0;0.0;0.0;99486.5;21843.0
0;21034.0;99485.0;21.0;0.0;0.0;0.0;0.0;99488.0;21.0;0.0;0.0;0.0;0.0;99486.5;21897.0
0;21035.0;99489.0;8.0;99488.0;17.0;0.0;0.0;99491.0;8.0;99492.0;17.0;0.0;0.0;99490.0;21392.0
0;21036.0;99500.0;6.0;99499.0;15.0;0.0;0.0;99502.0;6.0;99503.0;15.0;0.0;0.0;99501.0;19830.0
0;21037.0;99501.0;9.0;99500.0;14.0;0.0;0.0;99503.0;9.0;99504.0;14.0;0.0;0.0;99502.0;19658.0
0;21038.0;99502.0;9.0;99501.0;13.0;0.0;0.0;99504.0;9.0;99505.0;13.0;0.0;0.0;99503.0;19549.0
0;21039.0;99495.0;24.0;0.0;0.0;0.0;0.0;99498.0;24.0;0.0;0.0;0.0;0.0;99496.5;20422.0
0;21040.0;99499.0;24.0;0.0;0.0;0.0;0.0;99502.0;24.0;0.0;0.0;0.0;0.0;99500.5;19901.0
0;21041.0;99498.0;9.0;99497.0;17.0;0.0;0.0;99500.0;9.0;99501.0;17.0;0.0;0.0;99499.0;20123.0
0;21042.0;99503.0;7.0;99502.0;10.0;0.0;0.0;99505.0;7.0;99506.0;10.0;0.0;0.0;99504.0;19378.0
0;21043.0;99502.0;23.0;0.0;0.0;0.0;0.0;99505.0;23.0;0.0;0.0;0.0;0.0;99503.5;19419.0
0;21044.0;99513.0;28.0;0.0;0.0;0.0;0.0;99516.0;28.0;0.0;0.0;0.0;0.0;99514.5;17860.0
0;21045.0;99501.0;10.0;99500.0;19.0;0.0;0.0;99503.0;10.0;99504.0;19.0;0.0;0.0;99502.0;19638.0
0;21046.0;99499.0;28.0;0.0;0.0;0.0;0.0;99502.0;28.0;0.0;0.0;0.0;0.0;99500.5;19905.0
0;21047.0;99505.0;10.0;99504.0;19.0;0.0;0.0;99507.0;10.0;99508.0;19.0;0.0;0.0;99506.0;19116.0
0;21048.0;99502.0;27.0;0.0;0.0;0.0;0.0;99505.0;27.0;0.0;0.0;0.0;0.0;99503.5;19432.0
0;21049.0;99497.0;20.0;0.0;0.0;0.0;0.0;99500.0;20.0;0.0;0.0;0.0;0.0;99498.5;20143.0
0;21050.0;99496.0;5.0;99495.0;15.0;0.0;0.0;99498.0;5.0;99499.0;15.0;0.0;0.0;99497.0;20382.0
0;21051.0;99487.0;21.0;0.0;0.0;0.0;0.0;99490.0;21.0;0.0;0.0;0.0;0.0;99488.5;21620.0
0;21052.0;99488.0;10.0;99487.0;19.0;0.0;0.0;99490.0;10.0;99491.0;19.0;0.0;0.0;99489.0;21515.0
0;21053.0;99503.0;22.0;0.0;0.0;0.0;0.0;99506.0;22.0;0.0;0.0;0.0;0.0;99504.5;19329.0
0;21054.0;99510.0;24.0;0.0;0.0;0.0;0.0;99513.0;24.0;0.0;0.0;0.0;0.0;99511.5;18303.0
0;21055.0;99503.0;22.0;0.0;0.0;0.0;0.0;99506.0;22.0;0.0;0.0;0.0;0.0;99504.5;19299.0
0;21056.0;99498.0;10.0;99497.0;17.0;0.0;0.0;99500.0;10.0;99501.0;17.0;0.0;0.0;99499.0;20083.0
0;21057.0;99495.0;16.0;0.0;0.0;0.0;0.0;99498.0;16.0;0.0;0.0;0.0;0.0;99496.5;20447.0
0;21058.0;99502.0;6.0;99501.0;15.0;0.0;0.0;99504.0;6.0;99505.0;15.0;0.0;0.0;99503.0;19548.0
0;21059.0;99496.0;28.0;0.0;0.0;0.0;0.0;99499.0;28.0;0.0;0.0;0.0;0.0;99497.5;20285.0
0;21060.0;99492.0;16.0;0.0;0.0;0.0;0.0;99495.0;16.0;0.0;0.0;0.0;0.0;99493.5;20905.0
0;21061.0;99498.0;9.0;99497.0;19.0;0.0;0.0;99500.0;9.0;99501.0;19.0;0.0;0.0;99499.0;20113.0
0;21062.0;99503.0;19.0;0.0;0.0;0.0;0.0;99506.0;20.0;0.0;0.0;0.0;0.0;99504.5;19330.0
0;21063.0;99501.0;8.0;99500.0;16.0;0.0;0.0;99503.0;8.0;99504.0;16.0;0.0;0.0;99502.0;19673.0
0;21064.0;99494.0;6.0;99493.0;12.0;0.0;0.0;99496.0;6.0;99497.0;12.0;0.0;0.0;99495.0;20697.0
0;21065.0;99484.0;10.0;99483.0;11.0;0.0;0.0;99486.0;10.0;99487.0;11.0;0.0;0.0;99485.0;22117.0
0;21066.0;99480.0;8.0;99479.0;17.0;0.0;0.0;99482.0;8.0;99483.0;17.0;0.0;0.0;99481.0;22757.0
0;21067.0;99466.0;10.0;99465.0;13.0;0.0;0.0;99468.0;10.0;99469.0;13.0;0.0;0.0;99467.0;24799.0
0;21068.0;99470.0;21.0;0.0;0.0;0.0;0.0;99473.0;21.0;0.0;0.0;0.0;0.0;99471.5;24114.0
0;21069.0;99466.0;24.0;0.0;0.0;0.0;0.0;99469.0;24.0;0.0;0.0;0.0;0.0;99467.5;24697.0
0;21070.0;99469.0;22.0;0.0;0.0;0.0;0.0;99472.0;22.0;0.0;0.0;0.0;0.0;99470.5;24252.0
0;21071.0;99481.0;20.0;0.0;0.0;0.0;0.0;99484.0;20.0;0.0;0.0;0.0;0.0;99482.5;22520.0
0;21072.0;99488.0;24.0;0.0;0.0;0.0;0.0;99491.0;24.0;0.0;0.0;0.0;0.0;99489.5;21424.0
0;21073.0;99481.0;22.0;0.0;0.0;0.0;0.0;99484.0;22.0;0.0;0.0;0.0;0.0;99482.5;22501.0
0;21074.0;99487.0;7.0;99486.0;10.0;0.0;0.0;99489.0;7.0;99490.0;10.0;0.0;0.0;99488.0;21691.0
0;21075.0;99494.0;6.0;99493.0;15.0;0.0;0.0;99496.0;6.0;99497.0;15.0;0.0;0.0;99495.0;20611.0
0;21076.0;99489.0;19.0;0.0;0.0;0.0;0.0;99492.0;19.0;0.0;0.0;0.0;0.0;99490.5;21309.0
0;21077.0;99483.0;25.0;0.0;0.0;0.0;0.0;99486.0;25.0;0.0;0.0;0.0;0.0;99484.5;22200.0
0;21078.0;99482.0;27.0;0.0;0.0;0.0;0.0;99485.0;27.0;0.0;0.0;0.0;0.0;99483.5;22303.0
0;21079.0;99472.0;17.0;0.0;0.0;0.0;0.0;99475.0;17.0;0.0;0.0;0.0;0.0;99473.5;23800.0
0;21080.0;99482.0;8.0;99481.0;15.0;0.0;0.0;99484.0;8.0;99485.0;15.0;0.0;0.0;99483.0;22428.0
0;21081.0;99467.0;10.0;99466.0;17.0;0.0;0.0;99469.0;10.0;99470.0;17.0;0.0;0.0;99468.0;24676.0
0;21082.0;99460.0;5.0;99459.0;20.0;0.0;0.0;99462.0;5.0;99463.0;20.0;0.0;0.0;99461.0;25709.0
0;21083.0;99458.0;7.0;99457.0;12.0;0.0;0.0;99460.0;7.0;99461.0;12.0;0.0;0.0;99459.0;25963.0
0;21084.0;99456.0;21.0;0.0;0.0;0.0;0.0;99459.0;21.0;0.0;0.0;0.0;0.0;99457.5;26176.0
0;21085.0;99457.0;23.0;0.0;0.0;0.0;0.0;99460.0;23.0;0.0;0.0;0.0;0.0;99458.5;26022.0
0;21086.0;99459.0;19.0;0.0;0.0;0.0;0.0;99462.0;19.0;0.0;0.0;0.0;0.0;99460.5;25770.0
0;21087.0;99458.0;9.0;99457.0;10.0;0.0;0.0;99460.0;9.0;99461.0;10.0;0.0;0.0;99459.0;25970.0
0;21088.0;99465.0;6.0;99464.0;11.0;0.0;0.0;99467.0;6.0;99468.0;11.0;0.0;0.0;99466.0;24911.0
0;21089.0;99452.0;9.0;99451.0;15.0;0.0;0.0;99454.0;9.0;99455.0;15.0;0.0;0.0;99453.0;26909.0
0;21090.0;99452.0;5.0;99451.0;17.0;0.0;0.0;99454.0;5.0;99455.0;17.0;0.0;0.0;99453.0;26911.0
0;21091.0;99447.0;16.0;0.0;0.0;0.0;0.0;99450.0;16.0;0.0;0.0;0.0;0.0;99448.5;27579.0
0;21092.0;99448.0;6.0;99447.0;11.0;0.0;0.0;99450.0;6.0;99451.0;11.0;0.0;0.0;99449.0;27457.0
0;21093.0;99449.0;17.0;0.0;0.0;0.0;0.0;99452.0;17.0;0.0;0.0;0.0;0.0;99450.5;27252.0
0;21094.0;99444.0;6.0;99443.0;12.0;0.0;0.0;99446.0;6.0;99447.0;12.0;0.0;0.0;99445.0;28104.0
0;21095.0;99440.0;10.0;99439.0;17.0;0.0;0.0;99442.0;27.0;0.0;0.0;0.0;0.0;99441.0;28703.0
0;21096.0;99444.0;25.0;0.0;0.0;0.0;0.0;99447.0;25.0;0.0;0.0;0.0;0.0;99445.5;27964.0
0;21097.0;99447.0;8.0;99446.0;15.0;0.0;0.0;99449.0;8.0;99450.0;15.0;0.0;0.0;99448.0;27640.0
0;21098.0;99442.0;17.0;0.0;0.0;0.0;0.0;99445.0;17.0;0.0;0.0;0.0;0.0;99443.5;28276.0
0;21099.0;99455.0;19.0;0.0;0.0;0.0;0.0;99458.0;19.0;0.0;0.0;0.0;0.0;99456.5;26373.0
0;21100.0;99470.0;10.0;99469.0;16.0;0.0;0.0;99472.0;10.0;99473.0;16.0;0.0;0.0;99471.0;24218.0
0;21101.0;99460.0;26.0;0.0;0.0;0.0;0.0;99463.0;26.0;0.0;0.0;0.0;0.0;99461.5;25585.0
0;21102.0;99462.0;23.0;0.0;0.0;0.0;0.0;99465.0;23.0;0.0;0.0;0.0;0.0;99463.5;25304.0
0;21103.0;99478.0;23.0;0.0;0.0;0.0;0.0;99481.0;23.0;0.0;0.0;0.0;0.0;99479.5;22963.0
0;21104.0;99483.0;8.0;99482.0;15.0;0.0;0.0;99485.0;8.0;99486.0;15.0;0.0;0.0;99484.0;22232.0
0;21105.0;99484.0;19.0;0.0;0.0;0.0;0.0;99487.0;19.0;0.0;0.0;0.0;0.0;99485.5;22027.0
0;21106.0;99483.0;21.0;0.0;0.0;0.0;0.0;99485.0;7.0;99486.0;14.0;0.0;0.0;99484.0;22223.0
0;21107.0;99480.0;7.0;99479.0;16.0;0.0;0.0;99482.0;7.0;99483.0;16.0;0.0;0.0;99481.0;22729.0
0;21108.0;99478.0;21.0;0.0;0.0;0.0;0.0;99481.0;21.0;0.0;0.0;0.0;0.0;99479.5;22929.0
0;21109.0;99475.0;10.0;99474.0;19.0;0.0;0.0;99477.0;10.0;99478.0;19.0;0.0;0.0;99476.0;23445.0
0;21110.0;99479.0;23.0;0.0;0.0;0.0;0.0;99482.0;23.0;0.0;0.0;0.0;0.0;99480.5;22750.0
0;21111.0;99477.0;9.0;99476.0;18.0;0.0;0.0;99479.0;9.0;99480.0;18.0;0.0;0.0;99478.0;23124.0
0;21112.0;99474.0;19.0;0.0;0.0;0.0;0.0;99477.0;19.0;0.0;0.0;0.0;0.0;99475.5;23537.0
0;21113.0;99467.0;5.0;99466.0;15.0;0.0;0.0;99469.0;5.0;99470.0;15.0;0.0;0.0;99468.0;24660.0
0;21114.0;99466.0;17.0;0.0;0.0;0.0;0.0;99469.0;17.0;0.0;0.0;0.0;0.0;99467.5;24708.0
0;21115.0;99461.0;7.0;99460.0;11.0;0.0;0.0;99463.0;7.0;99464.0;11.0;0.0;0.0;99462.0;25544.0
0;21116.0;99460.0;9.0;99459.0;11.0;0.0;0.0;99462.0;9.0;99463.0;11.0;0.0;0.0;99461.0;25714.0
0;21117.0;99466.0;28.0;0.0;0.0;0.0;0.0;99469.0;28.0;0.0;0.0;0.0;0.0;99467.5;24742.0
0;21118.0;99468.0;28.0;0.0;0.0;0.0;0.0;99471.0;28.0;0.0;0.0;0.0;0.0;99469.5;24402.0
0;21119.0;99472.0;7.0;99471.0;12.0;0.0;0.0;99474.0;7.0;99475.0;12.0;0.0;0.0;99473.0;23932.0
0;21120.0;99474.0;8.0;99473.0;17.0;0.0;0.0;99476.0;8.0;99477.0;17.0;0.0;0.0;99475.0;23601.0
0;21121.0;99474.0;26.0;0.0;0.0;0.0;0.0;99477.0;26.0;0.0;0.0;0.0;0.0;99475.5;23546.0
0;21122.0;99473.0;28.0;0.0;0.0;0.0;0.0;99476.0;28.0;0.0;0.0;0.0;0.0;99474.5;23666.0
0;21123.0;99471.0;20.0;0.0;0.0;0.0;0.0;99474.0;20.0;0.0;0.0;0.0;0.0;99472.5;23955.0
0;21124.0;99476.0;28.0;0.0;0.0;0.0;0.0;99479.0;28.0;0.0;0.0;0.0;0.0;99477.5;23247.0
0;21125.0;99469.0;15.0;0.0;0.0;0.0;0.0;99472.0;15.0;0.0;0.0;0.0;0.0;99470.5;24261.0
0;21126.0;99478.0;9.0;99477.0;16.0;0.0;0.0;99480.0;9.0;99481.0;16.0;0.0;0.0;99479.0;23011.0
0;21127.0;99478.0;6.0;99477.0;19.0;0.0;0.0;99480.0;6.0;99481.0;19.0;0.0;0.0;99479.0;22982.0
0;21128.0;99473.0;15.0;0.0;0.0;0.0;0.0;99476.0;15.0;0.0;0.0;0.0;0.0;99474.5;23691.0
0;21129.0;99470.0;26.0;0.0;0.0;0.0;0.0;99473.0;27.0;0.0;0.0;0.0;0.0;99471.5;24155.0
0;21130.0;99466.0;7.0;99465.0;13.0;0.0;0.0;99468.0;7.0;99469.0;13.0;0.0;0.0;99467.0;24801.0
0;21131.0;99467.0;5.0;99466.0;20.0;0.0;0.0;99469.0;5.0;99470.0;20.0;0.0;0.0;99468.0;24649.0
0;21132.0;99462.0;27.0;0.0;0.0;0.0;0.0;99465.0;27.0;0.0;0.0;0.0;0.0;99463.5;25334.0
0;21133.0;99470.0;7.0;99469.0;20.0;0.0;0.0;99472.0;7.0;99473.0;20.0;0.0;0.0;99471.0;24247.0
0;21134.0;99465.0;10.0;99464.0;18.0;0.0;0.0;99467.0;10.0;99468.0;18.0;0.0;0.0;99466.0;25012.0
0;21135.0;99450.0;22.0;0.0;0.0;0.0;0.0;99453.0;22.0;0.0;0.0;0.0;0.0;99451.5;27236.0
