day;timestamp;buyer;seller;currency;price;quantity
0;20002.0;Camilla;Paris;SEASHELLS;99999.0;1
0;20070.0;Paris;Charlie;SEASHELLS;99913.0;2
0;20075.0;Charlie;Paris;SEASHELLS;99893.0;2
0;20085.0;Charlie;Paris;SEASHELLS;99906.0;2
0;20087.0;Camilla;Camilla;SEASHELLS;99898.0;2
0;20106.0;Paris;Charlie;SEASHELLS;99894.0;1
0;20149.0;Camilla;Paris;SEASHELLS;99843.0;3
0;20151.0;Camilla;Camilla;SEASHELLS;99849.0;3
0;20164.0;Camilla;Paris;SEASHELLS;99832.0;3
0;20179.0;Paris;Charlie;SEASHELLS;99798.0;3
0;20183.0;Camilla;Camilla;SEASHELLS;99793.0;3
0;20197.0;Paris;Charlie;SEASHELLS;99816.0;3
0;20204.0;Paris;Camilla;SEASHELLS;99834.0;2
0;20228.0;Camilla;Paris;SEASHELLS;99788.0;3
0;20231.0;Camilla;Paris;SEASHELLS;99772.0;1
0;20232.0;Charlie;Paris;SEASHELLS;99773.0;3
0;20239.0;Camilla;Camilla;SEASHELLS;99782.0;1
0;20241.0;Charlie;Paris;SEASHELLS;99772.0;1
0;20284.0;Charlie;Paris;SEASHELLS;99721.0;3
0;20286.0;Camilla;Paris;SEASHELLS;99728.0;2
0;20300.0;Paris;Charlie;SEASHELLS;99750.0;2
0;20356.0;Paris;Charlie;SEASHELLS;99765.0;3
0;20372.0;Charlie;Paris;SEASHELLS;99761.0;3
0;20375.0;Camilla;Paris;SEASHELLS;99744.0;1
0;20378.0;Charlie;Paris;SEASHELLS;99763.0;3
0;20384.0;Paris;Charlie;SEASHELLS;99746.0;1
0;20397.0;Paris;Camilla;SEASHELLS;99740.0;3
0;20408.0;Camilla;Camilla;SEASHELLS;99727.0;1
0;20409.0;Camilla;Camilla;SEASHELLS;99730.0;2
0;20414.0;Paris;Charlie;SEASHELLS;99744.0;1
0;20459.0;Camilla;Paris;SEASHELLS;99696.0;2
0;20481.0;Camilla;Paris;SEASHELLS;99628.0;2
0;20493.0;Camilla;Paris;SEASHELLS;99615.0;3
0;20538.0;Charlie;Paris;SEASHELLS;99527.0;1
0;20547.0;Charlie;Paris;SEASHELLS;99498.0;3
0;20568.0;Charlie;Camilla;SEASHELLS;99482.0;1
0;20581.0;Charlie;Paris;SEASHELLS;99463.0;2
0;20613.0;Charlie;Camilla;SEASHELLS;99454.0;2
0;20617.0;Camilla;Paris;SEASHELLS;99438.0;2
0;20625.0;Charlie;Paris;SEASHELLS;99471.0;1
0;20626.0;Paris;Camilla;SEASHELLS;99470.0;2
0;20696.0;Camilla;Paris;SEASHELLS;99476.0;1
0;20697.0;Charlie;Paris;SEASHELLS;99491.0;2
0;20700.0;Paris;Charlie;SEASHELLS;99504.0;3
0;20709.0;Camilla;Paris;SEASHELLS;99545.0;2
0;20735.0;Camilla;Paris;SEASHELLS;99501.0;2
0;20742.0;Camilla;Camilla;SEASHELLS;99491.0;1
0;20743.0;Paris;Charlie;SEASHELLS;99488.0;1
0;20744.0;Paris;Charlie;SEASHELLS;99477.0;2
0;20754.0;Paris;Charlie;SEASHELLS;99516.0;1
0;20758.0;Camilla;Paris;SEASHELLS;99504.0;1
0;20773.0;Camilla;Camilla;SEASHELLS;99524.0;2
0;20782.0;Camilla;Camilla;SEASHELLS;99527.0;2
0;20792.0;Paris;Camilla;SEASHELLS;99494.0;1
0;20810.0;Camilla;Camilla;SEASHELLS;99483.0;3
0;20821.0;Paris;Charlie;SEASHELLS;99460.0;1
0;20846.0;Charlie;Camilla;SEASHELLS;99398.0;3
0;20853.0;Camilla;Paris;SEASHELLS;99398.0;1
0;20859.0;Camilla;Charlie;SEASHELLS;99402.0;1
0;20863.0;Camilla;Paris;SEASHELLS;99417.0;1
0;20883.0;Charlie;Paris;SEASHELLS;99458.0;1
0;20917.0;Paris;Camilla;SEASHELLS;99500.0;3
0;20924.0;Charlie;Paris;SEASHELLS;99495.0;2
0;20935.0;Paris;Camilla;SEASHELLS;99499.0;1
0;20942.0;Camilla;Paris;SEASHELLS;99499.0;1
0;20957.0;Paris;Charlie;SEASHELLS;99517.0;1
0;20958.0;Camilla;Charlie;SEASHELLS;99530.0;1
0;20962.0;Camilla;Paris;SEASHELLS;99538.0;2
0;20974.0;Charlie;Paris;SEASHELLS;99542.0;1
0;20975.0;Paris;Charlie;SEASHELLS;99549.0;3
0;20996.0;Paris;Charlie;SEASHELLS;99543.0;3
0;21003.0;Camilla;Paris;SEASHELLS;99541.0;1
0;21011.0;Camilla;Camilla;SEASHELLS;99567.0;3
0;21012.0;Camilla;Paris;SEASHELLS;99567.0;1
0;21030.0;Paris;Charlie;SEASHELLS;99497.0;2
0;21037.0;Paris;Camilla;SEASHELLS;99503.0;1
0;21061.0;Paris;Camilla;SEASHELLS;99500.0;2
0;21062.0;Charlie;Camilla;SEASHELLS;99503.0;1
0;21068.0;Charlie;Paris;SEASHELLS;99470.0;2
0;21071.0;Charlie;Paris;SEASHELLS;99481.0;1
0;21126.0;Paris;Camilla;SEASHELLS;99480.0;2
0;21129.0;Charlie;Camilla;SEASHELLS;99470.0;1
0;21133.0;Paris;Camilla;SEASHELLS;99472.0;3
0;21134.0;Paris;Camilla;SEASHELLS;99467.0;1
0;21145.0;Paris;Camilla;SEASHELLS;99446.0;3
0;21180.0;Camilla;Camilla;SEASHELLS;99428.0;3
0;21182.0;Camilla;Camilla;SEASHELLS;99427.0;2
0;21211.0;Paris;Camilla;SEASHELLS;99421.0;2
0;21215.0;Charlie;Paris;SEASHELLS;99413.0;1
0;21231.0;Camilla;Camilla;SEASHELLS;99402.0;2
0;21251.0;Charlie;Paris;SEASHELLS;99441.0;2
0;21253.0;Charlie;Paris;SEASHELLS;99434.0;2
0;21257.0;Camilla;Paris;SEASHELLS;99434.0;1
0;21273.0;Camilla;Camilla;SEASHELLS;99446.0;1
0;21303.0;Paris;Camilla;SEASHELLS;99506.0;1
0;21306.0;Paris;Charlie;SEASHELLS;99513.0;3
0;21309.0;Camilla;Camilla;SEASHELLS;99496.0;2
0;21313.0;Camilla;Paris;SEASHELLS;99507.0;1
0;21348.0;Camilla;Paris;SEASHELLS;99517.0;1
0;21370.0;Camilla;Camilla;SEASHELLS;99468.0;3
0;21382.0;Paris;Charlie;SEASHELLS;99461.0;3
0;21402.0;Camilla;Paris;SEASHELLS;99500.0;2
0;21420.0;Charlie;Paris;SEASHELLS;99476.0;1
0;21451.0;Paris;Charlie;SEASHELLS;99471.0;2
0;21452.0;Paris;Camilla;SEASHELLS;99468.0;2
0;21467.0;Charlie;Paris;SEASHELLS;99464.0;2
0;21468.0;Camilla;Camilla;SEASHELLS;99472.0;2
0;21516.0;Camilla;Paris;SEASHELLS;99538.0;1
0;21532.0;Charlie;Camilla;SEASHELLS;99544.0;1
0;21551.0;Camilla;Paris;SEASHELLS;99560.0;2
0;21586.0;Camilla;Camilla;SEASHELLS;99550.0;1
0;21602.0;Paris;Camilla;SEASHELLS;99552.0;3
0;21621.0;Camilla;Camilla;SEASHELLS;99514.0;2
0;21625.0;Paris;Camilla;SEASHELLS;99501.0;2
0;21640.0;Paris;Charlie;SEASHELLS;99508.0;1
0;21653.0;Camilla;Paris;SEASHELLS;99514.0;2
0;21660.0;Camilla;Paris;SEASHELLS;99517.0;1
0;21676.0;Paris;Camilla;SEASHELLS;99490.0;1
0;21709.0;Camilla;Paris;SEASHELLS;99403.0;1
0;21714.0;Camilla;Camilla;SEASHELLS;99430.0;2
0;21728.0;Charlie;Paris;SEASHELLS;99424.0;1
0;21729.0;Camilla;Paris;SEASHELLS;99420.0;2
0;21753.0;Charlie;Camilla;SEASHELLS;99423.0;2
0;21774.0;Charlie;Paris;SEASHELLS;99424.0;1
0;21776.0;Camilla;Paris;SEASHELLS;99422.0;2
0;21836.0;Paris;Camilla;SEASHELLS;99393.0;2
0;21858.0;Charlie;Camilla;SEASHELLS;99412.0;2
0;21879.0;Camilla;Camilla;SEASHELLS;99454.0;1
0;21990.0;Paris;Camilla;SEASHELLS;99501.0;2
0;21992.0;Charlie;Camilla;SEASHELLS;99490.0;2
0;21999.0;Charlie;Paris;SEASHELLS;99493.0;1
0;22003.0;Paris;Camilla;SEASHELLS;99482.0;2
0;22024.0;Paris;Camilla;SEASHELLS;99466.0;3
0;22063.0;Camilla;Paris;SEASHELLS;99474.0;2
0;22069.0;Paris;Charlie;SEASHELLS;99467.0;1
0;22070.0;Camilla;Camilla;SEASHELLS;99467.0;2
0;22079.0;Camilla;Camilla;SEASHELLS;99449.0;1
0;22091.0;Charlie;Paris;SEASHELLS;99473.0;1
0;22111.0;Charlie;Paris;SEASHELLS;99483.0;2
0;22133.0;Camilla;Paris;SEASHELLS;99504.0;3
0;22139.0;Camilla;Paris;SEASHELLS;99514.0;3
0;22143.0;Charlie;Camilla;SEASHELLS;99513.0;2
0;22153.0;Charlie;Paris;SEASHELLS;99517.0;2
0;22174.0;Charlie;Camilla;SEASHELLS;99523.0;1
0;22178.0;Camilla;Paris;SEASHELLS;99508.0;2
0;22190.0;Paris;Camilla;SEASHELLS;99482.0;3
0;22210.0;Paris;Charlie;SEASHELLS;99458.0;2
0;22217.0;Camilla;Camilla;SEASHELLS;99451.0;3
0;22233.0;Paris;Camilla;SEASHELLS;99473.0;3
0;22246.0;Camilla;Camilla;SEASHELLS;99466.0;2
0;22264.0;Charlie;Camilla;SEASHELLS;99471.0;2
0;22264.0;Charlie;Paris;SEASHELLS;99471.0;3
0;22276.0;Camilla;Paris;SEASHELLS;99482.0;2
0;22280.0;Paris;Charlie;SEASHELLS;99485.0;3
0;22281.0;Paris;Charlie;SEASHELLS;99485.0;3
0;22289.0;Charlie;Paris;SEASHELLS;99490.0;3
0;22299.0;Paris;Charlie;SEASHELLS;99479.0;1
0;22307.0;Charlie;Paris;SEASHELLS;99478.0;3
0;22310.0;Charlie;Camilla;SEASHELLS;99475.0;3
0;22319.0;Camilla;Paris;SEASHELLS;99446.0;3
0;22319.0;Camilla;Camilla;SEASHELLS;99446.0;1
0;22322.0;Charlie;Paris;SEASHELLS;99440.0;2
0;22323.0;Paris;Camilla;SEASHELLS;99439.0;1
0;22374.0;Camilla;Paris;SEASHELLS;99465.0;2
0;22383.0;Camilla;Camilla;SEASHELLS;99470.0;3
0;22403.0;Camilla;Camilla;SEASHELLS;99443.0;3
0;22415.0;Camilla;Camilla;SEASHELLS;99436.0;3
0;22466.0;Camilla;Paris;SEASHELLS;99468.0;3
0;22472.0;Camilla;Camilla;SEASHELLS;99445.0;2
0;22483.0;Camilla;Camilla;SEASHELLS;99429.0;1
0;22484.0;Paris;Charlie;SEASHELLS;99436.0;2
0;22502.0;Paris;Camilla;SEASHELLS;99463.0;3
0;22504.0;Paris;Charlie;SEASHELLS;99471.0;2
0;22558.0;Paris;Charlie;SEASHELLS;99450.0;2
0;22560.0;Charlie;Camilla;SEASHELLS;99443.0;3
0;22567.0;Paris;Camilla;SEASHELLS;99455.0;2
0;22570.0;Charlie;Camilla;SEASHELLS;99465.0;2
0;22572.0;Charlie;Paris;SEASHELLS;99472.0;3
0;22574.0;Paris;Charlie;SEASHELLS;99492.0;1
0;22592.0;Paris;Charlie;SEASHELLS;99504.0;3
0;22600.0;Camilla;Camilla;SEASHELLS;99482.0;2
0;22611.0;Charlie;Paris;SEASHELLS;99487.0;3
0;22627.0;Camilla;Paris;SEASHELLS;99474.0;3
0;22628.0;Camilla;Paris;SEASHELLS;99476.0;1
0;22646.0;Camilla;Paris;SEASHELLS;99519.0;3
0;22670.0;Camilla;Camilla;SEASHELLS;99568.0;3
0;22680.0;Paris;Charlie;SEASHELLS;99591.0;3
0;22692.0;Camilla;Camilla;SEASHELLS;99550.0;3
0;22694.0;Paris;Charlie;SEASHELLS;99555.0;1
0;22704.0;Camilla;Camilla;SEASHELLS;99553.0;2
0;22747.0;Charlie;Paris;SEASHELLS;99513.0;3
0;22748.0;Camilla;Camilla;SEASHELLS;99506.0;3
0;22753.0;Paris;Charlie;SEASHELLS;99511.0;2
0;22757.0;Paris;Camilla;SEASHELLS;99489.0;1
0;22782.0;Paris;Camilla;SEASHELLS;99495.0;2
0;22785.0;Charlie;Paris;SEASHELLS;99489.0;3
0;22800.0;Camilla;Camilla;SEASHELLS;99497.0;2
0;22816.0;Camilla;Camilla;SEASHELLS;99486.0;3
0;22859.0;Charlie;Paris;SEASHELLS;99456.0;1
0;22891.0;Camilla;Camilla;SEASHELLS;99451.0;3
0;22903.0;Paris;Charlie;SEASHELLS;99455.0;1
0;22922.0;Charlie;Camilla;SEASHELLS;99427.0;3
0;22935.0;Camilla;Paris;SEASHELLS;99452.0;1
0;22945.0;Camilla;Paris;SEASHELLS;99476.0;2
0;22962.0;Camilla;Paris;SEASHELLS;99434.0;2
0;22964.0;Camilla;Camilla;SEASHELLS;99450.0;1
0;22967.0;Paris;Charlie;SEASHELLS;99456.0;3
0;22971.0;Camilla;Paris;SEASHELLS;99465.0;1
0;23012.0;Camilla;Paris;SEASHELLS;99384.0;2
0;23016.0;Paris;Camilla;SEASHELLS;99398.0;3
0;23031.0;Camilla;Camilla;SEASHELLS;99382.0;3
0;23033.0;Camilla;Paris;SEASHELLS;99386.0;1
0;23035.0;Charlie;Paris;SEASHELLS;99385.0;1
0;23042.0;Charlie;Paris;SEASHELLS;99383.0;3
0;23049.0;Charlie;Camilla;SEASHELLS;99381.0;2
0;23086.0;Camilla;Camilla;SEASHELLS;99428.0;3
0;23087.0;Charlie;Paris;SEASHELLS;99425.0;1
0;23093.0;Camilla;Paris;SEASHELLS;99433.0;3
0;23106.0;Camilla;Paris;SEASHELLS;99439.0;2
0;23120.0;Camilla;Camilla;SEASHELLS;99452.0;2
0;23143.0;Charlie;Camilla;SEASHELLS;99457.0;1
0;23150.0;Charlie;Camilla;SEASHELLS;99473.0;3
0;23159.0;Paris;Camilla;SEASHELLS;99485.0;2
0;23161.0;Charlie;Paris;SEASHELLS;99488.0;3
0;23201.0;Camilla;Camilla;SEASHELLS;99552.0;3
0;23210.0;Paris;Camilla;SEASHELLS;99594.0;2
0;23218.0;Paris;Charlie;SEASHELLS;99629.0;3
0;23246.0;Camilla;Paris;SEASHELLS;99594.0;2
0;23256.0;Camilla;Paris;SEASHELLS;99593.0;2
0;23267.0;Camilla;Paris;SEASHELLS;99586.0;1
0;23311.0;Charlie;Paris;SEASHELLS;99562.0;1
0;23340.0;Paris;Charlie;SEASHELLS;99547.0;1
0;23353.0;Camilla;Paris;SEASHELLS;99569.0;1
0;23356.0;Camilla;Paris;SEASHELLS;99567.0;3
0;23362.0;Camilla;Camilla;SEASHELLS;99573.0;2
0;23385.0;Charlie;Camilla;SEASHELLS;99599.0;1
0;23427.0;Charlie;Paris;SEASHELLS;99565.0;1
0;23429.0;Charlie;Camilla;SEASHELLS;99572.0;1
0;23430.0;Charlie;Paris;SEASHELLS;99565.0;3
0;23436.0;Charlie;Paris;SEASHELLS;99564.0;1
0;23442.0;Paris;Camilla;SEASHELLS;99575.0;3
0;23447.0;Camilla;Paris;SEASHELLS;99586.0;1
0;23463.0;Camilla;Camilla;SEASHELLS;99562.0;3
0;23469.0;Charlie;Camilla;SEASHELLS;99577.0;1
0;23474.0;Camilla;Paris;SEASHELLS;99600.0;1
0;23479.0;Camilla;Camilla;SEASHELLS;99584.0;3
0;23490.0;Camilla;Charlie;SEASHELLS;99568.0;1
0;23492.0;Paris;Camilla;SEASHELLS;99560.0;1
0;23528.0;Paris;Camilla;SEASHELLS;99531.0;1
0;23542.0;Charlie;Camilla;SEASHELLS;99517.0;1
0;23552.0;Camilla;Camilla;SEASHELLS;99495.0;1
0;23560.0;Charlie;Paris;SEASHELLS;99476.0;3
0;23580.0;Paris;Camilla;SEASHELLS;99505.0;1
0;23586.0;Camilla;Camilla;SEASHELLS;99502.0;3
0;23592.0;Charlie;Camilla;SEASHELLS;99503.0;1
0;23593.0;Paris;Camilla;SEASHELLS;99506.0;3
0;23608.0;Paris;Camilla;SEASHELLS;99506.0;2
0;23611.0;Camilla;Camilla;SEASHELLS;99490.0;3
0;23612.0;Paris;Camilla;SEASHELLS;99492.0;3
0;23622.0;Paris;Charlie;SEASHELLS;99457.0;3
0;23624.0;Paris;Charlie;SEASHELLS;99454.0;3
0;23637.0;Camilla;Paris;SEASHELLS;99459.0;3
0;23646.0;Camilla;Charlie;SEASHELLS;99484.0;1
0;23677.0;Camilla;Charlie;SEASHELLS;99517.0;1
0;23703.0;Paris;Camilla;SEASHELLS;99493.0;1
0;23707.0;Paris;Charlie;SEASHELLS;99503.0;1
0;23709.0;Paris;Camilla;SEASHELLS;99519.0;2
0;23740.0;Camilla;Paris;SEASHELLS;99525.0;1
0;23799.0;Paris;Charlie;SEASHELLS;99467.0;3
0;23833.0;Paris;Camilla;SEASHELLS;99470.0;1
0;23834.0;Camilla;Camilla;SEASHELLS;99481.0;1
0;23845.0;Camilla;Paris;SEASHELLS;99507.0;2
0;23871.0;Paris;Camilla;SEASHELLS;99485.0;1
0;23885.0;Camilla;Paris;SEASHELLS;99521.0;1
0;23915.0;Camilla;Camilla;SEASHELLS;99523.0;2
0;23930.0;Paris;Camilla;SEASHELLS;99523.0;2
0;23932.0;Camilla;Charlie;SEASHELLS;99519.0;1
0;23963.0;Camilla;Camilla;SEASHELLS;99500.0;1
0;23970.0;Paris;Camilla;SEASHELLS;99506.0;1
0;23977.0;Charlie;Paris;SEASHELLS;99508.0;1
0;24003.0;Camilla;Camilla;SEASHELLS;99545.0;1
0;24003.0;Camilla;Paris;SEASHELLS;99543.0;3
0;24064.0;Camilla;Camilla;SEASHELLS;99550.0;2
0;24067.0;Paris;Charlie;SEASHELLS;99550.0;1
0;24076.0;Paris;Charlie;SEASHELLS;99570.0;2
0;24148.0;Camilla;Paris;SEASHELLS;99682.0;2
0;24188.0;Paris;Charlie;SEASHELLS;99689.0;1
0;24205.0;Camilla;Charlie;SEASHELLS;99691.0;1
0;24208.0;Charlie;Paris;SEASHELLS;99694.0;1
0;24218.0;Paris;Camilla;SEASHELLS;99669.0;3
0;24221.0;Camilla;Paris;SEASHELLS;99673.0;3
0;24224.0;Charlie;Paris;SEASHELLS;99674.0;2
0;24226.0;Charlie;Paris;SEASHELLS;99658.0;1
0;24235.0;Paris;Camilla;SEASHELLS;99639.0;3
0;24243.0;Camilla;Paris;SEASHELLS;99616.0;3
0;24251.0;Paris;Charlie;SEASHELLS;99582.0;3
0;24269.0;Charlie;Paris;SEASHELLS;99552.0;2
0;24280.0;Camilla;Paris;SEASHELLS;99565.0;2
0;24300.0;Paris;Charlie;SEASHELLS;99510.0;3
0;24304.0;Camilla;Paris;SEASHELLS;99515.0;3
0;24325.0;Charlie;Paris;SEASHELLS;99543.0;3
0;24334.0;Charlie;Camilla;SEASHELLS;99539.0;3
0;24349.0;Camilla;Paris;SEASHELLS;99501.0;2
0;24350.0;Camilla;Camilla;SEASHELLS;99492.0;1
0;24350.0;Paris;Camilla;SEASHELLS;99494.0;2
0;24358.0;Camilla;Paris;SEASHELLS;99505.0;3
0;24360.0;Camilla;Camilla;SEASHELLS;99520.0;3
0;24363.0;Camilla;Camilla;SEASHELLS;99521.0;3
0;24366.0;Camilla;Camilla;SEASHELLS;99518.0;2
0;24389.0;Charlie;Camilla;SEASHELLS;99515.0;3
0;24396.0;Charlie;Paris;SEASHELLS;99503.0;2
0;24420.0;Paris;Charlie;SEASHELLS;99485.0;2
0;24430.0;Charlie;Camilla;SEASHELLS;99476.0;2
0;24440.0;Camilla;Camilla;SEASHELLS;99507.0;1
0;24448.0;Camilla;Camilla;SEASHELLS;99533.0;3
0;24452.0;Camilla;Paris;SEASHELLS;99533.0;2
0;24472.0;Charlie;Camilla;SEASHELLS;99508.0;3
0;24473.0;Camilla;Camilla;SEASHELLS;99507.0;3
0;24496.0;Charlie;Camilla;SEASHELLS;99468.0;2
0;24501.0;Charlie;Paris;SEASHELLS;99478.0;3
0;24510.0;Paris;Charlie;SEASHELLS;99457.0;3
0;24517.0;Camilla;Charlie;SEASHELLS;99478.0;1
0;24565.0;Charlie;Camilla;SEASHELLS;99443.0;3
0;24569.0;Paris;Charlie;SEASHELLS;99462.0;1
0;24607.0;Charlie;Paris;SEASHELLS;99398.0;2
0;24640.0;Charlie;Paris;SEASHELLS;99392.0;3
0;24694.0;Charlie;Paris;SEASHELLS;99407.0;3
0;24723.0;Charlie;Paris;SEASHELLS;99360.0;3
0;24730.0;Paris;Camilla;SEASHELLS;99334.0;1
0;24735.0;Paris;Camilla;SEASHELLS;99311.0;2
0;24737.0;Camilla;Paris;SEASHELLS;99303.0;3
0;24749.0;Charlie;Paris;SEASHELLS;99304.0;3
0;24754.0;Charlie;Paris;SEASHELLS;99284.0;3
0;24756.0;Paris;Camilla;SEASHELLS;99294.0;3
0;24766.0;Paris;Camilla;SEASHELLS;99311.0;1
0;24829.0;Paris;Camilla;SEASHELLS;99353.0;3
0;24854.0;Charlie;Camilla;SEASHELLS;99366.0;3
0;24856.0;Camilla;Paris;SEASHELLS;99380.0;2
0;24868.0;Paris;Charlie;SEASHELLS;99385.0;2
0;24870.0;Charlie;Paris;SEASHELLS;99379.0;1
0;24874.0;Charlie;Paris;SEASHELLS;99385.0;2
0;24877.0;Camilla;Paris;SEASHELLS;99394.0;2
0;24886.0;Paris;Camilla;SEASHELLS;99417.0;2
0;24903.0;Charlie;Camilla;SEASHELLS;99424.0;3
0;24903.0;Charlie;Paris;SEASHELLS;99424.0;3
0;24915.0;Charlie;Camilla;SEASHELLS;99435.0;3
0;24918.0;Charlie;Camilla;SEASHELLS;99443.0;3
0;24922.0;Camilla;Camilla;SEASHELLS;99456.0;3
0;24930.0;Charlie;Paris;SEASHELLS;99443.0;1
0;24933.0;Camilla;Camilla;SEASHELLS;99443.0;1
0;24937.0;Camilla;Paris;SEASHELLS;99444.0;3
0;24943.0;Camilla;Paris;SEASHELLS;99433.0;3
0;24949.0;Paris;Charlie;SEASHELLS;99411.0;1
0;24952.0;Paris;Camilla;SEASHELLS;99415.0;2
0;24953.0;Charlie;Paris;SEASHELLS;99407.0;2
0;24961.0;Charlie;Paris;SEASHELLS;99386.0;1
0;24974.0;Camilla;Paris;SEASHELLS;99400.0;2
0;24978.0;Charlie;Camilla;SEASHELLS;99402.0;3
0;24980.0;Paris;Charlie;SEASHELLS;99411.0;2
0;24983.0;Charlie;Camilla;SEASHELLS;99414.0;1
0;24988.0;Camilla;Camilla;SEASHELLS;99419.0;1
0;25010.0;Paris;Charlie;SEASHELLS;99435.0;2
0;25015.0;Camilla;Paris;SEASHELLS;99419.0;3
0;25042.0;Camilla;Camilla;SEASHELLS;99440.0;2
0;25045.0;Charlie;Camilla;SEASHELLS;99454.0;2
0;25046.0;Paris;Camilla;SEASHELLS;99455.0;1
0;25062.0;Paris;Charlie;SEASHELLS;99484.0;2
0;25086.0;Camilla;Paris;SEASHELLS;99501.0;2
0;25100.0;Camilla;Camilla;SEASHELLS;99481.0;1
0;25115.0;Camilla;Camilla;SEASHELLS;99497.0;3
0;25129.0;Charlie;Camilla;SEASHELLS;99463.0;2
0;25132.0;Camilla;Paris;SEASHELLS;99454.0;1
0;25134.0;Charlie;Paris;SEASHELLS;99471.0;1
0;25139.0;Paris;Charlie;SEASHELLS;99482.0;3
0;25150.0;Camilla;Camilla;SEASHELLS;99427.0;2
0;25163.0;Paris;Charlie;SEASHELLS;99462.0;2
0;25163.0;Charlie;Camilla;SEASHELLS;99459.0;1
0;25186.0;Camilla;Camilla;SEASHELLS;99477.0;2
0;25205.0;Charlie;Paris;SEASHELLS;99485.0;3
0;25223.0;Charlie;Paris;SEASHELLS;99516.0;2
0;25224.0;Paris;Camilla;SEASHELLS;99529.0;2
0;25240.0;Camilla;Camilla;SEASHELLS;99508.0;2
0;25250.0;Camilla;Paris;SEASHELLS;99490.0;1
0;25271.0;Charlie;Paris;SEASHELLS;99482.0;3
0;25298.0;Paris;Camilla;SEASHELLS;99538.0;3
0;25304.0;Charlie;Paris;SEASHELLS;99553.0;1
0;25330.0;Charlie;Paris;SEASHELLS;99519.0;1
0;25338.0;Paris;Camilla;SEASHELLS;99478.0;1
0;25360.0;Camilla;Paris;SEASHELLS;99487.0;3
0;25363.0;Charlie;Camilla;SEASHELLS;99472.0;2
0;25365.0;Charlie;Camilla;SEASHELLS;99485.0;3
0;25402.0;Paris;Charlie;SEASHELLS;99480.0;2
0;25409.0;Paris;Camilla;SEASHELLS;99489.0;3
0;25418.0;Charlie;Camilla;SEASHELLS;99487.0;3
0;25423.0;Paris;Charlie;SEASHELLS;99493.0;3
0;25424.0;Paris;Camilla;SEASHELLS;99488.0;1
0;25447.0;Paris;Charlie;SEASHELLS;99451.0;3
0;25474.0;Charlie;Paris;SEASHELLS;99398.0;3
0;25496.0;Charlie;Camilla;SEASHELLS;99408.0;2
0;25501.0;Paris;Charlie;SEASHELLS;99416.0;2
0;25552.0;Paris;Camilla;SEASHELLS;99464.0;1
0;25553.0;Charlie;Paris;SEASHELLS;99464.0;1
0;25562.0;Charlie;Paris;SEASHELLS;99465.0;2
0;25571.0;Paris;Charlie;SEASHELLS;99490.0;1
0;25575.0;Paris;Camilla;SEASHELLS;99481.0;1
0;25584.0;Paris;Charlie;SEASHELLS;99450.0;3
0;25585.0;Charlie;Paris;SEASHELLS;99445.0;2
0;25599.0;Camilla;Paris;SEASHELLS;99468.0;1
0;25625.0;Paris;Camilla;SEASHELLS;99398.0;3
0;25642.0;Paris;Camilla;SEASHELLS;99449.0;1
0;25664.0;Paris;Charlie;SEASHELLS;99400.0;3
0;25693.0;Camilla;Camilla;SEASHELLS;99376.0;2
0;25699.0;Camilla;Paris;SEASHELLS;99346.0;2
0;25703.0;Paris;Camilla;SEASHELLS;99350.0;1
0;25720.0;Camilla;Camilla;SEASHELLS;99372.0;3
0;25740.0;Charlie;Paris;SEASHELLS;99462.0;2
0;25744.0;Camilla;Camilla;SEASHELLS;99471.0;2
0;25764.0;Camilla;Camilla;SEASHELLS;99498.0;3
0;25780.0;Camilla;Camilla;SEASHELLS;99494.0;3
0;25850.0;Charlie;Paris;SEASHELLS;99499.0;2
0;25868.0;Paris;Camilla;SEASHELLS;99458.0;2
0;25918.0;Paris;Camilla;SEASHELLS;99476.0;1
0;25938.0;Camilla;Paris;SEASHELLS;99500.0;3
0;25974.0;Paris;Charlie;SEASHELLS;99497.0;2
0;25984.0;Paris;Camilla;SEASHELLS;99479.0;3
0;25989.0;Charlie;Paris;SEASHELLS;99473.0;2
0;26016.0;Paris;Camilla;SEASHELLS;99489.0;1
0;26050.0;Camilla;Camilla;SEASHELLS;99553.0;2
0;26060.0;Charlie;Paris;SEASHELLS;99564.0;2
0;26061.0;Charlie;Camilla;SEASHELLS;99559.0;1
0;26067.0;Paris;Camilla;SEASHELLS;99567.0;1
0;26075.0;Charlie;Paris;SEASHELLS;99567.0;1
0;26107.0;Paris;Charlie;SEASHELLS;99577.0;3
0;26116.0;Charlie;Paris;SEASHELLS;99588.0;3
0;26120.0;Camilla;Camilla;SEASHELLS;99574.0;3
0;26123.0;Charlie;Camilla;SEASHELLS;99569.0;1
0;26147.0;Camilla;Camilla;SEASHELLS;99561.0;2
0;26163.0;Charlie;Paris;SEASHELLS;99583.0;3
0;26166.0;Paris;Charlie;SEASHELLS;99596.0;1
0;26180.0;Camilla;Paris;SEASHELLS;99576.0;1
0;26187.0;Paris;Camilla;SEASHELLS;99551.0;1
0;26190.0;Paris;Camilla;SEASHELLS;99535.0;2
0;26193.0;Paris;Charlie;SEASHELLS;99525.0;2
0;26202.0;Camilla;Paris;SEASHELLS;99530.0;2
0;26221.0;Charlie;Paris;SEASHELLS;99504.0;2
0;26226.0;Paris;Charlie;SEASHELLS;99511.0;1
0;26233.0;Camilla;Paris;SEASHELLS;99501.0;1
0;26237.0;Camilla;Camilla;SEASHELLS;99474.0;2
0;26241.0;Paris;Camilla;SEASHELLS;99452.0;2
0;26242.0;Paris;Camilla;SEASHELLS;99447.0;2
0;26245.0;Paris;Camilla;SEASHELLS;99452.0;1
0;26254.0;Paris;Charlie;SEASHELLS;99444.0;2
0;26258.0;Charlie;Camilla;SEASHELLS;99431.0;2
0;26273.0;Charlie;Camilla;SEASHELLS;99415.0;1
0;26274.0;Charlie;Paris;SEASHELLS;99428.0;3
0;26289.0;Paris;Camilla;SEASHELLS;99434.0;2
0;26291.0;Paris;Charlie;SEASHELLS;99436.0;1
0;26311.0;Charlie;Paris;SEASHELLS;99403.0;3
0;26337.0;Paris;Camilla;SEASHELLS;99389.0;1
0;26384.0;Camilla;Camilla;SEASHELLS;99350.0;1
0;26405.0;Paris;Charlie;SEASHELLS;99339.0;3
0;26410.0;Charlie;Paris;SEASHELLS;99348.0;1
0;26436.0;Camilla;Charlie;SEASHELLS;99353.0;1
0;26437.0;Camilla;Camilla;SEASHELLS;99356.0;3
0;26440.0;Camilla;Paris;SEASHELLS;99354.0;1
0;26441.0;Camilla;Camilla;SEASHELLS;99354.0;1
0;26443.0;Paris;Charlie;SEASHELLS;99360.0;1
0;26472.0;Charlie;Paris;SEASHELLS;99335.0;3
0;26475.0;Camilla;Paris;SEASHELLS;99328.0;3
0;26483.0;Charlie;Paris;SEASHELLS;99355.0;1
0;26484.0;Charlie;Paris;SEASHELLS;99366.0;1
0;26489.0;Charlie;Paris;SEASHELLS;99367.0;3
0;26494.0;Camilla;Camilla;SEASHELLS;99356.0;2
0;26499.0;Camilla;Paris;SEASHELLS;99374.0;2
0;26520.0;Paris;Camilla;SEASHELLS;99368.0;1
0;26571.0;Paris;Camilla;SEASHELLS;99308.0;2
0;26576.0;Camilla;Paris;SEASHELLS;99308.0;3
0;26588.0;Paris;Camilla;SEASHELLS;99308.0;1
0;26603.0;Camilla;Paris;SEASHELLS;99330.0;1
0;26609.0;Paris;Camilla;SEASHELLS;99345.0;2
0;26609.0;Camilla;Camilla;SEASHELLS;99343.0;1
0;26627.0;Charlie;Camilla;SEASHELLS;99353.0;1
0;26655.0;Charlie;Paris;SEASHELLS;99307.0;2
0;26661.0;Camilla;Camilla;SEASHELLS;99307.0;1
0;26664.0;Camilla;Paris;SEASHELLS;99297.0;3
0;26695.0;Camilla;Camilla;SEASHELLS;99262.0;3
0;26698.0;Paris;Charlie;SEASHELLS;99296.0;1
0;26699.0;Paris;Charlie;SEASHELLS;99302.0;2
0;26705.0;Camilla;Paris;SEASHELLS;99305.0;1
0;26714.0;Charlie;Paris;SEASHELLS;99275.0;2
0;26720.0;Camilla;Paris;SEASHELLS;99244.0;1
0;26725.0;Charlie;Camilla;SEASHELLS;99227.0;2
0;26726.0;Camilla;Paris;SEASHELLS;99221.0;3
0;26740.0;Paris;Charlie;SEASHELLS;99173.0;1
0;26780.0;Charlie;Camilla;SEASHELLS;99135.0;2
0;26847.0;Paris;Camilla;SEASHELLS;99045.0;2
0;26896.0;Paris;Camilla;SEASHELLS;99005.0;2
0;26906.0;Charlie;Paris;SEASHELLS;98961.0;2
0;26910.0;Camilla;Camilla;SEASHELLS;98959.0;2
0;26916.0;Camilla;Camilla;SEASHELLS;98934.0;3
0;26932.0;Camilla;Camilla;SEASHELLS;98949.0;1
0;26933.0;Camilla;Camilla;SEASHELLS;98950.0;2
0;26938.0;Paris;Charlie;SEASHELLS;98939.0;3
0;26946.0;Charlie;Paris;SEASHELLS;98911.0;2
0;26962.0;Charlie;Paris;SEASHELLS;98887.0;1
0;27001.0;Camilla;Charlie;SEASHELLS;98900.0;2
0;27013.0;Paris;Camilla;SEASHELLS;98833.0;2
0;27021.0;Paris;Charlie;SEASHELLS;98838.0;1
0;27033.0;Charlie;Paris;SEASHELLS;98856.0;2
0;27064.0;Paris;Camilla;SEASHELLS;98841.0;3
0;27105.0;Paris;Charlie;SEASHELLS;98800.0;1
0;27110.0;Camilla;Paris;SEASHELLS;98798.0;2
0;27120.0;Paris;Charlie;SEASHELLS;98806.0;3
0;27147.0;Camilla;Paris;SEASHELLS;98802.0;3
0;27150.0;Charlie;Camilla;SEASHELLS;98790.0;2
0;27151.0;Paris;Charlie;SEASHELLS;98791.0;2
0;27156.0;Paris;Charlie;SEASHELLS;98784.0;2
0;27183.0;Paris;Charlie;SEASHELLS;98742.0;3
0;27195.0;Paris;Camilla;SEASHELLS;98724.0;1
0;27201.0;Paris;Charlie;SEASHELLS;98698.0;1
0;27263.0;Charlie;Paris;SEASHELLS;98552.0;1
0;27271.0;Camilla;Camilla;SEASHELLS;98567.0;1
0;27289.0;Charlie;Camilla;SEASHELLS;98549.0;1
0;27319.0;Paris;Camilla;SEASHELLS;98537.0;2
0;27332.0;Paris;Charlie;SEASHELLS;98560.0;2
0;27365.0;Paris;Camilla;SEASHELLS;98480.0;1
0;27371.0;Camilla;Camilla;SEASHELLS;98464.0;2
0;27386.0;Paris;Charlie;SEASHELLS;98448.0;1
0;27392.0;Camilla;Paris;SEASHELLS;98451.0;3
0;27401.0;Camilla;Camilla;SEASHELLS;98422.0;3
0;27407.0;Camilla;Paris;SEASHELLS;98414.0;2
0;27437.0;Camilla;Camilla;SEASHELLS;98435.0;3
0;27445.0;Charlie;Paris;SEASHELLS;98437.0;1
0;27466.0;Paris;Charlie;SEASHELLS;98446.0;3
0;27471.0;Paris;Camilla;SEASHELLS;98428.0;3
0;27474.0;Charlie;Camilla;SEASHELLS;98418.0;2
0;27493.0;Charlie;Paris;SEASHELLS;98417.0;2
0;27525.0;Charlie;Paris;SEASHELLS;98430.0;3
0;27530.0;Paris;Charlie;SEASHELLS;98421.0;2
0;27536.0;Camilla;Paris;SEASHELLS;98421.0;2
0;27591.0;Paris;Camilla;SEASHELLS;98396.0;1
0;27612.0;Paris;Charlie;SEASHELLS;98386.0;1
0;27647.0;Charlie;Camilla;SEASHELLS;98386.0;2
0;27650.0;Charlie;Camilla;SEASHELLS;98403.0;3
0;27671.0;Camilla;Camilla;SEASHELLS;98444.0;3
0;27672.0;Charlie;Paris;SEASHELLS;98442.0;1
0;27684.0;Charlie;Paris;SEASHELLS;98444.0;2
0;27688.0;Camilla;Camilla;SEASHELLS;98449.0;3
0;27697.0;Paris;Camilla;SEASHELLS;98476.0;2
0;27756.0;Charlie;Paris;SEASHELLS;98402.0;3
0;27771.0;Camilla;Paris;SEASHELLS;98403.0;2
0;27792.0;Paris;Charlie;SEASHELLS;98406.0;2
0;27803.0;Paris;Charlie;SEASHELLS;98405.0;3
0;27808.0;Paris;Charlie;SEASHELLS;98395.0;2
0;27811.0;Paris;Camilla;SEASHELLS;98385.0;2
0;27909.0;Camilla;Paris;SEASHELLS;98434.0;3
0;27913.0;Paris;Camilla;SEASHELLS;98456.0;1
0;27917.0;Paris;Charlie;SEASHELLS;98454.0;2
0;27923.0;Camilla;Camilla;SEASHELLS;98441.0;3
0;27938.0;Camilla;Paris;SEASHELLS;98453.0;1
0;27956.0;Charlie;Camilla;SEASHELLS;98501.0;3
0;27963.0;Camilla;Camilla;SEASHELLS;98514.0;2
0;27964.0;Camilla;Paris;SEASHELLS;98509.0;3
0;27969.0;Paris;Charlie;SEASHELLS;98520.0;1
0;27996.0;Camilla;Paris;SEASHELLS;98574.0;3
0;28009.0;Camilla;Paris;SEASHELLS;98545.0;1
0;28021.0;Paris;Camilla;SEASHELLS;98543.0;1
0;28045.0;Camilla;Paris;SEASHELLS;98551.0;1
0;28071.0;Camilla;Paris;SEASHELLS;98591.0;1
0;28083.0;Camilla;Camilla;SEASHELLS;98590.0;2
0;28100.0;Paris;Camilla;SEASHELLS;98603.0;3
0;28127.0;Paris;Charlie;SEASHELLS;98716.0;3
0;28174.0;Camilla;Paris;SEASHELLS;98754.0;1
0;28179.0;Charlie;Camilla;SEASHELLS;98748.0;3
0;28181.0;Paris;Charlie;SEASHELLS;98770.0;3
0;28188.0;Camilla;Charlie;SEASHELLS;98764.0;2
0;28195.0;Paris;Camilla;SEASHELLS;98777.0;1
0;28224.0;Camilla;Paris;SEASHELLS;98827.0;3
0;28231.0;Paris;Camilla;SEASHELLS;98856.0;1
0;28238.0;Charlie;Camilla;SEASHELLS;98843.0;3
0;28255.0;Paris;Charlie;SEASHELLS;98876.0;3
0;28256.0;Camilla;Paris;SEASHELLS;98881.0;1
0;28285.0;Camilla;Camilla;SEASHELLS;98901.0;1
0;28288.0;Paris;Camilla;SEASHELLS;98900.0;2
0;28289.0;Camilla;Paris;SEASHELLS;98889.0;1
0;28289.0;Camilla;Camilla;SEASHELLS;98889.0;2
0;28307.0;Paris;Charlie;SEASHELLS;98880.0;3
0;28311.0;Paris;Camilla;SEASHELLS;98870.0;1
0;28317.0;Paris;Camilla;SEASHELLS;98853.0;1
0;28325.0;Camilla;Camilla;SEASHELLS;98854.0;1
0;28330.0;Charlie;Paris;SEASHELLS;98858.0;2
0;28349.0;Camilla;Camilla;SEASHELLS;98856.0;2
0;28361.0;Camilla;Paris;SEASHELLS;98888.0;1
0;28370.0;Paris;Charlie;SEASHELLS;98880.0;3
0;28371.0;Paris;Camilla;SEASHELLS;98881.0;1
0;28372.0;Camilla;Camilla;SEASHELLS;98877.0;3
0;28373.0;Charlie;Paris;SEASHELLS;98887.0;3
0;28374.0;Camilla;Paris;SEASHELLS;98885.0;3
0;28386.0;Charlie;Paris;SEASHELLS;98909.0;1
0;28397.0;Camilla;Camilla;SEASHELLS;98929.0;3
0;28411.0;Charlie;Paris;SEASHELLS;98924.0;2
0;28413.0;Camilla;Camilla;SEASHELLS;98921.0;3
0;28439.0;Camilla;Charlie;SEASHELLS;98913.0;1
0;28453.0;Camilla;Paris;SEASHELLS;98895.0;3
0;28483.0;Paris;Camilla;SEASHELLS;98901.0;1
0;28499.0;Charlie;Camilla;SEASHELLS;98910.0;3
0;28522.0;Charlie;Paris;SEASHELLS;98855.0;1
0;28577.0;Charlie;Paris;SEASHELLS;98821.0;1
0;28584.0;Paris;Camilla;SEASHELLS;98859.0;3
0;28593.0;Camilla;Paris;SEASHELLS;98842.0;2
0;28597.0;Charlie;Paris;SEASHELLS;98826.0;2
0;28599.0;Camilla;Charlie;SEASHELLS;98823.0;1
0;28610.0;Charlie;Camilla;SEASHELLS;98792.0;2
0;28614.0;Camilla;Paris;SEASHELLS;98794.0;1
0;28630.0;Paris;Camilla;SEASHELLS;98803.0;3
0;28656.0;Charlie;Camilla;SEASHELLS;98775.0;3
0;28663.0;Camilla;Paris;SEASHELLS;98798.0;2
0;28671.0;Camilla;Camilla;SEASHELLS;98815.0;1
0;28675.0;Charlie;Paris;SEASHELLS;98817.0;3
0;28677.0;Camilla;Camilla;SEASHELLS;98806.0;3
0;28680.0;Camilla;Paris;SEASHELLS;98807.0;2
0;28697.0;Paris;Camilla;SEASHELLS;98755.0;3
0;28698.0;Charlie;Paris;SEASHELLS;98758.0;2
0;28735.0;Camilla;Camilla;SEASHELLS;98743.0;3
0;28738.0;Paris;Camilla;SEASHELLS;98756.0;2
0;28760.0;Camilla;Paris;SEASHELLS;98758.0;2
0;28766.0;Charlie;Camilla;SEASHELLS;98771.0;1
0;28777.0;Camilla;Paris;SEASHELLS;98752.0;2
0;28805.0;Charlie;Paris;SEASHELLS;98700.0;2
0;28811.0;Camilla;Camilla;SEASHELLS;98712.0;1
0;28813.0;Camilla;Paris;SEASHELLS;98712.0;1
0;28831.0;Paris;Charlie;SEASHELLS;98719.0;1
0;28832.0;Paris;Camilla;SEASHELLS;98720.0;1
0;28847.0;Paris;Charlie;SEASHELLS;98724.0;2
0;28870.0;Charlie;Paris;SEASHELLS;98685.0;2
0;28873.0;Charlie;Camilla;SEASHELLS;98666.0;1
0;28879.0;Paris;Camilla;SEASHELLS;98659.0;2
0;28882.0;Camilla;Paris;SEASHELLS;98667.0;1
0;28893.0;Paris;Camilla;SEASHELLS;98657.0;2
0;28898.0;Camilla;Camilla;SEASHELLS;98671.0;1
0;28899.0;Paris;Camilla;SEASHELLS;98681.0;2
0;28903.0;Paris;Camilla;SEASHELLS;98681.0;3
0;28922.0;Camilla;Camilla;SEASHELLS;98676.0;3
0;28941.0;Paris;Camilla;SEASHELLS;98646.0;2
0;28951.0;Charlie;Paris;SEASHELLS;98618.0;1
0;28956.0;Charlie;Camilla;SEASHELLS;98644.0;3
0;28959.0;Charlie;Camilla;SEASHELLS;98625.0;3
0;28973.0;Charlie;Paris;SEASHELLS;98649.0;3
0;28983.0;Camilla;Camilla;SEASHELLS;98650.0;3
0;29026.0;Camilla;Camilla;SEASHELLS;98647.0;2
0;29048.0;Camilla;Camilla;SEASHELLS;98597.0;2
0;29065.0;Charlie;Camilla;SEASHELLS;98578.0;2
0;29071.0;Charlie;Camilla;SEASHELLS;98583.0;2
0;29073.0;Paris;Camilla;SEASHELLS;98592.0;3
0;29077.0;Charlie;Camilla;SEASHELLS;98576.0;1
0;29078.0;Paris;Camilla;SEASHELLS;98576.0;1
0;29099.0;Camilla;Camilla;SEASHELLS;98591.0;1
0;29124.0;Camilla;Paris;SEASHELLS;98562.0;2
0;29151.0;Camilla;Paris;SEASHELLS;98542.0;2
0;29157.0;Camilla;Paris;SEASHELLS;98547.0;2
0;29171.0;Camilla;Camilla;SEASHELLS;98534.0;2
0;29173.0;Camilla;Paris;SEASHELLS;98541.0;3
0;29181.0;Charlie;Paris;SEASHELLS;98531.0;3
0;29191.0;Paris;Camilla;SEASHELLS;98536.0;2
0;29244.0;Paris;Charlie;SEASHELLS;98633.0;3
0;29249.0;Camilla;Camilla;SEASHELLS;98603.0;1
0;29269.0;Paris;Charlie;SEASHELLS;98610.0;3
0;29282.0;Camilla;Camilla;SEASHELLS;98622.0;3
0;29290.0;Camilla;Paris;SEASHELLS;98682.0;3
0;29298.0;Charlie;Paris;SEASHELLS;98687.0;2
0;29302.0;Paris;Charlie;SEASHELLS;98688.0;2
0;29304.0;Camilla;Camilla;SEASHELLS;98684.0;3
0;29320.0;Charlie;Paris;SEASHELLS;98657.0;3
0;29356.0;Paris;Camilla;SEASHELLS;98651.0;2
0;29369.0;Paris;Charlie;SEASHELLS;98658.0;3
0;29370.0;Paris;Charlie;SEASHELLS;98646.0;3
0;29374.0;Paris;Camilla;SEASHELLS;98637.0;2
0;29385.0;Paris;Charlie;SEASHELLS;98669.0;1
0;29407.0;Paris;Camilla;SEASHELLS;98709.0;3
0;29550.0;Paris;Camilla;SEASHELLS;98736.0;2
0;29554.0;Camilla;Camilla;SEASHELLS;98735.0;3
0;29604.0;Camilla;Camilla;SEASHELLS;98827.0;3
0;29610.0;Charlie;Camilla;SEASHELLS;98811.0;2
0;29637.0;Charlie;Paris;SEASHELLS;98820.0;2
0;29657.0;Charlie;Paris;SEASHELLS;98875.0;3
0;29663.0;Camilla;Paris;SEASHELLS;98863.0;3
0;29677.0;Paris;Charlie;SEASHELLS;98908.0;3
0;29679.0;Charlie;Paris;SEASHELLS;98908.0;2
0;29684.0;Paris;Charlie;SEASHELLS;98916.0;1
0;29692.0;Camilla;Camilla;SEASHELLS;98883.0;2
0;29703.0;Charlie;Camilla;SEASHELLS;98912.0;1
0;29726.0;Camilla;Camilla;SEASHELLS;98907.0;1
0;29728.0;Charlie;Paris;SEASHELLS;98896.0;2
0;29730.0;Camilla;Camilla;SEASHELLS;98893.0;1
0;29743.0;Camilla;Paris;SEASHELLS;98880.0;2
0;29754.0;Camilla;Paris;SEASHELLS;98895.0;3
0;29809.0;Camilla;Camilla;SEASHELLS;98933.0;3
0;29822.0;Camilla;Camilla;SEASHELLS;98946.0;3
0;29829.0;Camilla;Paris;SEASHELLS;98934.0;2
0;29830.0;Charlie;Paris;SEASHELLS;98943.0;3
0;29868.0;Charlie;Paris;SEASHELLS;98981.0;1
0;29871.0;Paris;Charlie;SEASHELLS;98970.0;1
0;29878.0;Charlie;Camilla;SEASHELLS;98940.0;1
0;29883.0;Charlie;Paris;SEASHELLS;98947.0;3
0;29958.0;Camilla;Paris;SEASHELLS;98949.0;2
0;29962.0;Charlie;Camilla;SEASHELLS;98958.0;2
0;29965.0;Camilla;Paris;SEASHELLS;98959.0;2
0;29969.0;Charlie;Camilla;SEASHELLS;98963.0;3
0;29995.0;Paris;Camilla;SEASHELLS;98897.0;2
1;30014.0;Paris;Camilla;SEASHELLS;98906.0;3
1;30052.0;Paris;Charlie;SEASHELLS;98967.0;2
1;30103.0;Camilla;Camilla;SEASHELLS;98942.0;3
1;30141.0;Paris;Charlie;SEASHELLS;98969.0;2
1;30164.0;Charlie;Paris;SEASHELLS;98911.0;2
1;30166.0;Camilla;Camilla;SEASHELLS;98906.0;2
1;30167.0;Charlie;Paris;SEASHELLS;98915.0;3
1;30168.0;Camilla;Paris;SEASHELLS;98921.0;1
1;30172.0;Charlie;Camilla;SEASHELLS;98905.0;1
1;30174.0;Paris;Charlie;SEASHELLS;98927.0;1
1;30178.0;Camilla;Charlie;SEASHELLS;98923.0;1
1;30183.0;Camilla;Paris;SEASHELLS;98932.0;2
1;30191.0;Camilla;Camilla;SEASHELLS;98916.0;1
1;30200.0;Paris;Camilla;SEASHELLS;98946.0;2
1;30216.0;Camilla;Camilla;SEASHELLS;98934.0;3
1;30217.0;Paris;Camilla;SEASHELLS;98934.0;3
1;30235.0;Paris;Charlie;SEASHELLS;98908.0;1
1;30244.0;Paris;Charlie;SEASHELLS;98892.0;3
1;30335.0;Paris;Charlie;SEASHELLS;98920.0;3
1;30347.0;Paris;Camilla;SEASHELLS;98898.0;3
1;30361.0;Paris;Camilla;SEASHELLS;98923.0;3
1;30380.0;Camilla;Paris;SEASHELLS;98914.0;1
1;30483.0;Charlie;Paris;SEASHELLS;98949.0;2
1;30484.0;Paris;Camilla;SEASHELLS;98963.0;3
1;30487.0;Camilla;Paris;SEASHELLS;98973.0;3
1;30497.0;Charlie;Camilla;SEASHELLS;98966.0;2
1;30513.0;Charlie;Camilla;SEASHELLS;99002.0;3
1;30517.0;Paris;Camilla;SEASHELLS;98994.0;2
1;30523.0;Charlie;Paris;SEASHELLS;98971.0;3
1;30537.0;Charlie;Camilla;SEASHELLS;99025.0;3
1;30555.0;Charlie;Camilla;SEASHELLS;98988.0;3
1;30555.0;Paris;Charlie;SEASHELLS;98991.0;3
1;30580.0;Paris;Camilla;SEASHELLS;99012.0;1
1;30603.0;Paris;Camilla;SEASHELLS;99003.0;1
1;30608.0;Paris;Camilla;SEASHELLS;99024.0;3
1;30615.0;Camilla;Charlie;SEASHELLS;99028.0;1
1;30644.0;Paris;Camilla;SEASHELLS;99039.0;2
1;30655.0;Paris;Camilla;SEASHELLS;99057.0;2
1;30669.0;Camilla;Camilla;SEASHELLS;99019.0;2
1;30680.0;Charlie;Paris;SEASHELLS;99004.0;1
1;30692.0;Charlie;Paris;SEASHELLS;99020.0;1
1;30694.0;Charlie;Camilla;SEASHELLS;99027.0;1
1;30718.0;Charlie;Camilla;SEASHELLS;99040.0;2
1;30736.0;Paris;Charlie;SEASHELLS;99022.0;2
1;30754.0;Camilla;Paris;SEASHELLS;99052.0;3
1;30768.0;Camilla;Camilla;SEASHELLS;99061.0;3
1;30772.0;Charlie;Camilla;SEASHELLS;99050.0;2
1;30784.0;Charlie;Paris;SEASHELLS;99067.0;1
1;30794.0;Paris;Charlie;SEASHELLS;99049.0;1
1;30810.0;Paris;Charlie;SEASHELLS;99069.0;1
1;30826.0;Camilla;Paris;SEASHELLS;99078.0;2
1;30826.0;Camilla;Camilla;SEASHELLS;99080.0;1
1;30854.0;Paris;Charlie;SEASHELLS;99018.0;2
1;30856.0;Charlie;Paris;SEASHELLS;99025.0;3
1;30872.0;Charlie;Camilla;SEASHELLS;99026.0;3
1;30912.0;Paris;Charlie;SEASHELLS;99059.0;1
1;30922.0;Camilla;Paris;SEASHELLS;99085.0;3
1;30940.0;Camilla;Paris;SEASHELLS;99079.0;1
1;30982.0;Charlie;Paris;SEASHELLS;99070.0;1
1;30985.0;Charlie;Paris;SEASHELLS;99095.0;1
1;31000.0;Camilla;Charlie;SEASHELLS;99109.0;1
1;31005.0;Charlie;Camilla;SEASHELLS;99097.0;1
1;31026.0;Camilla;Paris;SEASHELLS;99060.0;3
1;31034.0;Paris;Charlie;SEASHELLS;99081.0;2
1;31079.0;Charlie;Camilla;SEASHELLS;99026.0;1
1;31089.0;Charlie;Paris;SEASHELLS;99041.0;2
1;31092.0;Paris;Charlie;SEASHELLS;99051.0;3
1;31144.0;Camilla;Camilla;SEASHELLS;98980.0;1
1;31148.0;Charlie;Paris;SEASHELLS;98994.0;3
1;31151.0;Charlie;Paris;SEASHELLS;98988.0;1
1;31155.0;Camilla;Paris;SEASHELLS;98971.0;3
1;31164.0;Paris;Charlie;SEASHELLS;98936.0;2
1;31232.0;Paris;Charlie;SEASHELLS;98940.0;3
1;31264.0;Camilla;Camilla;SEASHELLS;99019.0;3
1;31265.0;Paris;Charlie;SEASHELLS;99021.0;1
1;31266.0;Paris;Camilla;SEASHELLS;99020.0;2
1;31267.0;Camilla;Paris;SEASHELLS;99025.0;1
1;31276.0;Charlie;Camilla;SEASHELLS;99018.0;3
1;31302.0;Camilla;Camilla;SEASHELLS;99036.0;3
1;31303.0;Paris;Charlie;SEASHELLS;99030.0;1
1;31305.0;Charlie;Paris;SEASHELLS;99021.0;3
1;31308.0;Camilla;Paris;SEASHELLS;99024.0;3
1;31311.0;Paris;Charlie;SEASHELLS;99018.0;3
1;31313.0;Charlie;Camilla;SEASHELLS;99022.0;1
1;31326.0;Camilla;Paris;SEASHELLS;99017.0;1
1;31339.0;Camilla;Camilla;SEASHELLS;99030.0;3
1;31342.0;Charlie;Camilla;SEASHELLS;99018.0;3
1;31358.0;Camilla;Paris;SEASHELLS;99010.0;3
1;31381.0;Camilla;Paris;SEASHELLS;98962.0;1
1;31408.0;Charlie;Paris;SEASHELLS;98993.0;1
1;31448.0;Charlie;Camilla;SEASHELLS;98977.0;1
1;31462.0;Paris;Charlie;SEASHELLS;98998.0;3
1;31468.0;Charlie;Paris;SEASHELLS;98993.0;3
1;31481.0;Paris;Charlie;SEASHELLS;98983.0;2
1;31484.0;Paris;Camilla;SEASHELLS;98993.0;1
1;31485.0;Charlie;Paris;SEASHELLS;98982.0;1
1;31489.0;Camilla;Camilla;SEASHELLS;98980.0;2
1;31504.0;Camilla;Camilla;SEASHELLS;98991.0;1
1;31506.0;Camilla;Camilla;SEASHELLS;98994.0;3
1;31521.0;Camilla;Paris;SEASHELLS;98953.0;3
1;31526.0;Camilla;Paris;SEASHELLS;98942.0;3
1;31527.0;Charlie;Camilla;SEASHELLS;98940.0;1
1;31565.0;Camilla;Paris;SEASHELLS;99026.0;3
1;31581.0;Charlie;Paris;SEASHELLS;99015.0;3
1;31591.0;Camilla;Paris;SEASHELLS;99011.0;2
1;31600.0;Paris;Charlie;SEASHELLS;99010.0;2
1;31602.0;Paris;Charlie;SEASHELLS;99004.0;1
1;31624.0;Paris;Camilla;SEASHELLS;98957.0;3
1;31630.0;Charlie;Paris;SEASHELLS;98943.0;3
1;31637.0;Charlie;Paris;SEASHELLS;98962.0;1
1;31639.0;Camilla;Camilla;SEASHELLS;98948.0;2
1;31639.0;Camilla;Paris;SEASHELLS;98948.0;1
1;31652.0;Camilla;Paris;SEASHELLS;98949.0;1
1;31659.0;Charlie;Paris;SEASHELLS;98957.0;2
1;31672.0;Camilla;Camilla;SEASHELLS;98962.0;3
1;31682.0;Paris;Charlie;SEASHELLS;98928.0;2
1;31687.0;Camilla;Camilla;SEASHELLS;98918.0;1
1;31708.0;Charlie;Paris;SEASHELLS;98885.0;3
1;31725.0;Camilla;Camilla;SEASHELLS;98872.0;3
1;31745.0;Paris;Camilla;SEASHELLS;98921.0;3
1;31795.0;Paris;Camilla;SEASHELLS;98856.0;1
1;31800.0;Camilla;Camilla;SEASHELLS;98861.0;1
1;31808.0;Paris;Camilla;SEASHELLS;98845.0;2
1;31841.0;Paris;Camilla;SEASHELLS;98863.0;2
1;31859.0;Camilla;Paris;SEASHELLS;98865.0;1
1;31864.0;Charlie;Paris;SEASHELLS;98845.0;1
1;31867.0;Camilla;Charlie;SEASHELLS;98834.0;1
1;31870.0;Paris;Charlie;SEASHELLS;98839.0;3
1;31893.0;Camilla;Charlie;SEASHELLS;98832.0;2
1;31895.0;Camilla;Paris;SEASHELLS;98809.0;1
1;31904.0;Charlie;Camilla;SEASHELLS;98813.0;1
1;31916.0;Charlie;Camilla;SEASHELLS;98822.0;1
1;31916.0;Paris;Charlie;SEASHELLS;98825.0;3
1;31921.0;Paris;Charlie;SEASHELLS;98816.0;2
1;31929.0;Camilla;Paris;SEASHELLS;98784.0;2
1;31948.0;Camilla;Camilla;SEASHELLS;98779.0;1
1;31955.0;Paris;Camilla;SEASHELLS;98792.0;1
1;31966.0;Camilla;Paris;SEASHELLS;98831.0;2
1;31968.0;Camilla;Camilla;SEASHELLS;98850.0;3
1;31980.0;Camilla;Paris;SEASHELLS;98835.0;2
1;32011.0;Camilla;Camilla;SEASHELLS;98880.0;1
1;32022.0;Camilla;Paris;SEASHELLS;98825.0;2
1;32043.0;Paris;Charlie;SEASHELLS;98882.0;1
1;32061.0;Paris;Charlie;SEASHELLS;98888.0;1
1;32065.0;Charlie;Paris;SEASHELLS;98902.0;1
1;32089.0;Camilla;Paris;SEASHELLS;98904.0;1
1;32108.0;Camilla;Paris;SEASHELLS;98900.0;3
1;32112.0;Paris;Camilla;SEASHELLS;98917.0;2
1;32120.0;Paris;Camilla;SEASHELLS;98915.0;2
1;32121.0;Camilla;Charlie;SEASHELLS;98911.0;1
1;32147.0;Paris;Camilla;SEASHELLS;98939.0;1
1;32160.0;Charlie;Paris;SEASHELLS;98948.0;3
1;32166.0;Paris;Charlie;SEASHELLS;98938.0;1
1;32172.0;Camilla;Camilla;SEASHELLS;98902.0;3
1;32176.0;Paris;Charlie;SEASHELLS;98873.0;2
1;32184.0;Camilla;Camilla;SEASHELLS;98888.0;2
1;32185.0;Camilla;Paris;SEASHELLS;98883.0;2
1;32190.0;Camilla;Camilla;SEASHELLS;98870.0;1
1;32210.0;Paris;Camilla;SEASHELLS;98910.0;3
1;32230.0;Camilla;Camilla;SEASHELLS;98963.0;1
1;32254.0;Camilla;Camilla;SEASHELLS;98940.0;3
1;32296.0;Camilla;Paris;SEASHELLS;98953.0;2
1;32313.0;Camilla;Paris;SEASHELLS;98979.0;3
1;32321.0;Paris;Camilla;SEASHELLS;98993.0;1
1;32335.0;Paris;Camilla;SEASHELLS;98970.0;2
1;32343.0;Paris;Charlie;SEASHELLS;98977.0;1
1;32365.0;Camilla;Paris;SEASHELLS;98982.0;2
1;32375.0;Paris;Camilla;SEASHELLS;98993.0;3
1;32385.0;Camilla;Camilla;SEASHELLS;98974.0;1
1;32428.0;Charlie;Camilla;SEASHELLS;98993.0;2
1;32433.0;Charlie;Camilla;SEASHELLS;98998.0;2
1;32442.0;Paris;Camilla;SEASHELLS;99017.0;1
1;32474.0;Paris;Camilla;SEASHELLS;98997.0;3
1;32486.0;Paris;Charlie;SEASHELLS;99021.0;3
1;32504.0;Charlie;Paris;SEASHELLS;99070.0;2
1;32512.0;Camilla;Paris;SEASHELLS;99026.0;1
1;32528.0;Camilla;Paris;SEASHELLS;99006.0;3
1;32531.0;Paris;Charlie;SEASHELLS;99031.0;2
1;32532.0;Paris;Charlie;SEASHELLS;99031.0;2
1;32554.0;Camilla;Camilla;SEASHELLS;99046.0;3
1;32565.0;Charlie;Paris;SEASHELLS;99064.0;1
1;32582.0;Charlie;Camilla;SEASHELLS;99101.0;1
1;32598.0;Paris;Camilla;SEASHELLS;99075.0;2
1;32637.0;Charlie;Camilla;SEASHELLS;99133.0;1
1;32638.0;Paris;Charlie;SEASHELLS;99140.0;3
1;32660.0;Paris;Camilla;SEASHELLS;99143.0;1
1;32675.0;Charlie;Camilla;SEASHELLS;99182.0;1
1;32711.0;Paris;Camilla;SEASHELLS;99208.0;2
1;32733.0;Paris;Camilla;SEASHELLS;99212.0;1
1;32769.0;Paris;Charlie;SEASHELLS;99253.0;1
1;32785.0;Camilla;Camilla;SEASHELLS;99305.0;2
1;32818.0;Charlie;Paris;SEASHELLS;99358.0;1
1;32878.0;Charlie;Paris;SEASHELLS;99398.0;2
1;32894.0;Charlie;Camilla;SEASHELLS;99382.0;1
1;32912.0;Paris;Camilla;SEASHELLS;99318.0;1
1;32947.0;Paris;Charlie;SEASHELLS;99298.0;2
1;32973.0;Paris;Camilla;SEASHELLS;99308.0;3
1;33066.0;Paris;Charlie;SEASHELLS;99217.0;3
1;33068.0;Paris;Camilla;SEASHELLS;99227.0;3
1;33071.0;Camilla;Paris;SEASHELLS;99235.0;1
1;33086.0;Charlie;Paris;SEASHELLS;99231.0;2
1;33093.0;Paris;Charlie;SEASHELLS;99232.0;1
1;33094.0;Paris;Camilla;SEASHELLS;99228.0;1
1;33111.0;Charlie;Paris;SEASHELLS;99218.0;1
1;33115.0;Charlie;Paris;SEASHELLS;99236.0;1
1;33123.0;Charlie;Paris;SEASHELLS;99244.0;2
1;33133.0;Camilla;Camilla;SEASHELLS;99251.0;1
1;33143.0;Camilla;Paris;SEASHELLS;99230.0;1
1;33155.0;Paris;Charlie;SEASHELLS;99198.0;3
1;33166.0;Charlie;Camilla;SEASHELLS;99187.0;2
1;33168.0;Charlie;Camilla;SEASHELLS;99198.0;2
1;33176.0;Camilla;Paris;SEASHELLS;99209.0;1
1;33176.0;Camilla;Camilla;SEASHELLS;99209.0;3
1;33177.0;Charlie;Paris;SEASHELLS;99212.0;2
1;33178.0;Paris;Camilla;SEASHELLS;99209.0;2
1;33195.0;Charlie;Camilla;SEASHELLS;99193.0;1
1;33199.0;Camilla;Camilla;SEASHELLS;99168.0;1
1;33224.0;Paris;Camilla;SEASHELLS;99154.0;2
1;33227.0;Charlie;Camilla;SEASHELLS;99135.0;1
1;33229.0;Charlie;Camilla;SEASHELLS;99125.0;3
1;33242.0;Paris;Charlie;SEASHELLS;99132.0;3
1;33246.0;Camilla;Camilla;SEASHELLS;99123.0;1
1;33256.0;Camilla;Camilla;SEASHELLS;99149.0;1
1;33279.0;Paris;Camilla;SEASHELLS;99187.0;1
1;33295.0;Charlie;Paris;SEASHELLS;99164.0;2
1;33312.0;Camilla;Paris;SEASHELLS;99175.0;1
1;33321.0;Paris;Camilla;SEASHELLS;99177.0;3
1;33322.0;Paris;Camilla;SEASHELLS;99172.0;3
1;33349.0;Charlie;Paris;SEASHELLS;99132.0;2
1;33362.0;Camilla;Paris;SEASHELLS;99164.0;2
1;33371.0;Paris;Charlie;SEASHELLS;99197.0;2
1;33375.0;Charlie;Paris;SEASHELLS;99187.0;2
1;33389.0;Charlie;Camilla;SEASHELLS;99186.0;1
1;33390.0;Charlie;Paris;SEASHELLS;99182.0;3
1;33413.0;Camilla;Camilla;SEASHELLS;99163.0;1
1;33437.0;Charlie;Camilla;SEASHELLS;99143.0;1
1;33457.0;Camilla;Paris;SEASHELLS;99108.0;2
1;33470.0;Charlie;Camilla;SEASHELLS;99116.0;1
1;33474.0;Paris;Camilla;SEASHELLS;99134.0;2
1;33486.0;Charlie;Camilla;SEASHELLS;99147.0;3
1;33489.0;Paris;Camilla;SEASHELLS;99149.0;3
1;33501.0;Paris;Charlie;SEASHELLS;99180.0;1
1;33513.0;Camilla;Camilla;SEASHELLS;99158.0;2
1;33514.0;Charlie;Camilla;SEASHELLS;99152.0;1
1;33549.0;Camilla;Camilla;SEASHELLS;99153.0;2
1;33549.0;Camilla;Paris;SEASHELLS;99153.0;3
1;33559.0;Paris;Charlie;SEASHELLS;99193.0;3
1;33562.0;Charlie;Paris;SEASHELLS;99186.0;2
1;33568.0;Camilla;Camilla;SEASHELLS;99162.0;1
1;33588.0;Charlie;Paris;SEASHELLS;99144.0;1
1;33589.0;Paris;Charlie;SEASHELLS;99159.0;2
1;33593.0;Camilla;Paris;SEASHELLS;99144.0;3
1;33596.0;Charlie;Paris;SEASHELLS;99140.0;3
1;33602.0;Charlie;Paris;SEASHELLS;99159.0;1
1;33603.0;Paris;Camilla;SEASHELLS;99169.0;3
1;33613.0;Camilla;Paris;SEASHELLS;99150.0;3
1;33627.0;Charlie;Paris;SEASHELLS;99185.0;1
1;33630.0;Charlie;Paris;SEASHELLS;99189.0;3
1;33632.0;Camilla;Camilla;SEASHELLS;99202.0;3
1;33639.0;Charlie;Paris;SEASHELLS;99216.0;1
1;33643.0;Camilla;Camilla;SEASHELLS;99211.0;3
1;33651.0;Paris;Charlie;SEASHELLS;99214.0;2
1;33658.0;Camilla;Camilla;SEASHELLS;99222.0;2
1;33680.0;Camilla;Paris;SEASHELLS;99198.0;1
1;33684.0;Camilla;Paris;SEASHELLS;99203.0;2
1;33687.0;Charlie;Paris;SEASHELLS;99213.0;3
1;33729.0;Paris;Camilla;SEASHELLS;99246.0;3
1;33733.0;Charlie;Camilla;SEASHELLS;99225.0;1
1;33736.0;Charlie;Camilla;SEASHELLS;99234.0;3
1;33759.0;Camilla;Camilla;SEASHELLS;99262.0;2
1;33760.0;Paris;Charlie;SEASHELLS;99261.0;2
1;33761.0;Camilla;Paris;SEASHELLS;99260.0;1
1;33767.0;Charlie;Paris;SEASHELLS;99261.0;3
1;33770.0;Camilla;Paris;SEASHELLS;99255.0;1
1;33774.0;Charlie;Camilla;SEASHELLS;99250.0;2
1;33787.0;Camilla;Camilla;SEASHELLS;99242.0;3
1;33795.0;Charlie;Camilla;SEASHELLS;99234.0;3
1;33841.0;Camilla;Camilla;SEASHELLS;99201.0;3
1;33882.0;Camilla;Camilla;SEASHELLS;99175.0;1
1;33884.0;Camilla;Camilla;SEASHELLS;99180.0;3
1;33890.0;Paris;Camilla;SEASHELLS;99175.0;3
1;33894.0;Paris;Charlie;SEASHELLS;99191.0;2
1;33904.0;Camilla;Camilla;SEASHELLS;99208.0;3
1;33921.0;Camilla;Paris;SEASHELLS;99234.0;3
1;33936.0;Camilla;Paris;SEASHELLS;99253.0;1
1;33943.0;Camilla;Camilla;SEASHELLS;99238.0;3
1;33947.0;Camilla;Camilla;SEASHELLS;99249.0;3
1;33960.0;Paris;Charlie;SEASHELLS;99229.0;1
1;34017.0;Paris;Charlie;SEASHELLS;99228.0;1
1;34024.0;Camilla;Paris;SEASHELLS;99222.0;3
1;34059.0;Charlie;Camilla;SEASHELLS;99213.0;2
1;34119.0;Charlie;Paris;SEASHELLS;99259.0;2
1;34126.0;Camilla;Camilla;SEASHELLS;99252.0;2
1;34130.0;Paris;Charlie;SEASHELLS;99254.0;1
1;34139.0;Camilla;Paris;SEASHELLS;99249.0;1
1;34159.0;Charlie;Paris;SEASHELLS;99224.0;2
1;34195.0;Camilla;Paris;SEASHELLS;99254.0;3
1;34211.0;Charlie;Paris;SEASHELLS;99245.0;3
1;34222.0;Paris;Charlie;SEASHELLS;99216.0;1
1;34225.0;Paris;Charlie;SEASHELLS;99209.0;2
1;34236.0;Charlie;Paris;SEASHELLS;99211.0;3
1;34255.0;Camilla;Charlie;SEASHELLS;99168.0;1
1;34281.0;Charlie;Paris;SEASHELLS;99228.0;1
1;34293.0;Camilla;Camilla;SEASHELLS;99247.0;1
1;34294.0;Charlie;Paris;SEASHELLS;99247.0;2
1;34299.0;Paris;Charlie;SEASHELLS;99244.0;1
1;34307.0;Camilla;Paris;SEASHELLS;99207.0;3
1;34342.0;Camilla;Paris;SEASHELLS;99226.0;2
1;34346.0;Charlie;Camilla;SEASHELLS;99234.0;3
1;34348.0;Camilla;Camilla;SEASHELLS;99233.0;2
1;34362.0;Paris;Charlie;SEASHELLS;99251.0;1
1;34364.0;Paris;Charlie;SEASHELLS;99243.0;1
1;34367.0;Paris;Charlie;SEASHELLS;99252.0;3
1;34379.0;Charlie;Paris;SEASHELLS;99267.0;1
1;34401.0;Camilla;Paris;SEASHELLS;99294.0;2
1;34403.0;Charlie;Paris;SEASHELLS;99308.0;1
1;34406.0;Camilla;Paris;SEASHELLS;99298.0;3
1;34411.0;Camilla;Charlie;SEASHELLS;99306.0;1
1;34435.0;Camilla;Camilla;SEASHELLS;99290.0;1
1;34436.0;Paris;Camilla;SEASHELLS;99280.0;1
1;34440.0;Paris;Camilla;SEASHELLS;99277.0;1
1;34454.0;Charlie;Camilla;SEASHELLS;99281.0;2
1;34471.0;Paris;Charlie;SEASHELLS;99251.0;2
1;34480.0;Charlie;Paris;SEASHELLS;99204.0;1
1;34497.0;Camilla;Camilla;SEASHELLS;99193.0;1
1;34505.0;Camilla;Camilla;SEASHELLS;99188.0;1
1;34509.0;Paris;Charlie;SEASHELLS;99204.0;2
1;34530.0;Paris;Charlie;SEASHELLS;99201.0;2
1;34532.0;Camilla;Paris;SEASHELLS;99200.0;2
1;34536.0;Paris;Camilla;SEASHELLS;99188.0;3
1;34539.0;Charlie;Paris;SEASHELLS;99193.0;3
1;34543.0;Camilla;Paris;SEASHELLS;99201.0;3
1;34551.0;Paris;Charlie;SEASHELLS;99185.0;3
1;34557.0;Camilla;Paris;SEASHELLS;99171.0;2
1;34582.0;Paris;Charlie;SEASHELLS;99125.0;3
1;34608.0;Camilla;Camilla;SEASHELLS;99108.0;1
1;34624.0;Paris;Charlie;SEASHELLS;99125.0;3
1;34625.0;Paris;Camilla;SEASHELLS;99122.0;1
1;34658.0;Camilla;Camilla;SEASHELLS;99094.0;2
1;34660.0;Camilla;Camilla;SEASHELLS;99093.0;2
1;34660.0;Camilla;Paris;SEASHELLS;99093.0;2
1;34666.0;Paris;Camilla;SEASHELLS;99078.0;1
1;34667.0;Camilla;Paris;SEASHELLS;99077.0;1
1;34672.0;Charlie;Paris;SEASHELLS;99089.0;2
1;34673.0;Paris;Charlie;SEASHELLS;99091.0;1
1;34679.0;Charlie;Paris;SEASHELLS;99066.0;2
1;34685.0;Paris;Charlie;SEASHELLS;99063.0;1
1;34725.0;Charlie;Paris;SEASHELLS;99114.0;3
1;34736.0;Charlie;Paris;SEASHELLS;99143.0;3
1;34752.0;Charlie;Paris;SEASHELLS;99120.0;2
1;34758.0;Charlie;Camilla;SEASHELLS;99126.0;3
1;34762.0;Charlie;Paris;SEASHELLS;99106.0;3
1;34781.0;Paris;Camilla;SEASHELLS;99093.0;2
1;34786.0;Camilla;Paris;SEASHELLS;99089.0;3
1;34793.0;Camilla;Paris;SEASHELLS;99101.0;1
1;34794.0;Charlie;Camilla;SEASHELLS;99095.0;2
1;34803.0;Paris;Camilla;SEASHELLS;99087.0;2
1;34810.0;Charlie;Camilla;SEASHELLS;99082.0;2
1;34812.0;Camilla;Camilla;SEASHELLS;99085.0;1
1;34826.0;Camilla;Paris;SEASHELLS;99075.0;2
1;34868.0;Charlie;Paris;SEASHELLS;99068.0;1
1;34877.0;Paris;Camilla;SEASHELLS;99066.0;1
1;34880.0;Camilla;Paris;SEASHELLS;99080.0;2
1;34880.0;Camilla;Camilla;SEASHELLS;99080.0;3
1;34900.0;Camilla;Paris;SEASHELLS;99088.0;2
1;34912.0;Camilla;Paris;SEASHELLS;99080.0;1
1;34922.0;Camilla;Paris;SEASHELLS;99074.0;1
1;34936.0;Camilla;Camilla;SEASHELLS;99098.0;3
1;34940.0;Camilla;Paris;SEASHELLS;99102.0;1
1;34941.0;Charlie;Paris;SEASHELLS;99104.0;1
1;34968.0;Paris;Charlie;SEASHELLS;99133.0;3
1;34972.0;Charlie;Paris;SEASHELLS;99138.0;2
1;35020.0;Camilla;Camilla;SEASHELLS;99084.0;1
1;35032.0;Charlie;Camilla;SEASHELLS;99079.0;2
1;35040.0;Paris;Charlie;SEASHELLS;99081.0;2
1;35043.0;Paris;Camilla;SEASHELLS;99071.0;1
1;35052.0;Charlie;Camilla;SEASHELLS;99087.0;2
1;35082.0;Charlie;Camilla;SEASHELLS;99099.0;3
1;35083.0;Camilla;Paris;SEASHELLS;99095.0;3
1;35094.0;Camilla;Camilla;SEASHELLS;99077.0;1
1;35118.0;Paris;Charlie;SEASHELLS;99131.0;2
1;35119.0;Charlie;Paris;SEASHELLS;99127.0;1
1;35149.0;Camilla;Camilla;SEASHELLS;99149.0;1
1;35150.0;Camilla;Paris;SEASHELLS;99148.0;1
1;35166.0;Charlie;Camilla;SEASHELLS;99179.0;3
1;35172.0;Paris;Camilla;SEASHELLS;99198.0;1
1;35173.0;Paris;Camilla;SEASHELLS;99198.0;3
1;35176.0;Charlie;Paris;SEASHELLS;99190.0;2
1;35178.0;Paris;Charlie;SEASHELLS;99189.0;2
1;35188.0;Charlie;Paris;SEASHELLS;99192.0;2
1;35189.0;Paris;Camilla;SEASHELLS;99210.0;3
1;35192.0;Camilla;Paris;SEASHELLS;99194.0;3
1;35216.0;Charlie;Paris;SEASHELLS;99220.0;1
1;35228.0;Charlie;Paris;SEASHELLS;99229.0;3
1;35241.0;Camilla;Paris;SEASHELLS;99257.0;3
1;35260.0;Charlie;Paris;SEASHELLS;99270.0;2
1;35269.0;Camilla;Paris;SEASHELLS;99248.0;2
1;35276.0;Camilla;Camilla;SEASHELLS;99221.0;2
1;35290.0;Charlie;Paris;SEASHELLS;99199.0;1
1;35312.0;Camilla;Paris;SEASHELLS;99171.0;1
1;35326.0;Paris;Charlie;SEASHELLS;99176.0;1
1;35332.0;Camilla;Charlie;SEASHELLS;99184.0;1
1;35337.0;Paris;Charlie;SEASHELLS;99218.0;2
1;35337.0;Camilla;Charlie;SEASHELLS;99217.0;1
1;35348.0;Charlie;Paris;SEASHELLS;99223.0;1
1;35372.0;Paris;Charlie;SEASHELLS;99258.0;1
1;35382.0;Charlie;Camilla;SEASHELLS;99253.0;3
1;35396.0;Camilla;Camilla;SEASHELLS;99235.0;3
1;35407.0;Paris;Charlie;SEASHELLS;99264.0;3
1;35412.0;Paris;Camilla;SEASHELLS;99268.0;2
1;35443.0;Paris;Camilla;SEASHELLS;99241.0;1
1;35504.0;Camilla;Camilla;SEASHELLS;99256.0;1
1;35515.0;Camilla;Camilla;SEASHELLS;99222.0;2
1;35523.0;Charlie;Paris;SEASHELLS;99262.0;1
1;35526.0;Charlie;Camilla;SEASHELLS;99268.0;1
1;35532.0;Camilla;Paris;SEASHELLS;99278.0;3
1;35541.0;Charlie;Paris;SEASHELLS;99286.0;2
1;35588.0;Camilla;Paris;SEASHELLS;99314.0;3
1;35633.0;Charlie;Paris;SEASHELLS;99362.0;1
1;35638.0;Charlie;Paris;SEASHELLS;99383.0;2
1;35649.0;Camilla;Paris;SEASHELLS;99404.0;1
1;35651.0;Charlie;Paris;SEASHELLS;99413.0;1
1;35674.0;Camilla;Camilla;SEASHELLS;99395.0;1
1;35698.0;Charlie;Camilla;SEASHELLS;99371.0;1
1;35710.0;Camilla;Camilla;SEASHELLS;99385.0;3
1;35716.0;Paris;Charlie;SEASHELLS;99393.0;2
1;35760.0;Paris;Camilla;SEASHELLS;99422.0;1
1;35783.0;Charlie;Camilla;SEASHELLS;99394.0;2
1;35798.0;Charlie;Camilla;SEASHELLS;99402.0;2
1;35804.0;Charlie;Paris;SEASHELLS;99381.0;1
1;35809.0;Charlie;Camilla;SEASHELLS;99388.0;1
1;35814.0;Charlie;Camilla;SEASHELLS;99387.0;2
1;35825.0;Camilla;Camilla;SEASHELLS;99405.0;1
1;35848.0;Paris;Charlie;SEASHELLS;99426.0;3
1;35859.0;Camilla;Paris;SEASHELLS;99438.0;1
1;35894.0;Camilla;Camilla;SEASHELLS;99414.0;2
1;35895.0;Paris;Charlie;SEASHELLS;99403.0;2
1;35901.0;Paris;Charlie;SEASHELLS;99373.0;3
1;35920.0;Camilla;Camilla;SEASHELLS;99293.0;3
1;35942.0;Paris;Charlie;SEASHELLS;99274.0;3
1;35943.0;Paris;Charlie;SEASHELLS;99281.0;2
1;35950.0;Charlie;Paris;SEASHELLS;99287.0;3
1;35955.0;Paris;Charlie;SEASHELLS;99299.0;1
1;35963.0;Charlie;Paris;SEASHELLS;99279.0;2
1;35976.0;Charlie;Paris;SEASHELLS;99287.0;2
1;36002.0;Charlie;Paris;SEASHELLS;99270.0;2
1;36017.0;Paris;Camilla;SEASHELLS;99252.0;3
1;36021.0;Paris;Camilla;SEASHELLS;99252.0;2
1;36039.0;Charlie;Camilla;SEASHELLS;99229.0;1
1;36061.0;Paris;Charlie;SEASHELLS;99156.0;3
1;36081.0;Camilla;Camilla;SEASHELLS;99138.0;3
1;36083.0;Charlie;Paris;SEASHELLS;99135.0;3
1;36158.0;Paris;Camilla;SEASHELLS;99176.0;2
1;36179.0;Charlie;Paris;SEASHELLS;99157.0;1
1;36201.0;Paris;Camilla;SEASHELLS;99147.0;3
1;36205.0;Paris;Charlie;SEASHELLS;99158.0;1
1;36235.0;Charlie;Camilla;SEASHELLS;99125.0;2
1;36255.0;Camilla;Camilla;SEASHELLS;99112.0;3
1;36275.0;Camilla;Camilla;SEASHELLS;99150.0;3
1;36285.0;Camilla;Paris;SEASHELLS;99130.0;2
1;36286.0;Charlie;Camilla;SEASHELLS;99122.0;1
1;36313.0;Camilla;Paris;SEASHELLS;99158.0;3
1;36332.0;Camilla;Paris;SEASHELLS;99168.0;2
1;36344.0;Paris;Camilla;SEASHELLS;99168.0;3
1;36346.0;Paris;Charlie;SEASHELLS;99171.0;1
1;36349.0;Paris;Charlie;SEASHELLS;99190.0;1
1;36350.0;Charlie;Paris;SEASHELLS;99187.0;1
1;36373.0;Charlie;Paris;SEASHELLS;99204.0;3
1;36389.0;Paris;Camilla;SEASHELLS;99257.0;2
1;36395.0;Camilla;Paris;SEASHELLS;99284.0;3
1;36415.0;Camilla;Paris;SEASHELLS;99284.0;1
1;36428.0;Paris;Camilla;SEASHELLS;99277.0;2
1;36437.0;Paris;Camilla;SEASHELLS;99289.0;3
1;36459.0;Camilla;Paris;SEASHELLS;99314.0;3
1;36472.0;Camilla;Paris;SEASHELLS;99326.0;2
1;36487.0;Camilla;Paris;SEASHELLS;99342.0;2
1;36509.0;Camilla;Camilla;SEASHELLS;99315.0;3
1;36515.0;Camilla;Paris;SEASHELLS;99288.0;2
1;36527.0;Paris;Camilla;SEASHELLS;99305.0;3
1;36531.0;Camilla;Charlie;SEASHELLS;99275.0;2
1;36537.0;Charlie;Paris;SEASHELLS;99276.0;3
1;36547.0;Camilla;Paris;SEASHELLS;99274.0;2
1;36552.0;Camilla;Camilla;SEASHELLS;99254.0;1
1;36566.0;Paris;Charlie;SEASHELLS;99282.0;2
1;36599.0;Camilla;Camilla;SEASHELLS;99236.0;3
1;36616.0;Paris;Charlie;SEASHELLS;99229.0;1
1;36619.0;Camilla;Camilla;SEASHELLS;99232.0;1
1;36637.0;Paris;Charlie;SEASHELLS;99249.0;3
1;36643.0;Camilla;Paris;SEASHELLS;99240.0;3
1;36658.0;Charlie;Paris;SEASHELLS;99273.0;1
1;36676.0;Paris;Camilla;SEASHELLS;99273.0;3
1;36682.0;Camilla;Camilla;SEASHELLS;99265.0;2
1;36737.0;Camilla;Charlie;SEASHELLS;99301.0;1
1;36751.0;Camilla;Camilla;SEASHELLS;99246.0;3
1;36759.0;Camilla;Paris;SEASHELLS;99255.0;2
1;36779.0;Paris;Charlie;SEASHELLS;99268.0;1
1;36780.0;Camilla;Paris;SEASHELLS;99269.0;3
1;36837.0;Charlie;Paris;SEASHELLS;99279.0;2
1;36852.0;Camilla;Paris;SEASHELLS;99271.0;3
1;36877.0;Camilla;Camilla;SEASHELLS;99326.0;1
1;36899.0;Charlie;Paris;SEASHELLS;99355.0;1
1;36922.0;Camilla;Camilla;SEASHELLS;99407.0;3
1;36936.0;Paris;Camilla;SEASHELLS;99411.0;2
1;36940.0;Paris;Camilla;SEASHELLS;99412.0;3
1;36945.0;Camilla;Camilla;SEASHELLS;99427.0;1
1;36958.0;Camilla;Paris;SEASHELLS;99431.0;3
1;36972.0;Charlie;Paris;SEASHELLS;99471.0;1
1;36976.0;Paris;Charlie;SEASHELLS;99477.0;3
1;36977.0;Charlie;Camilla;SEASHELLS;99464.0;2
1;36983.0;Charlie;Paris;SEASHELLS;99469.0;3
1;36985.0;Paris;Camilla;SEASHELLS;99473.0;3
1;37000.0;Charlie;Camilla;SEASHELLS;99470.0;3
1;37013.0;Paris;Charlie;SEASHELLS;99440.0;2
1;37019.0;Camilla;Paris;SEASHELLS;99445.0;3
1;37022.0;Charlie;Paris;SEASHELLS;99446.0;3
1;37037.0;Charlie;Camilla;SEASHELLS;99436.0;1
1;37055.0;Paris;Charlie;SEASHELLS;99452.0;2
1;37066.0;Charlie;Paris;SEASHELLS;99429.0;2
1;37069.0;Paris;Camilla;SEASHELLS;99426.0;1
1;37073.0;Charlie;Paris;SEASHELLS;99412.0;3
1;37077.0;Paris;Charlie;SEASHELLS;99397.0;1
1;37078.0;Charlie;Paris;SEASHELLS;99388.0;3
1;37098.0;Paris;Charlie;SEASHELLS;99373.0;2
1;37100.0;Paris;Camilla;SEASHELLS;99376.0;3
1;37104.0;Camilla;Camilla;SEASHELLS;99365.0;1
1;37110.0;Paris;Camilla;SEASHELLS;99375.0;2
1;37123.0;Camilla;Paris;SEASHELLS;99391.0;1
1;37151.0;Paris;Camilla;SEASHELLS;99375.0;1
1;37154.0;Charlie;Paris;SEASHELLS;99376.0;2
1;37166.0;Camilla;Paris;SEASHELLS;99393.0;1
1;37168.0;Camilla;Paris;SEASHELLS;99380.0;2
1;37177.0;Charlie;Paris;SEASHELLS;99358.0;2
1;37211.0;Camilla;Camilla;SEASHELLS;99350.0;3
1;37223.0;Paris;Camilla;SEASHELLS;99313.0;3
1;37241.0;Paris;Camilla;SEASHELLS;99344.0;3
1;37247.0;Camilla;Camilla;SEASHELLS;99332.0;3
1;37250.0;Camilla;Camilla;SEASHELLS;99354.0;3
1;37266.0;Charlie;Paris;SEASHELLS;99340.0;3
1;37272.0;Camilla;Paris;SEASHELLS;99359.0;1
1;37279.0;Paris;Charlie;SEASHELLS;99342.0;3
1;37291.0;Charlie;Paris;SEASHELLS;99321.0;2
1;37305.0;Charlie;Camilla;SEASHELLS;99332.0;3
1;37322.0;Charlie;Paris;SEASHELLS;99305.0;3
1;37346.0;Camilla;Paris;SEASHELLS;99333.0;3
1;37382.0;Camilla;Paris;SEASHELLS;99430.0;1
1;37396.0;Camilla;Camilla;SEASHELLS;99425.0;2
1;37404.0;Charlie;Paris;SEASHELLS;99422.0;1
1;37410.0;Charlie;Camilla;SEASHELLS;99417.0;3
1;37420.0;Camilla;Paris;SEASHELLS;99415.0;1
1;37437.0;Camilla;Paris;SEASHELLS;99396.0;2
1;37440.0;Charlie;Paris;SEASHELLS;99395.0;3
1;37441.0;Paris;Charlie;SEASHELLS;99395.0;2
1;37476.0;Paris;Charlie;SEASHELLS;99352.0;3
1;37513.0;Paris;Charlie;SEASHELLS;99373.0;2
1;37522.0;Charlie;Camilla;SEASHELLS;99376.0;1
1;37528.0;Charlie;Paris;SEASHELLS;99373.0;2
1;37550.0;Charlie;Paris;SEASHELLS;99344.0;1
1;37558.0;Paris;Charlie;SEASHELLS;99351.0;1
1;37568.0;Charlie;Paris;SEASHELLS;99371.0;3
1;37584.0;Charlie;Paris;SEASHELLS;99348.0;2
1;37591.0;Charlie;Camilla;SEASHELLS;99344.0;1
1;37600.0;Charlie;Camilla;SEASHELLS;99338.0;3
1;37602.0;Paris;Camilla;SEASHELLS;99347.0;2
1;37630.0;Charlie;Camilla;SEASHELLS;99284.0;1
1;37634.0;Camilla;Camilla;SEASHELLS;99281.0;1
1;37639.0;Paris;Camilla;SEASHELLS;99283.0;3
1;37657.0;Charlie;Camilla;SEASHELLS;99299.0;3
1;37664.0;Charlie;Camilla;SEASHELLS;99285.0;3
1;37669.0;Camilla;Camilla;SEASHELLS;99297.0;3
1;37675.0;Charlie;Paris;SEASHELLS;99280.0;1
1;37698.0;Charlie;Paris;SEASHELLS;99279.0;1
1;37700.0;Charlie;Paris;SEASHELLS;99296.0;2
1;37713.0;Paris;Camilla;SEASHELLS;99282.0;2
1;37733.0;Camilla;Paris;SEASHELLS;99331.0;2
1;37771.0;Camilla;Camilla;SEASHELLS;99324.0;2
1;37786.0;Camilla;Paris;SEASHELLS;99290.0;1
1;37808.0;Charlie;Camilla;SEASHELLS;99265.0;1
1;37827.0;Camilla;Paris;SEASHELLS;99296.0;1
1;37832.0;Paris;Charlie;SEASHELLS;99320.0;1
1;37846.0;Camilla;Paris;SEASHELLS;99320.0;1
1;37865.0;Camilla;Camilla;SEASHELLS;99351.0;3
1;37876.0;Camilla;Camilla;SEASHELLS;99298.0;3
1;37893.0;Camilla;Paris;SEASHELLS;99252.0;2
1;37901.0;Paris;Charlie;SEASHELLS;99279.0;3
1;37953.0;Paris;Charlie;SEASHELLS;99299.0;2
1;37963.0;Charlie;Paris;SEASHELLS;99272.0;2
1;37964.0;Paris;Camilla;SEASHELLS;99272.0;1
1;37968.0;Camilla;Camilla;SEASHELLS;99288.0;2
1;37999.0;Camilla;Camilla;SEASHELLS;99290.0;1
1;38008.0;Charlie;Paris;SEASHELLS;99262.0;3
1;38022.0;Charlie;Paris;SEASHELLS;99280.0;3
1;38036.0;Paris;Camilla;SEASHELLS;99314.0;1
1;38096.0;Camilla;Paris;SEASHELLS;99340.0;1
1;38097.0;Charlie;Paris;SEASHELLS;99343.0;2
1;38109.0;Paris;Charlie;SEASHELLS;99345.0;3
1;38137.0;Paris;Camilla;SEASHELLS;99329.0;2
1;38145.0;Paris;Camilla;SEASHELLS;99337.0;2
1;38151.0;Camilla;Camilla;SEASHELLS;99309.0;2
1;38158.0;Camilla;Paris;SEASHELLS;99311.0;3
1;38159.0;Paris;Charlie;SEASHELLS;99315.0;3
1;38171.0;Charlie;Paris;SEASHELLS;99317.0;2
1;38175.0;Camilla;Camilla;SEASHELLS;99312.0;1
1;38198.0;Charlie;Camilla;SEASHELLS;99296.0;3
1;38215.0;Paris;Charlie;SEASHELLS;99258.0;2
1;38225.0;Paris;Charlie;SEASHELLS;99249.0;2
1;38227.0;Camilla;Camilla;SEASHELLS;99234.0;2
1;38230.0;Camilla;Paris;SEASHELLS;99238.0;1
1;38237.0;Camilla;Camilla;SEASHELLS;99253.0;2
1;38258.0;Camilla;Paris;SEASHELLS;99290.0;3
1;38261.0;Camilla;Paris;SEASHELLS;99302.0;1
1;38295.0;Paris;Camilla;SEASHELLS;99299.0;1
1;38300.0;Charlie;Camilla;SEASHELLS;99272.0;3
1;38302.0;Paris;Charlie;SEASHELLS;99280.0;2
1;38306.0;Charlie;Paris;SEASHELLS;99278.0;3
1;38326.0;Paris;Camilla;SEASHELLS;99264.0;2
1;38351.0;Paris;Charlie;SEASHELLS;99273.0;3
1;38366.0;Charlie;Paris;SEASHELLS;99303.0;2
1;38393.0;Camilla;Paris;SEASHELLS;99292.0;2
1;38394.0;Charlie;Paris;SEASHELLS;99295.0;3
1;38412.0;Paris;Camilla;SEASHELLS;99284.0;1
1;38433.0;Camilla;Paris;SEASHELLS;99290.0;2
1;38439.0;Paris;Charlie;SEASHELLS;99266.0;3
1;38440.0;Camilla;Paris;SEASHELLS;99271.0;1
1;38445.0;Paris;Camilla;SEASHELLS;99271.0;1
1;38446.0;Camilla;Camilla;SEASHELLS;99275.0;3
1;38446.0;Paris;Camilla;SEASHELLS;99277.0;2
1;38461.0;Paris;Camilla;SEASHELLS;99299.0;1
1;38464.0;Paris;Charlie;SEASHELLS;99297.0;3
1;38477.0;Charlie;Paris;SEASHELLS;99313.0;3
1;38507.0;Charlie;Paris;SEASHELLS;99261.0;1
1;38524.0;Camilla;Paris;SEASHELLS;99257.0;2
1;38559.0;Charlie;Camilla;SEASHELLS;99270.0;1
1;38571.0;Charlie;Paris;SEASHELLS;99265.0;2
1;38584.0;Charlie;Camilla;SEASHELLS;99253.0;3
1;38597.0;Camilla;Paris;SEASHELLS;99270.0;1
1;38606.0;Camilla;Camilla;SEASHELLS;99297.0;3
1;38622.0;Charlie;Paris;SEASHELLS;99278.0;1
1;38622.0;Charlie;Camilla;SEASHELLS;99278.0;1
1;38624.0;Camilla;Charlie;SEASHELLS;99268.0;2
1;38627.0;Paris;Camilla;SEASHELLS;99255.0;1
1;38645.0;Charlie;Paris;SEASHELLS;99223.0;3
1;38657.0;Camilla;Paris;SEASHELLS;99216.0;1
1;38663.0;Camilla;Paris;SEASHELLS;99237.0;3
1;38683.0;Charlie;Paris;SEASHELLS;99264.0;2
1;38698.0;Paris;Camilla;SEASHELLS;99291.0;2
1;38716.0;Paris;Charlie;SEASHELLS;99329.0;1
1;38718.0;Camilla;Paris;SEASHELLS;99338.0;3
1;38725.0;Camilla;Paris;SEASHELLS;99347.0;1
1;38755.0;Camilla;Paris;SEASHELLS;99327.0;3
1;38757.0;Camilla;Camilla;SEASHELLS;99334.0;1
1;38771.0;Camilla;Camilla;SEASHELLS;99354.0;3
1;38776.0;Camilla;Paris;SEASHELLS;99356.0;3
1;38809.0;Paris;Charlie;SEASHELLS;99329.0;1
1;38811.0;Paris;Charlie;SEASHELLS;99327.0;2
1;38889.0;Charlie;Camilla;SEASHELLS;99382.0;2
1;38907.0;Camilla;Paris;SEASHELLS;99392.0;1
1;38927.0;Paris;Charlie;SEASHELLS;99379.0;2
1;38965.0;Camilla;Camilla;SEASHELLS;99351.0;3
1;38989.0;Camilla;Camilla;SEASHELLS;99323.0;3
1;38997.0;Camilla;Paris;SEASHELLS;99313.0;1
1;39006.0;Camilla;Camilla;SEASHELLS;99277.0;1
1;39020.0;Paris;Camilla;SEASHELLS;99258.0;1
1;39025.0;Camilla;Paris;SEASHELLS;99250.0;3
1;39071.0;Camilla;Paris;SEASHELLS;99240.0;1
1;39107.0;Charlie;Camilla;SEASHELLS;99217.0;1
1;39116.0;Camilla;Camilla;SEASHELLS;99185.0;1
1;39161.0;Paris;Charlie;SEASHELLS;99211.0;1
1;39186.0;Paris;Camilla;SEASHELLS;99268.0;2
1;39209.0;Charlie;Paris;SEASHELLS;99239.0;2
1;39241.0;Paris;Charlie;SEASHELLS;99192.0;2
1;39242.0;Camilla;Charlie;SEASHELLS;99193.0;1
1;39248.0;Paris;Charlie;SEASHELLS;99179.0;3
1;39261.0;Camilla;Camilla;SEASHELLS;99184.0;2
1;39284.0;Paris;Charlie;SEASHELLS;99172.0;1
1;39354.0;Camilla;Paris;SEASHELLS;99139.0;1
1;39359.0;Charlie;Paris;SEASHELLS;99135.0;1
1;39364.0;Paris;Camilla;SEASHELLS;99145.0;3
1;39371.0;Camilla;Paris;SEASHELLS;99144.0;1
1;39378.0;Paris;Charlie;SEASHELLS;99134.0;3
1;39384.0;Charlie;Camilla;SEASHELLS;99136.0;1
1;39403.0;Charlie;Camilla;SEASHELLS;99164.0;1
1;39435.0;Camilla;Camilla;SEASHELLS;99197.0;2
1;39451.0;Paris;Charlie;SEASHELLS;99185.0;2
1;39483.0;Camilla;Paris;SEASHELLS;99188.0;2
1;39489.0;Camilla;Camilla;SEASHELLS;99206.0;1
1;39514.0;Camilla;Camilla;SEASHELLS;99280.0;2
1;39521.0;Charlie;Camilla;SEASHELLS;99282.0;2
1;39535.0;Charlie;Paris;SEASHELLS;99287.0;2
1;39536.0;Paris;Camilla;SEASHELLS;99297.0;1
1;39546.0;Charlie;Camilla;SEASHELLS;99303.0;3
1;39550.0;Paris;Charlie;SEASHELLS;99292.0;2
1;39553.0;Camilla;Paris;SEASHELLS;99275.0;1
1;39556.0;Charlie;Camilla;SEASHELLS;99273.0;2
1;39574.0;Paris;Camilla;SEASHELLS;99252.0;2
1;39588.0;Paris;Charlie;SEASHELLS;99272.0;3
1;39607.0;Paris;Charlie;SEASHELLS;99300.0;3
1;39630.0;Camilla;Paris;SEASHELLS;99306.0;3
1;39672.0;Camilla;Paris;SEASHELLS;99275.0;1
1;39679.0;Charlie;Paris;SEASHELLS;99260.0;1
1;39682.0;Camilla;Camilla;SEASHELLS;99244.0;2
1;39690.0;Charlie;Paris;SEASHELLS;99235.0;2
1;39691.0;Charlie;Camilla;SEASHELLS;99232.0;2
1;39708.0;Camilla;Camilla;SEASHELLS;99194.0;3
1;39711.0;Paris;Charlie;SEASHELLS;99182.0;3
1;39731.0;Paris;Camilla;SEASHELLS;99220.0;1
1;39737.0;Charlie;Paris;SEASHELLS;99245.0;1
1;39745.0;Paris;Camilla;SEASHELLS;99239.0;1
1;39765.0;Paris;Camilla;SEASHELLS;99207.0;1
1;39766.0;Paris;Camilla;SEASHELLS;99208.0;3
1;39781.0;Paris;Camilla;SEASHELLS;99243.0;1
1;39782.0;Paris;Camilla;SEASHELLS;99240.0;2
1;39795.0;Camilla;Camilla;SEASHELLS;99272.0;3
1;39813.0;Paris;Camilla;SEASHELLS;99286.0;3
1;39817.0;Charlie;Paris;SEASHELLS;99286.0;1
1;39820.0;Paris;Charlie;SEASHELLS;99281.0;2
1;39852.0;Charlie;Camilla;SEASHELLS;99170.0;2
1;39855.0;Charlie;Paris;SEASHELLS;99198.0;1
1;39857.0;Camilla;Camilla;SEASHELLS;99208.0;1
1;39907.0;Paris;Camilla;SEASHELLS;99188.0;1
1;39910.0;Camilla;Camilla;SEASHELLS;99166.0;2
1;39911.0;Charlie;Paris;SEASHELLS;99146.0;2
1;39937.0;Charlie;Camilla;SEASHELLS;99172.0;1
1;39942.0;Charlie;Camilla;SEASHELLS;99163.0;1
1;39945.0;Paris;Camilla;SEASHELLS;99183.0;2
1;39947.0;Paris;Camilla;SEASHELLS;99175.0;3
1;39954.0;Charlie;Camilla;SEASHELLS;99174.0;3
1;39961.0;Paris;Camilla;SEASHELLS;99165.0;1
1;39984.0;Charlie;Paris;SEASHELLS;99190.0;1
2;40014.0;Camilla;Camilla;SEASHELLS;99179.0;3
2;40014.0;Camilla;Paris;SEASHELLS;99179.0;3
2;40025.0;Paris;Charlie;SEASHELLS;99170.0;1
2;40026.0;Charlie;Paris;SEASHELLS;99181.0;2
2;40052.0;Charlie;Paris;SEASHELLS;99178.0;1
2;40070.0;Charlie;Camilla;SEASHELLS;99185.0;2
2;40070.0;Paris;Charlie;SEASHELLS;99188.0;1
2;40083.0;Paris;Charlie;SEASHELLS;99143.0;1
2;40087.0;Camilla;Camilla;SEASHELLS;99143.0;1
2;40088.0;Camilla;Paris;SEASHELLS;99155.0;3
2;40089.0;Camilla;Paris;SEASHELLS;99150.0;1
2;40104.0;Camilla;Paris;SEASHELLS;99120.0;2
2;40114.0;Paris;Camilla;SEASHELLS;99113.0;1
2;40174.0;Charlie;Paris;SEASHELLS;99170.0;1
2;40208.0;Camilla;Paris;SEASHELLS;99129.0;3
2;40211.0;Charlie;Paris;SEASHELLS;99144.0;3
2;40216.0;Paris;Charlie;SEASHELLS;99114.0;2
2;40237.0;Paris;Camilla;SEASHELLS;99075.0;1
2;40246.0;Paris;Camilla;SEASHELLS;99066.0;1
2;40273.0;Paris;Charlie;SEASHELLS;99122.0;1
2;40276.0;Camilla;Paris;SEASHELLS;99114.0;2
2;40295.0;Paris;Charlie;SEASHELLS;99145.0;3
2;40308.0;Paris;Charlie;SEASHELLS;99145.0;1
2;40329.0;Camilla;Camilla;SEASHELLS;99127.0;1
2;40330.0;Camilla;Charlie;SEASHELLS;99129.0;1
2;40341.0;Paris;Camilla;SEASHELLS;99122.0;2
2;40360.0;Camilla;Paris;SEASHELLS;99123.0;2
2;40380.0;Camilla;Paris;SEASHELLS;99131.0;2
2;40380.0;Camilla;Camilla;SEASHELLS;99131.0;2
2;40401.0;Paris;Camilla;SEASHELLS;99101.0;3
2;40463.0;Charlie;Paris;SEASHELLS;99085.0;3
2;40485.0;Charlie;Camilla;SEASHELLS;99106.0;3
2;40508.0;Charlie;Paris;SEASHELLS;99118.0;2
2;40540.0;Paris;Camilla;SEASHELLS;99138.0;1
2;40556.0;Paris;Charlie;SEASHELLS;99088.0;3
2;40593.0;Paris;Camilla;SEASHELLS;99054.0;3
2;40612.0;Camilla;Paris;SEASHELLS;99046.0;2
2;40671.0;Charlie;Paris;SEASHELLS;99137.0;3
2;40695.0;Camilla;Camilla;SEASHELLS;99184.0;1
2;40722.0;Camilla;Paris;SEASHELLS;99125.0;1
2;40731.0;Camilla;Camilla;SEASHELLS;99146.0;2
2;40734.0;Paris;Camilla;SEASHELLS;99134.0;2
2;40755.0;Paris;Charlie;SEASHELLS;99180.0;1
2;40777.0;Camilla;Camilla;SEASHELLS;99196.0;1
2;40793.0;Charlie;Paris;SEASHELLS;99191.0;3
2;40800.0;Camilla;Camilla;SEASHELLS;99185.0;3
2;40816.0;Camilla;Charlie;SEASHELLS;99157.0;1
2;40843.0;Charlie;Paris;SEASHELLS;99156.0;2
2;40858.0;Charlie;Paris;SEASHELLS;99157.0;2
2;40859.0;Charlie;Paris;SEASHELLS;99158.0;1
2;40870.0;Camilla;Camilla;SEASHELLS;99167.0;3
2;40905.0;Charlie;Paris;SEASHELLS;99182.0;3
2;40919.0;Camilla;Paris;SEASHELLS;99210.0;1
2;40921.0;Charlie;Paris;SEASHELLS;99214.0;1
2;40946.0;Paris;Charlie;SEASHELLS;99203.0;3
2;40951.0;Paris;Charlie;SEASHELLS;99213.0;3
2;40952.0;Camilla;Paris;SEASHELLS;99214.0;1
2;40957.0;Camilla;Camilla;SEASHELLS;99192.0;1
2;40962.0;Charlie;Paris;SEASHELLS;99176.0;1
2;40966.0;Camilla;Paris;SEASHELLS;99193.0;3
2;40976.0;Charlie;Camilla;SEASHELLS;99191.0;2
2;40986.0;Camilla;Paris;SEASHELLS;99196.0;1
2;41002.0;Camilla;Camilla;SEASHELLS;99177.0;1
2;41006.0;Camilla;Camilla;SEASHELLS;99168.0;3
2;41018.0;Charlie;Paris;SEASHELLS;99170.0;1
2;41046.0;Charlie;Paris;SEASHELLS;99175.0;2
2;41058.0;Charlie;Camilla;SEASHELLS;99167.0;1
2;41074.0;Paris;Camilla;SEASHELLS;99217.0;2
2;41084.0;Camilla;Camilla;SEASHELLS;99225.0;2
2;41087.0;Camilla;Paris;SEASHELLS;99240.0;1
2;41093.0;Paris;Charlie;SEASHELLS;99248.0;2
2;41112.0;Camilla;Paris;SEASHELLS;99294.0;1
2;41126.0;Camilla;Paris;SEASHELLS;99282.0;1
2;41148.0;Paris;Camilla;SEASHELLS;99250.0;1
2;41151.0;Paris;Camilla;SEASHELLS;99244.0;1
2;41169.0;Charlie;Paris;SEASHELLS;99263.0;2
2;41260.0;Paris;Camilla;SEASHELLS;99367.0;3
2;41277.0;Paris;Charlie;SEASHELLS;99375.0;2
2;41312.0;Paris;Charlie;SEASHELLS;99393.0;3
2;41318.0;Charlie;Paris;SEASHELLS;99376.0;1
2;41319.0;Camilla;Paris;SEASHELLS;99386.0;2
2;41329.0;Paris;Camilla;SEASHELLS;99390.0;1
2;41343.0;Charlie;Camilla;SEASHELLS;99406.0;3
2;41349.0;Camilla;Paris;SEASHELLS;99395.0;1
2;41353.0;Paris;Camilla;SEASHELLS;99381.0;1
2;41358.0;Paris;Camilla;SEASHELLS;99404.0;2
2;41359.0;Charlie;Paris;SEASHELLS;99397.0;1
2;41363.0;Paris;Camilla;SEASHELLS;99392.0;1
2;41368.0;Charlie;Camilla;SEASHELLS;99421.0;1
2;41387.0;Paris;Charlie;SEASHELLS;99405.0;1
2;41401.0;Paris;Camilla;SEASHELLS;99368.0;1
2;41403.0;Charlie;Camilla;SEASHELLS;99376.0;1
2;41417.0;Camilla;Camilla;SEASHELLS;99306.0;1
2;41428.0;Paris;Camilla;SEASHELLS;99314.0;3
2;41434.0;Camilla;Camilla;SEASHELLS;99321.0;2
2;41440.0;Paris;Charlie;SEASHELLS;99352.0;3
2;41454.0;Paris;Charlie;SEASHELLS;99323.0;2
2;41461.0;Camilla;Charlie;SEASHELLS;99340.0;1
2;41466.0;Paris;Charlie;SEASHELLS;99323.0;3
2;41471.0;Camilla;Paris;SEASHELLS;99303.0;3
2;41480.0;Paris;Camilla;SEASHELLS;99298.0;3
2;41509.0;Charlie;Paris;SEASHELLS;99319.0;1
2;41516.0;Camilla;Camilla;SEASHELLS;99313.0;2
2;41531.0;Charlie;Paris;SEASHELLS;99304.0;3
2;41544.0;Charlie;Paris;SEASHELLS;99305.0;2
2;41550.0;Paris;Camilla;SEASHELLS;99316.0;3
2;41575.0;Camilla;Paris;SEASHELLS;99304.0;3
2;41575.0;Camilla;Camilla;SEASHELLS;99304.0;2
2;41576.0;Camilla;Paris;SEASHELLS;99304.0;1
2;41605.0;Camilla;Camilla;SEASHELLS;99340.0;3
2;41620.0;Camilla;Camilla;SEASHELLS;99321.0;3
2;41625.0;Camilla;Paris;SEASHELLS;99330.0;2
2;41644.0;Camilla;Charlie;SEASHELLS;99319.0;1
2;41703.0;Charlie;Paris;SEASHELLS;99452.0;3
2;41723.0;Paris;Camilla;SEASHELLS;99504.0;1
2;41741.0;Paris;Camilla;SEASHELLS;99534.0;2
2;41782.0;Paris;Camilla;SEASHELLS;99570.0;1
2;41800.0;Camilla;Paris;SEASHELLS;99589.0;2
2;41801.0;Camilla;Paris;SEASHELLS;99597.0;2
2;41819.0;Camilla;Camilla;SEASHELLS;99624.0;1
2;41823.0;Paris;Charlie;SEASHELLS;99628.0;2
2;41828.0;Camilla;Paris;SEASHELLS;99631.0;2
2;41837.0;Camilla;Paris;SEASHELLS;99652.0;2
2;41838.0;Camilla;Camilla;SEASHELLS;99648.0;1
2;41845.0;Charlie;Camilla;SEASHELLS;99636.0;3
2;41852.0;Camilla;Charlie;SEASHELLS;99641.0;1
2;41870.0;Camilla;Camilla;SEASHELLS;99686.0;2
2;41873.0;Charlie;Paris;SEASHELLS;99698.0;1
2;41884.0;Camilla;Paris;SEASHELLS;99704.0;1
2;41892.0;Camilla;Paris;SEASHELLS;99733.0;1
2;41900.0;Charlie;Paris;SEASHELLS;99754.0;2
2;41911.0;Camilla;Camilla;SEASHELLS;99761.0;2
2;41920.0;Paris;Camilla;SEASHELLS;99765.0;3
2;41940.0;Charlie;Camilla;SEASHELLS;99791.0;2
2;41945.0;Camilla;Camilla;SEASHELLS;99781.0;1
2;41956.0;Camilla;Camilla;SEASHELLS;99792.0;1
2;41958.0;Charlie;Paris;SEASHELLS;99804.0;2
2;41964.0;Charlie;Camilla;SEASHELLS;99790.0;1
2;41984.0;Camilla;Paris;SEASHELLS;99787.0;2
2;42000.0;Camilla;Paris;SEASHELLS;99786.0;2
2;42009.0;Paris;Camilla;SEASHELLS;99777.0;1
2;42033.0;Paris;Camilla;SEASHELLS;99806.0;2
2;42050.0;Paris;Charlie;SEASHELLS;99813.0;3
2;42062.0;Charlie;Camilla;SEASHELLS;99813.0;2
2;42106.0;Charlie;Camilla;SEASHELLS;99935.0;3
2;42109.0;Paris;Charlie;SEASHELLS;99936.0;1
2;42118.0;Camilla;Camilla;SEASHELLS;99915.0;3
2;42129.0;Paris;Charlie;SEASHELLS;99922.0;2
2;42156.0;Paris;Camilla;SEASHELLS;99946.0;3
2;42168.0;Paris;Camilla;SEASHELLS;99958.0;2
2;42174.0;Charlie;Camilla;SEASHELLS;99978.0;3
2;42180.0;Paris;Charlie;SEASHELLS;99971.0;1
2;42188.0;Camilla;Camilla;SEASHELLS;99977.0;2
2;42206.0;Paris;Camilla;SEASHELLS;99966.0;1
2;42250.0;Camilla;Camilla;SEASHELLS;100036.0;2
2;42260.0;Charlie;Camilla;SEASHELLS;100036.0;3
2;42262.0;Camilla;Charlie;SEASHELLS;100026.0;1
2;42325.0;Camilla;Camilla;SEASHELLS;100069.0;1
2;42331.0;Paris;Charlie;SEASHELLS;100069.0;1
2;42337.0;Paris;Camilla;SEASHELLS;100058.0;3
2;42341.0;Camilla;Paris;SEASHELLS;100020.0;2
2;42360.0;Camilla;Camilla;SEASHELLS;99970.0;1
2;42400.0;Paris;Camilla;SEASHELLS;99987.0;3
2;42419.0;Charlie;Camilla;SEASHELLS;99969.0;2
2;42485.0;Camilla;Paris;SEASHELLS;100038.0;1
2;42497.0;Charlie;Paris;SEASHELLS;100075.0;2
2;42505.0;Camilla;Paris;SEASHELLS;100101.0;1
2;42534.0;Paris;Camilla;SEASHELLS;100085.0;1
2;42542.0;Paris;Camilla;SEASHELLS;100096.0;1
2;42547.0;Charlie;Camilla;SEASHELLS;100090.0;1
2;42566.0;Paris;Camilla;SEASHELLS;100057.0;3
2;42583.0;Charlie;Camilla;SEASHELLS;100071.0;1
2;42587.0;Charlie;Paris;SEASHELLS;100070.0;2
2;42589.0;Paris;Camilla;SEASHELLS;100074.0;1
2;42604.0;Charlie;Paris;SEASHELLS;100070.0;1
2;42610.0;Charlie;Paris;SEASHELLS;100061.0;3
2;42620.0;Camilla;Camilla;SEASHELLS;100075.0;1
2;42642.0;Paris;Charlie;SEASHELLS;100022.0;1
2;42679.0;Charlie;Paris;SEASHELLS;99946.0;3
2;42684.0;Charlie;Paris;SEASHELLS;99930.0;2
2;42694.0;Camilla;Camilla;SEASHELLS;99927.0;3
2;42696.0;Charlie;Paris;SEASHELLS;99936.0;3
2;42717.0;Charlie;Paris;SEASHELLS;99952.0;2
2;42726.0;Camilla;Camilla;SEASHELLS;99987.0;1
2;42761.0;Camilla;Paris;SEASHELLS;99965.0;2
2;42784.0;Charlie;Camilla;SEASHELLS;99991.0;3
2;42791.0;Camilla;Paris;SEASHELLS;99972.0;3
2;42792.0;Charlie;Paris;SEASHELLS;99964.0;2
2;42815.0;Charlie;Paris;SEASHELLS;99967.0;1
2;42816.0;Paris;Camilla;SEASHELLS;99972.0;2
2;42834.0;Camilla;Paris;SEASHELLS;99978.0;2
2;42848.0;Charlie;Paris;SEASHELLS;99973.0;1
2;42851.0;Charlie;Camilla;SEASHELLS;99962.0;2
2;42859.0;Paris;Camilla;SEASHELLS;99958.0;3
2;42870.0;Paris;Charlie;SEASHELLS;99957.0;3
2;42876.0;Charlie;Paris;SEASHELLS;99938.0;3
2;42887.0;Paris;Camilla;SEASHELLS;99963.0;2
2;42903.0;Paris;Charlie;SEASHELLS;99958.0;3
2;42904.0;Camilla;Charlie;SEASHELLS;99953.0;1
2;42928.0;Charlie;Camilla;SEASHELLS;99977.0;2
2;42931.0;Paris;Charlie;SEASHELLS;99961.0;1
2;42942.0;Camilla;Camilla;SEASHELLS;99958.0;1
2;42949.0;Charlie;Paris;SEASHELLS;99933.0;1
2;42986.0;Paris;Camilla;SEASHELLS;99888.0;1
2;42987.0;Camilla;Camilla;SEASHELLS;99881.0;2
2;43014.0;Charlie;Camilla;SEASHELLS;99847.0;3
2;43028.0;Paris;Charlie;SEASHELLS;99836.0;2
2;43058.0;Paris;Charlie;SEASHELLS;99815.0;3
2;43069.0;Paris;Charlie;SEASHELLS;99812.0;2
2;43088.0;Camilla;Paris;SEASHELLS;99827.0;1
2;43111.0;Paris;Charlie;SEASHELLS;99848.0;2
2;43115.0;Paris;Camilla;SEASHELLS;99834.0;2
2;43124.0;Paris;Camilla;SEASHELLS;99826.0;2
2;43163.0;Camilla;Charlie;SEASHELLS;99840.0;1
2;43188.0;Camilla;Camilla;SEASHELLS;99857.0;3
2;43190.0;Paris;Charlie;SEASHELLS;99849.0;1
2;43192.0;Paris;Charlie;SEASHELLS;99852.0;3
2;43196.0;Camilla;Paris;SEASHELLS;99834.0;3
2;43231.0;Charlie;Paris;SEASHELLS;99865.0;2
2;43237.0;Charlie;Camilla;SEASHELLS;99874.0;2
2;43257.0;Paris;Charlie;SEASHELLS;99902.0;1
2;43295.0;Camilla;Camilla;SEASHELLS;99821.0;3
2;43302.0;Camilla;Camilla;SEASHELLS;99830.0;3
2;43411.0;Camilla;Camilla;SEASHELLS;99897.0;3
2;43418.0;Charlie;Paris;SEASHELLS;99885.0;1
2;43448.0;Camilla;Paris;SEASHELLS;99850.0;1
2;43467.0;Paris;Charlie;SEASHELLS;99864.0;2
2;43472.0;Paris;Camilla;SEASHELLS;99858.0;3
2;43489.0;Paris;Charlie;SEASHELLS;99814.0;3
2;43490.0;Camilla;Paris;SEASHELLS;99824.0;2
2;43506.0;Paris;Charlie;SEASHELLS;99836.0;2
2;43559.0;Charlie;Paris;SEASHELLS;99858.0;1
2;43569.0;Charlie;Paris;SEASHELLS;99846.0;1
2;43588.0;Paris;Charlie;SEASHELLS;99821.0;1
2;43602.0;Charlie;Camilla;SEASHELLS;99797.0;2
2;43607.0;Charlie;Paris;SEASHELLS;99798.0;1
2;43618.0;Camilla;Camilla;SEASHELLS;99802.0;2
2;43621.0;Paris;Charlie;SEASHELLS;99800.0;1
2;43631.0;Charlie;Paris;SEASHELLS;99763.0;1
2;43637.0;Camilla;Charlie;SEASHELLS;99784.0;2
2;43639.0;Paris;Camilla;SEASHELLS;99778.0;2
2;43641.0;Paris;Charlie;SEASHELLS;99789.0;1
2;43645.0;Charlie;Paris;SEASHELLS;99816.0;2
2;43661.0;Paris;Charlie;SEASHELLS;99831.0;3
2;43664.0;Camilla;Camilla;SEASHELLS;99837.0;2
2;43667.0;Camilla;Paris;SEASHELLS;99846.0;1
2;43675.0;Camilla;Camilla;SEASHELLS;99857.0;3
2;43681.0;Charlie;Paris;SEASHELLS;99847.0;1
2;43684.0;Paris;Charlie;SEASHELLS;99848.0;2
2;43694.0;Charlie;Paris;SEASHELLS;99866.0;3
2;43702.0;Paris;Camilla;SEASHELLS;99889.0;2
2;43730.0;Camilla;Paris;SEASHELLS;99892.0;2
2;43742.0;Paris;Charlie;SEASHELLS;99923.0;1
2;43745.0;Paris;Camilla;SEASHELLS;99897.0;3
2;43753.0;Camilla;Camilla;SEASHELLS;99886.0;1
2;43789.0;Charlie;Camilla;SEASHELLS;99941.0;1
2;43804.0;Paris;Camilla;SEASHELLS;99969.0;1
2;43806.0;Camilla;Paris;SEASHELLS;99992.0;1
2;43809.0;Paris;Camilla;SEASHELLS;99992.0;3
2;43810.0;Camilla;Paris;SEASHELLS;99980.0;2
2;43843.0;Paris;Camilla;SEASHELLS;99935.0;2
2;43853.0;Charlie;Paris;SEASHELLS;99941.0;3
2;43854.0;Paris;Charlie;SEASHELLS;99946.0;1
2;43859.0;Paris;Charlie;SEASHELLS;99962.0;3
2;43860.0;Charlie;Camilla;SEASHELLS;99954.0;2
2;43869.0;Paris;Charlie;SEASHELLS;99955.0;3
2;43872.0;Paris;Camilla;SEASHELLS;99947.0;3
2;43880.0;Camilla;Camilla;SEASHELLS;99950.0;2
2;43895.0;Charlie;Paris;SEASHELLS;99946.0;2
2;43926.0;Camilla;Paris;SEASHELLS;99983.0;1
2;43948.0;Camilla;Camilla;SEASHELLS;99975.0;2
2;43977.0;Paris;Camilla;SEASHELLS;99937.0;2
2;44017.0;Paris;Camilla;SEASHELLS;99924.0;1
2;44022.0;Charlie;Paris;SEASHELLS;99934.0;3
2;44034.0;Camilla;Paris;SEASHELLS;99927.0;3
2;44044.0;Camilla;Paris;SEASHELLS;99937.0;3
2;44063.0;Charlie;Camilla;SEASHELLS;99912.0;2
2;44080.0;Camilla;Paris;SEASHELLS;99913.0;1
2;44091.0;Camilla;Charlie;SEASHELLS;99891.0;1
2;44108.0;Camilla;Paris;SEASHELLS;99898.0;3
2;44114.0;Paris;Camilla;SEASHELLS;99907.0;3
2;44140.0;Camilla;Paris;SEASHELLS;99927.0;2
2;44145.0;Camilla;Camilla;SEASHELLS;99945.0;2
2;44185.0;Paris;Charlie;SEASHELLS;99954.0;3
2;44191.0;Paris;Camilla;SEASHELLS;99947.0;2
2;44210.0;Paris;Camilla;SEASHELLS;99951.0;2
2;44212.0;Charlie;Paris;SEASHELLS;99952.0;2
2;44224.0;Paris;Charlie;SEASHELLS;99948.0;1
2;44241.0;Camilla;Paris;SEASHELLS;99917.0;1
2;44258.0;Charlie;Camilla;SEASHELLS;99939.0;3
2;44260.0;Paris;Camilla;SEASHELLS;99933.0;1
2;44301.0;Paris;Camilla;SEASHELLS;99882.0;3
2;44308.0;Charlie;Camilla;SEASHELLS;99883.0;3
2;44320.0;Charlie;Paris;SEASHELLS;99877.0;1
2;44338.0;Charlie;Camilla;SEASHELLS;99898.0;1
2;44364.0;Camilla;Camilla;SEASHELLS;99914.0;2
2;44369.0;Camilla;Camilla;SEASHELLS;99935.0;3
2;44392.0;Camilla;Camilla;SEASHELLS;99885.0;3
2;44399.0;Paris;Camilla;SEASHELLS;99882.0;2
2;44412.0;Camilla;Camilla;SEASHELLS;99912.0;1
2;44415.0;Charlie;Paris;SEASHELLS;99904.0;1
2;44434.0;Charlie;Paris;SEASHELLS;99875.0;2
2;44439.0;Charlie;Paris;SEASHELLS;99863.0;1
2;44440.0;Camilla;Paris;SEASHELLS;99861.0;1
2;44447.0;Paris;Camilla;SEASHELLS;99893.0;3
2;44483.0;Camilla;Camilla;SEASHELLS;99829.0;2
2;44485.0;Paris;Camilla;SEASHELLS;99828.0;2
2;44499.0;Camilla;Paris;SEASHELLS;99841.0;1
2;44518.0;Camilla;Camilla;SEASHELLS;99894.0;2
2;44520.0;Charlie;Paris;SEASHELLS;99902.0;1
2;44553.0;Charlie;Paris;SEASHELLS;99919.0;3
2;44558.0;Camilla;Charlie;SEASHELLS;99924.0;1
2;44575.0;Paris;Charlie;SEASHELLS;99948.0;2
2;44578.0;Paris;Charlie;SEASHELLS;99935.0;3
2;44593.0;Paris;Charlie;SEASHELLS;99935.0;2
2;44600.0;Charlie;Paris;SEASHELLS;99938.0;2
2;44601.0;Camilla;Camilla;SEASHELLS;99934.0;3
2;44618.0;Paris;Camilla;SEASHELLS;99901.0;2
2;44682.0;Paris;Charlie;SEASHELLS;99922.0;3
2;44686.0;Paris;Camilla;SEASHELLS;99914.0;1
2;44729.0;Paris;Charlie;SEASHELLS;99917.0;2
2;44733.0;Camilla;Camilla;SEASHELLS;99915.0;2
2;44774.0;Charlie;Camilla;SEASHELLS;99893.0;1
2;44778.0;Camilla;Paris;SEASHELLS;99884.0;1
2;44815.0;Paris;Camilla;SEASHELLS;99894.0;1
2;44823.0;Paris;Camilla;SEASHELLS;99908.0;1
2;44836.0;Charlie;Paris;SEASHELLS;99899.0;2
2;44840.0;Camilla;Paris;SEASHELLS;99882.0;2
2;44864.0;Charlie;Camilla;SEASHELLS;99830.0;1
2;44877.0;Paris;Charlie;SEASHELLS;99834.0;3
2;44898.0;Camilla;Paris;SEASHELLS;99830.0;2
2;44943.0;Charlie;Paris;SEASHELLS;99802.0;1
2;44947.0;Paris;Charlie;SEASHELLS;99811.0;2
2;44948.0;Charlie;Paris;SEASHELLS;99812.0;2
2;44994.0;Camilla;Paris;SEASHELLS;99732.0;1
2;45019.0;Paris;Charlie;SEASHELLS;99774.0;2
2;45022.0;Paris;Camilla;SEASHELLS;99766.0;2
2;45023.0;Paris;Camilla;SEASHELLS;99774.0;1
2;45024.0;Charlie;Camilla;SEASHELLS;99759.0;2
2;45047.0;Camilla;Camilla;SEASHELLS;99679.0;1
2;45089.0;Paris;Charlie;SEASHELLS;99721.0;2
2;45090.0;Camilla;Paris;SEASHELLS;99718.0;2
2;45095.0;Charlie;Paris;SEASHELLS;99721.0;2
2;45122.0;Camilla;Camilla;SEASHELLS;99749.0;3
2;45132.0;Paris;Camilla;SEASHELLS;99740.0;1
2;45137.0;Camilla;Camilla;SEASHELLS;99746.0;2
2;45152.0;Paris;Charlie;SEASHELLS;99712.0;1
2;45158.0;Camilla;Camilla;SEASHELLS;99691.0;2
2;45194.0;Camilla;Camilla;SEASHELLS;99689.0;2
2;45200.0;Paris;Charlie;SEASHELLS;99686.0;2
2;45205.0;Camilla;Camilla;SEASHELLS;99706.0;1
2;45217.0;Charlie;Paris;SEASHELLS;99680.0;1
2;45234.0;Paris;Camilla;SEASHELLS;99672.0;2
2;45247.0;Camilla;Paris;SEASHELLS;99690.0;1
2;45264.0;Charlie;Camilla;SEASHELLS;99694.0;1
2;45271.0;Camilla;Paris;SEASHELLS;99712.0;3
2;45276.0;Paris;Charlie;SEASHELLS;99721.0;1
2;45285.0;Paris;Charlie;SEASHELLS;99752.0;3
2;45331.0;Camilla;Camilla;SEASHELLS;99770.0;2
2;45350.0;Camilla;Paris;SEASHELLS;99726.0;3
2;45364.0;Paris;Charlie;SEASHELLS;99747.0;2
2;45370.0;Charlie;Paris;SEASHELLS;99752.0;2
2;45400.0;Camilla;Paris;SEASHELLS;99740.0;3
2;45455.0;Camilla;Camilla;SEASHELLS;99754.0;3
2;45460.0;Camilla;Charlie;SEASHELLS;99763.0;1
2;45466.0;Camilla;Camilla;SEASHELLS;99757.0;3
2;45491.0;Paris;Camilla;SEASHELLS;99771.0;3
2;45506.0;Camilla;Paris;SEASHELLS;99798.0;1
2;45524.0;Camilla;Paris;SEASHELLS;99727.0;3
2;45528.0;Charlie;Paris;SEASHELLS;99738.0;3
2;45534.0;Paris;Camilla;SEASHELLS;99745.0;1
2;45534.0;Camilla;Camilla;SEASHELLS;99743.0;3
2;45552.0;Camilla;Camilla;SEASHELLS;99751.0;2
2;45554.0;Camilla;Camilla;SEASHELLS;99753.0;2
2;45559.0;Charlie;Camilla;SEASHELLS;99754.0;2
2;45568.0;Charlie;Paris;SEASHELLS;99748.0;1
2;45580.0;Charlie;Paris;SEASHELLS;99738.0;1
2;45613.0;Charlie;Paris;SEASHELLS;99778.0;2
2;45624.0;Paris;Camilla;SEASHELLS;99797.0;2
2;45659.0;Paris;Camilla;SEASHELLS;99772.0;1
2;45670.0;Camilla;Paris;SEASHELLS;99784.0;3
2;45692.0;Charlie;Camilla;SEASHELLS;99842.0;1
2;45693.0;Camilla;Charlie;SEASHELLS;99854.0;1
2;45693.0;Paris;Charlie;SEASHELLS;99855.0;2
2;45711.0;Camilla;Camilla;SEASHELLS;99816.0;3
2;45712.0;Charlie;Paris;SEASHELLS;99815.0;3
2;45726.0;Charlie;Paris;SEASHELLS;99824.0;3
2;45744.0;Paris;Charlie;SEASHELLS;99840.0;3
2;45787.0;Paris;Charlie;SEASHELLS;99828.0;1
2;45794.0;Charlie;Camilla;SEASHELLS;99814.0;2
2;45814.0;Camilla;Camilla;SEASHELLS;99807.0;2
2;45853.0;Camilla;Paris;SEASHELLS;99755.0;2
2;45855.0;Camilla;Paris;SEASHELLS;99752.0;2
2;45856.0;Camilla;Charlie;SEASHELLS;99755.0;1
2;45860.0;Camilla;Camilla;SEASHELLS;99751.0;3
2;45871.0;Charlie;Paris;SEASHELLS;99781.0;1
2;45876.0;Paris;Camilla;SEASHELLS;99785.0;3
2;45882.0;Paris;Camilla;SEASHELLS;99774.0;3
2;45883.0;Camilla;Camilla;SEASHELLS;99766.0;2
2;45884.0;Paris;Camilla;SEASHELLS;99768.0;3
2;45886.0;Paris;Camilla;SEASHELLS;99771.0;3
2;45907.0;Charlie;Paris;SEASHELLS;99790.0;2
2;45918.0;Camilla;Camilla;SEASHELLS;99766.0;3
2;45933.0;Camilla;Paris;SEASHELLS;99779.0;3
2;45938.0;Paris;Camilla;SEASHELLS;99782.0;1
2;45940.0;Charlie;Paris;SEASHELLS;99772.0;3
2;45950.0;Charlie;Paris;SEASHELLS;99772.0;3
2;45978.0;Paris;Charlie;SEASHELLS;99739.0;3
2;45993.0;Camilla;Paris;SEASHELLS;99741.0;1
2;46006.0;Paris;Camilla;SEASHELLS;99736.0;2
2;46011.0;Camilla;Paris;SEASHELLS;99734.0;1
2;46018.0;Camilla;Paris;SEASHELLS;99704.0;1
2;46024.0;Paris;Camilla;SEASHELLS;99723.0;1
2;46035.0;Camilla;Camilla;SEASHELLS;99738.0;2
2;46035.0;Camilla;Paris;SEASHELLS;99736.0;1
2;46045.0;Camilla;Camilla;SEASHELLS;99710.0;2
2;46047.0;Camilla;Camilla;SEASHELLS;99701.0;2
2;46053.0;Paris;Charlie;SEASHELLS;99713.0;3
2;46064.0;Camilla;Camilla;SEASHELLS;99689.0;2
2;46074.0;Camilla;Paris;SEASHELLS;99717.0;3
2;46078.0;Camilla;Paris;SEASHELLS;99703.0;2
2;46120.0;Paris;Charlie;SEASHELLS;99704.0;2
2;46135.0;Paris;Camilla;SEASHELLS;99708.0;3
2;46154.0;Camilla;Camilla;SEASHELLS;99674.0;3
2;46162.0;Paris;Charlie;SEASHELLS;99702.0;3
2;46206.0;Charlie;Camilla;SEASHELLS;99724.0;2
2;46216.0;Camilla;Camilla;SEASHELLS;99722.0;1
2;46230.0;Camilla;Charlie;SEASHELLS;99754.0;1
2;46241.0;Paris;Camilla;SEASHELLS;99752.0;3
2;46246.0;Paris;Camilla;SEASHELLS;99724.0;3
2;46252.0;Charlie;Camilla;SEASHELLS;99709.0;2
2;46276.0;Paris;Charlie;SEASHELLS;99716.0;3
2;46282.0;Camilla;Camilla;SEASHELLS;99731.0;3
2;46308.0;Camilla;Paris;SEASHELLS;99797.0;2
2;46311.0;Paris;Charlie;SEASHELLS;99806.0;3
2;46339.0;Paris;Charlie;SEASHELLS;99867.0;2
2;46375.0;Paris;Camilla;SEASHELLS;99846.0;1
2;46428.0;Paris;Charlie;SEASHELLS;99770.0;1
2;46436.0;Camilla;Camilla;SEASHELLS;99773.0;3
2;46460.0;Paris;Camilla;SEASHELLS;99797.0;1
2;46472.0;Charlie;Paris;SEASHELLS;99796.0;1
2;46487.0;Paris;Camilla;SEASHELLS;99799.0;1
2;46495.0;Camilla;Paris;SEASHELLS;99801.0;1
2;46502.0;Paris;Camilla;SEASHELLS;99823.0;1
2;46523.0;Charlie;Paris;SEASHELLS;99862.0;3
2;46558.0;Camilla;Paris;SEASHELLS;99825.0;1
2;46576.0;Paris;Charlie;SEASHELLS;99824.0;1
2;46589.0;Camilla;Paris;SEASHELLS;99785.0;3
2;46590.0;Paris;Camilla;SEASHELLS;99788.0;2
2;46644.0;Paris;Charlie;SEASHELLS;99803.0;2
2;46662.0;Camilla;Camilla;SEASHELLS;99788.0;1
2;46665.0;Camilla;Paris;SEASHELLS;99760.0;3
2;46679.0;Camilla;Paris;SEASHELLS;99778.0;3
2;46692.0;Camilla;Camilla;SEASHELLS;99740.0;1
2;46716.0;Charlie;Camilla;SEASHELLS;99734.0;3
2;46730.0;Paris;Camilla;SEASHELLS;99756.0;3
2;46754.0;Camilla;Camilla;SEASHELLS;99764.0;3
2;46779.0;Paris;Charlie;SEASHELLS;99789.0;3
2;46781.0;Charlie;Camilla;SEASHELLS;99783.0;3
2;46803.0;Camilla;Camilla;SEASHELLS;99853.0;1
2;46808.0;Paris;Camilla;SEASHELLS;99862.0;2
2;46809.0;Camilla;Camilla;SEASHELLS;99861.0;3
2;46824.0;Charlie;Paris;SEASHELLS;99864.0;2
2;46836.0;Camilla;Camilla;SEASHELLS;99852.0;2
2;46838.0;Paris;Camilla;SEASHELLS;99860.0;1
2;46867.0;Paris;Charlie;SEASHELLS;99799.0;3
2;46873.0;Camilla;Paris;SEASHELLS;99790.0;3
2;46880.0;Camilla;Paris;SEASHELLS;99786.0;2
2;46882.0;Camilla;Camilla;SEASHELLS;99799.0;1
2;46887.0;Camilla;Camilla;SEASHELLS;99808.0;3
2;46898.0;Paris;Camilla;SEASHELLS;99789.0;1
2;46915.0;Charlie;Paris;SEASHELLS;99829.0;3
2;46928.0;Camilla;Paris;SEASHELLS;99886.0;2
2;46929.0;Paris;Camilla;SEASHELLS;99894.0;3
2;46973.0;Camilla;Camilla;SEASHELLS;99901.0;1
2;46976.0;Paris;Camilla;SEASHELLS;99902.0;3
2;47000.0;Paris;Charlie;SEASHELLS;99859.0;1
2;47024.0;Camilla;Paris;SEASHELLS;99837.0;3
2;47048.0;Camilla;Camilla;SEASHELLS;99877.0;2
2;47052.0;Paris;Camilla;SEASHELLS;99886.0;2
2;47072.0;Charlie;Paris;SEASHELLS;99871.0;3
2;47084.0;Paris;Charlie;SEASHELLS;99896.0;3
2;47085.0;Paris;Camilla;SEASHELLS;99895.0;3
2;47091.0;Paris;Charlie;SEASHELLS;99910.0;3
2;47093.0;Paris;Charlie;SEASHELLS;99910.0;2
2;47128.0;Charlie;Camilla;SEASHELLS;99969.0;3
2;47143.0;Paris;Charlie;SEASHELLS;99985.0;2
2;47166.0;Paris;Camilla;SEASHELLS;100016.0;1
2;47192.0;Camilla;Paris;SEASHELLS;100008.0;3
2;47201.0;Camilla;Camilla;SEASHELLS;100025.0;1
2;47205.0;Paris;Camilla;SEASHELLS;100020.0;1
2;47218.0;Charlie;Camilla;SEASHELLS;100032.0;2
2;47222.0;Paris;Camilla;SEASHELLS;100034.0;1
2;47255.0;Paris;Charlie;SEASHELLS;100081.0;2
2;47257.0;Paris;Camilla;SEASHELLS;100077.0;2
2;47286.0;Camilla;Camilla;SEASHELLS;100052.0;2
2;47325.0;Charlie;Paris;SEASHELLS;100112.0;2
2;47368.0;Paris;Charlie;SEASHELLS;100156.0;1
2;47381.0;Camilla;Charlie;SEASHELLS;100114.0;2
2;47395.0;Paris;Camilla;SEASHELLS;100102.0;1
2;47405.0;Charlie;Paris;SEASHELLS;100072.0;3
2;47429.0;Paris;Charlie;SEASHELLS;100061.0;1
2;47464.0;Paris;Camilla;SEASHELLS;100043.0;3
2;47467.0;Camilla;Paris;SEASHELLS;100044.0;1
2;47499.0;Paris;Camilla;SEASHELLS;100077.0;1
2;47506.0;Paris;Camilla;SEASHELLS;100098.0;2
2;47553.0;Camilla;Paris;SEASHELLS;99993.0;2
2;47563.0;Paris;Charlie;SEASHELLS;99980.0;2
2;47565.0;Charlie;Paris;SEASHELLS;99963.0;1
2;47575.0;Charlie;Paris;SEASHELLS;99969.0;2
2;47584.0;Charlie;Paris;SEASHELLS;99998.0;3
2;47621.0;Camilla;Camilla;SEASHELLS;100080.0;3
2;47638.0;Camilla;Camilla;SEASHELLS;100061.0;3
2;47651.0;Paris;Camilla;SEASHELLS;100073.0;3
2;47654.0;Paris;Charlie;SEASHELLS;100086.0;1
2;47657.0;Paris;Camilla;SEASHELLS;100072.0;3
2;47666.0;Camilla;Camilla;SEASHELLS;100051.0;2
2;47685.0;Camilla;Paris;SEASHELLS;100025.0;3
2;47689.0;Camilla;Paris;SEASHELLS;100052.0;1
2;47698.0;Charlie;Paris;SEASHELLS;100046.0;2
2;47706.0;Camilla;Paris;SEASHELLS;100048.0;1
2;47719.0;Charlie;Camilla;SEASHELLS;100060.0;1
2;47719.0;Charlie;Paris;SEASHELLS;100060.0;3
2;47738.0;Paris;Charlie;SEASHELLS;100079.0;3
2;47751.0;Camilla;Camilla;SEASHELLS;100070.0;1
2;47756.0;Paris;Charlie;SEASHELLS;100029.0;2
2;47807.0;Charlie;Camilla;SEASHELLS;100032.0;2
2;47808.0;Paris;Camilla;SEASHELLS;100032.0;1
2;47814.0;Paris;Camilla;SEASHELLS;100033.0;2
2;47833.0;Charlie;Camilla;SEASHELLS;100074.0;2
2;47835.0;Camilla;Paris;SEASHELLS;100079.0;3
2;47842.0;Charlie;Camilla;SEASHELLS;100064.0;3
2;47892.0;Paris;Charlie;SEASHELLS;100051.0;3
2;47915.0;Camilla;Camilla;SEASHELLS;100048.0;2
2;47927.0;Paris;Camilla;SEASHELLS;100075.0;2
2;47945.0;Camilla;Camilla;SEASHELLS;100069.0;3
2;47951.0;Camilla;Paris;SEASHELLS;100067.0;1
2;47957.0;Paris;Charlie;SEASHELLS;100092.0;2
2;47958.0;Camilla;Camilla;SEASHELLS;100072.0;1
2;47969.0;Charlie;Camilla;SEASHELLS;100084.0;3
2;47973.0;Charlie;Paris;SEASHELLS;100087.0;1
2;47981.0;Charlie;Camilla;SEASHELLS;100095.0;3
2;47981.0;Charlie;Paris;SEASHELLS;100095.0;3
2;48000.0;Camilla;Camilla;SEASHELLS;100068.0;3
2;48008.0;Paris;Camilla;SEASHELLS;100068.0;1
2;48059.0;Paris;Camilla;SEASHELLS;100089.0;2
2;48078.0;Camilla;Camilla;SEASHELLS;100027.0;2
2;48092.0;Paris;Charlie;SEASHELLS;100033.0;3
2;48158.0;Paris;Camilla;SEASHELLS;100076.0;1
2;48187.0;Paris;Charlie;SEASHELLS;100106.0;2
2;48218.0;Paris;Camilla;SEASHELLS;100099.0;1
2;48247.0;Camilla;Camilla;SEASHELLS;100089.0;1
2;48250.0;Camilla;Paris;SEASHELLS;100085.0;2
2;48253.0;Camilla;Camilla;SEASHELLS;100089.0;1
2;48259.0;Charlie;Paris;SEASHELLS;100060.0;3
2;48271.0;Charlie;Camilla;SEASHELLS;100044.0;1
2;48298.0;Paris;Charlie;SEASHELLS;100072.0;1
2;48302.0;Camilla;Paris;SEASHELLS;100053.0;3
2;48313.0;Camilla;Charlie;SEASHELLS;100046.0;1
2;48320.0;Paris;Charlie;SEASHELLS;100057.0;3
2;48348.0;Charlie;Paris;SEASHELLS;100046.0;3
2;48349.0;Paris;Charlie;SEASHELLS;100040.0;2
2;48352.0;Paris;Camilla;SEASHELLS;100038.0;2
2;48355.0;Paris;Camilla;SEASHELLS;100012.0;2
2;48388.0;Paris;Camilla;SEASHELLS;100043.0;3
2;48393.0;Paris;Charlie;SEASHELLS;100021.0;2
2;48403.0;Paris;Charlie;SEASHELLS;100002.0;2
2;48409.0;Camilla;Paris;SEASHELLS;99992.0;2
2;48433.0;Charlie;Camilla;SEASHELLS;99989.0;3
2;48436.0;Charlie;Paris;SEASHELLS;99986.0;3
2;48491.0;Paris;Camilla;SEASHELLS;99916.0;2
2;48494.0;Camilla;Camilla;SEASHELLS;99927.0;1
2;48497.0;Paris;Charlie;SEASHELLS;99913.0;1
2;48526.0;Charlie;Camilla;SEASHELLS;99871.0;2
2;48535.0;Charlie;Camilla;SEASHELLS;99883.0;3
2;48553.0;Paris;Charlie;SEASHELLS;99889.0;1
2;48574.0;Paris;Charlie;SEASHELLS;99895.0;2
2;48576.0;Camilla;Camilla;SEASHELLS;99890.0;2
2;48596.0;Camilla;Paris;SEASHELLS;99913.0;1
2;48663.0;Charlie;Camilla;SEASHELLS;99891.0;2
2;48673.0;Charlie;Paris;SEASHELLS;99897.0;1
2;48680.0;Paris;Charlie;SEASHELLS;99879.0;2
2;48720.0;Camilla;Paris;SEASHELLS;99870.0;3
2;48777.0;Camilla;Paris;SEASHELLS;99877.0;3
2;48814.0;Camilla;Paris;SEASHELLS;99898.0;3
2;48846.0;Camilla;Paris;SEASHELLS;99860.0;3
2;48853.0;Camilla;Camilla;SEASHELLS;99865.0;1
2;48865.0;Paris;Camilla;SEASHELLS;99860.0;3
2;48896.0;Camilla;Camilla;SEASHELLS;99924.0;1
2;48900.0;Paris;Charlie;SEASHELLS;99929.0;3
2;48986.0;Camilla;Paris;SEASHELLS;99813.0;1
2;49000.0;Paris;Camilla;SEASHELLS;99822.0;3
2;49014.0;Charlie;Camilla;SEASHELLS;99824.0;3
2;49030.0;Charlie;Paris;SEASHELLS;99797.0;3
2;49043.0;Charlie;Paris;SEASHELLS;99790.0;3
2;49067.0;Charlie;Paris;SEASHELLS;99773.0;3
2;49098.0;Paris;Charlie;SEASHELLS;99848.0;1
2;49115.0;Paris;Charlie;SEASHELLS;99847.0;1
2;49132.0;Paris;Camilla;SEASHELLS;99876.0;3
2;49140.0;Charlie;Camilla;SEASHELLS;99872.0;1
2;49147.0;Camilla;Paris;SEASHELLS;99857.0;1
2;49162.0;Camilla;Paris;SEASHELLS;99868.0;1
2;49177.0;Paris;Camilla;SEASHELLS;99918.0;2
2;49183.0;Charlie;Paris;SEASHELLS;99925.0;2
2;49196.0;Camilla;Paris;SEASHELLS;99941.0;1
2;49206.0;Paris;Camilla;SEASHELLS;99930.0;1
2;49222.0;Camilla;Paris;SEASHELLS;99918.0;2
2;49233.0;Paris;Charlie;SEASHELLS;99924.0;1
2;49242.0;Camilla;Paris;SEASHELLS;99926.0;3
2;49269.0;Paris;Charlie;SEASHELLS;99932.0;3
2;49324.0;Charlie;Paris;SEASHELLS;99967.0;2
2;49331.0;Paris;Camilla;SEASHELLS;99988.0;2
2;49334.0;Camilla;Camilla;SEASHELLS;99995.0;3
2;49338.0;Paris;Charlie;SEASHELLS;100000.0;3
2;49351.0;Charlie;Camilla;SEASHELLS;99998.0;1
2;49363.0;Paris;Camilla;SEASHELLS;100005.0;1
2;49371.0;Paris;Camilla;SEASHELLS;99966.0;3
2;49371.0;Camilla;Camilla;SEASHELLS;99964.0;3
2;49378.0;Camilla;Paris;SEASHELLS;99924.0;2
2;49391.0;Paris;Charlie;SEASHELLS;99895.0;1
2;49400.0;Camilla;Camilla;SEASHELLS;99930.0;1
2;49428.0;Paris;Charlie;SEASHELLS;99951.0;2
2;49441.0;Paris;Charlie;SEASHELLS;100005.0;3
2;49468.0;Camilla;Camilla;SEASHELLS;99973.0;1
2;49480.0;Charlie;Paris;SEASHELLS;99999.0;2
2;49491.0;Camilla;Camilla;SEASHELLS;99999.0;2
2;49508.0;Charlie;Paris;SEASHELLS;100029.0;2
2;49530.0;Camilla;Camilla;SEASHELLS;100014.0;2
2;49532.0;Camilla;Camilla;SEASHELLS;100014.0;2
2;49550.0;Paris;Camilla;SEASHELLS;100029.0;3
2;49579.0;Paris;Charlie;SEASHELLS;99986.0;3
2;49583.0;Camilla;Paris;SEASHELLS;99993.0;3
2;49615.0;Paris;Camilla;SEASHELLS;100051.0;1
2;49623.0;Paris;Camilla;SEASHELLS;100077.0;3
2;49656.0;Charlie;Paris;SEASHELLS;100059.0;1
2;49658.0;Paris;Charlie;SEASHELLS;100065.0;2
2;49674.0;Paris;Charlie;SEASHELLS;100089.0;2
2;49693.0;Charlie;Paris;SEASHELLS;100080.0;2
2;49695.0;Camilla;Paris;SEASHELLS;100082.0;3
2;49711.0;Paris;Charlie;SEASHELLS;100060.0;2
2;49729.0;Camilla;Paris;SEASHELLS;100059.0;3
2;49754.0;Camilla;Camilla;SEASHELLS;100063.0;2
2;49758.0;Paris;Camilla;SEASHELLS;100050.0;2
2;49765.0;Camilla;Camilla;SEASHELLS;100044.0;3
2;49786.0;Charlie;Paris;SEASHELLS;100030.0;1
2;49800.0;Paris;Camilla;SEASHELLS;100044.0;3
2;49809.0;Paris;Camilla;SEASHELLS;100045.0;2
2;49820.0;Camilla;Paris;SEASHELLS;100039.0;1
2;49821.0;Charlie;Paris;SEASHELLS;100034.0;2
2;49842.0;Paris;Charlie;SEASHELLS;100053.0;1
2;49847.0;Camilla;Camilla;SEASHELLS;100072.0;3
2;49850.0;Charlie;Paris;SEASHELLS;100079.0;3
2;49876.0;Camilla;Camilla;SEASHELLS;100055.0;3
2;49886.0;Charlie;Paris;SEASHELLS;100065.0;2
2;49904.0;Charlie;Paris;SEASHELLS;100078.0;3
2;49924.0;Charlie;Paris;SEASHELLS;100104.0;2
2;49926.0;Camilla;Camilla;SEASHELLS;100109.0;2
2;49940.0;Paris;Camilla;SEASHELLS;100132.0;2
2;49960.0;Charlie;Paris;SEASHELLS;100132.0;3
2;49975.0;Paris;Charlie;SEASHELLS;100128.0;1
2;49984.0;Camilla;Camilla;SEASHELLS;100146.0;1
3;50018.0;Camilla;Paris;SEASHELLS;100233.0;2
3;50018.0;Camilla;Camilla;SEASHELLS;100233.0;2
3;50058.0;Paris;Camilla;SEASHELLS;100277.0;2
3;50086.0;Paris;Charlie;SEASHELLS;100272.0;2
3;50092.0;Charlie;Paris;SEASHELLS;100254.0;3
3;50136.0;Paris;Charlie;SEASHELLS;100219.0;1
3;50138.0;Paris;Camilla;SEASHELLS;100220.0;2
3;50144.0;Paris;Charlie;SEASHELLS;100176.0;1
3;50153.0;Camilla;Camilla;SEASHELLS;100160.0;3
3;50153.0;Paris;Camilla;SEASHELLS;100160.0;3
3;50217.0;Paris;Camilla;SEASHELLS;100026.0;3
3;50236.0;Paris;Charlie;SEASHELLS;100023.0;2
3;50252.0;Paris;Camilla;SEASHELLS;99969.0;3
3;50266.0;Charlie;Camilla;SEASHELLS;99960.0;2
3;50303.0;Camilla;Paris;SEASHELLS;99978.0;2
3;50336.0;Camilla;Camilla;SEASHELLS;100034.0;1
3;50349.0;Charlie;Paris;SEASHELLS;100029.0;3
3;50366.0;Charlie;Camilla;SEASHELLS;99988.0;2
3;50369.0;Charlie;Paris;SEASHELLS;99994.0;2
3;50371.0;Paris;Charlie;SEASHELLS;99991.0;2
3;50406.0;Camilla;Paris;SEASHELLS;99931.0;2
3;50411.0;Charlie;Paris;SEASHELLS;99905.0;1
3;50415.0;Charlie;Paris;SEASHELLS;99899.0;1
3;50423.0;Camilla;Camilla;SEASHELLS;99901.0;1
3;50441.0;Camilla;Paris;SEASHELLS;99913.0;3
3;50467.0;Paris;Charlie;SEASHELLS;99978.0;1
3;50501.0;Paris;Camilla;SEASHELLS;99908.0;1
3;50570.0;Camilla;Camilla;SEASHELLS;99875.0;3
3;50573.0;Camilla;Paris;SEASHELLS;99867.0;2
3;50589.0;Camilla;Camilla;SEASHELLS;99864.0;2
3;50612.0;Camilla;Paris;SEASHELLS;99915.0;3
3;50667.0;Paris;Charlie;SEASHELLS;99870.0;1
3;50668.0;Paris;Charlie;SEASHELLS;99873.0;3
3;50670.0;Charlie;Camilla;SEASHELLS;99878.0;3
3;50671.0;Charlie;Camilla;SEASHELLS;99875.0;3
3;50683.0;Camilla;Paris;SEASHELLS;99863.0;2
3;50690.0;Paris;Camilla;SEASHELLS;99804.0;3
3;50720.0;Charlie;Paris;SEASHELLS;99829.0;2
3;50727.0;Paris;Camilla;SEASHELLS;99817.0;1
3;50737.0;Camilla;Camilla;SEASHELLS;99810.0;1
3;50741.0;Charlie;Paris;SEASHELLS;99799.0;3
3;50746.0;Paris;Charlie;SEASHELLS;99806.0;1
3;50753.0;Camilla;Camilla;SEASHELLS;99810.0;3
3;50760.0;Camilla;Paris;SEASHELLS;99809.0;1
3;50762.0;Charlie;Camilla;SEASHELLS;99805.0;1
3;50789.0;Paris;Charlie;SEASHELLS;99825.0;2
3;50798.0;Camilla;Paris;SEASHELLS;99810.0;3
3;50812.0;Charlie;Camilla;SEASHELLS;99797.0;1
3;50829.0;Paris;Camilla;SEASHELLS;99734.0;3
3;50839.0;Camilla;Camilla;SEASHELLS;99730.0;3
3;50843.0;Paris;Camilla;SEASHELLS;99746.0;2
3;50863.0;Paris;Charlie;SEASHELLS;99711.0;3
3;50863.0;Camilla;Charlie;SEASHELLS;99710.0;2
3;50878.0;Camilla;Paris;SEASHELLS;99707.0;3
3;50956.0;Camilla;Camilla;SEASHELLS;99686.0;3
3;50970.0;Camilla;Camilla;SEASHELLS;99703.0;3
3;50989.0;Paris;Charlie;SEASHELLS;99691.0;1
3;50994.0;Camilla;Camilla;SEASHELLS;99729.0;2
3;51001.0;Paris;Camilla;SEASHELLS;99733.0;2
3;51007.0;Camilla;Charlie;SEASHELLS;99739.0;1
3;51009.0;Camilla;Paris;SEASHELLS;99732.0;2
3;51029.0;Charlie;Paris;SEASHELLS;99696.0;3
3;51029.0;Charlie;Camilla;SEASHELLS;99696.0;2
3;51031.0;Paris;Charlie;SEASHELLS;99700.0;2
3;51049.0;Camilla;Camilla;SEASHELLS;99695.0;3
3;51055.0;Paris;Charlie;SEASHELLS;99683.0;3
3;51056.0;Charlie;Paris;SEASHELLS;99683.0;2
3;51064.0;Camilla;Paris;SEASHELLS;99691.0;2
3;51095.0;Camilla;Paris;SEASHELLS;99690.0;1
3;51109.0;Paris;Camilla;SEASHELLS;99678.0;1
3;51128.0;Camilla;Paris;SEASHELLS;99693.0;1
3;51135.0;Camilla;Charlie;SEASHELLS;99718.0;1
3;51160.0;Paris;Charlie;SEASHELLS;99691.0;3
3;51162.0;Paris;Charlie;SEASHELLS;99690.0;2
3;51184.0;Paris;Charlie;SEASHELLS;99706.0;1
3;51214.0;Camilla;Charlie;SEASHELLS;99667.0;1
3;51217.0;Paris;Charlie;SEASHELLS;99667.0;3
3;51223.0;Camilla;Paris;SEASHELLS;99628.0;1
3;51226.0;Paris;Camilla;SEASHELLS;99639.0;1
3;51246.0;Camilla;Camilla;SEASHELLS;99637.0;3
3;51253.0;Charlie;Camilla;SEASHELLS;99624.0;1
3;51269.0;Paris;Camilla;SEASHELLS;99623.0;3
3;51284.0;Paris;Camilla;SEASHELLS;99623.0;1
3;51291.0;Camilla;Camilla;SEASHELLS;99627.0;1
3;51299.0;Paris;Camilla;SEASHELLS;99627.0;1
3;51311.0;Paris;Charlie;SEASHELLS;99626.0;1
3;51313.0;Charlie;Camilla;SEASHELLS;99628.0;1
3;51314.0;Paris;Charlie;SEASHELLS;99629.0;3
3;51322.0;Paris;Camilla;SEASHELLS;99627.0;2
3;51330.0;Camilla;Camilla;SEASHELLS;99636.0;3
3;51333.0;Camilla;Camilla;SEASHELLS;99623.0;2
3;51333.0;Paris;Camilla;SEASHELLS;99625.0;1
3;51334.0;Paris;Charlie;SEASHELLS;99629.0;3
3;51339.0;Camilla;Camilla;SEASHELLS;99624.0;3
3;51340.0;Charlie;Camilla;SEASHELLS;99628.0;2
3;51366.0;Charlie;Paris;SEASHELLS;99621.0;2
3;51380.0;Camilla;Camilla;SEASHELLS;99637.0;2
3;51396.0;Camilla;Camilla;SEASHELLS;99574.0;2
3;51399.0;Camilla;Paris;SEASHELLS;99563.0;2
3;51429.0;Charlie;Camilla;SEASHELLS;99542.0;2
3;51433.0;Camilla;Camilla;SEASHELLS;99569.0;1
3;51435.0;Paris;Charlie;SEASHELLS;99565.0;1
3;51463.0;Paris;Charlie;SEASHELLS;99515.0;3
3;51484.0;Camilla;Paris;SEASHELLS;99480.0;2
3;51491.0;Camilla;Camilla;SEASHELLS;99481.0;3
3;51500.0;Charlie;Paris;SEASHELLS;99462.0;1
3;51558.0;Paris;Camilla;SEASHELLS;99517.0;3
3;51575.0;Camilla;Charlie;SEASHELLS;99507.0;1
3;51584.0;Camilla;Paris;SEASHELLS;99522.0;1
3;51605.0;Charlie;Camilla;SEASHELLS;99503.0;2
3;51610.0;Charlie;Camilla;SEASHELLS;99497.0;1
3;51656.0;Paris;Camilla;SEASHELLS;99460.0;3
3;51665.0;Paris;Charlie;SEASHELLS;99470.0;3
3;51670.0;Charlie;Camilla;SEASHELLS;99459.0;2
3;51670.0;Charlie;Paris;SEASHELLS;99459.0;1
3;51679.0;Paris;Charlie;SEASHELLS;99504.0;3
3;51680.0;Camilla;Camilla;SEASHELLS;99492.0;3
3;51689.0;Paris;Charlie;SEASHELLS;99467.0;3
3;51696.0;Charlie;Camilla;SEASHELLS;99473.0;1
3;51702.0;Paris;Charlie;SEASHELLS;99460.0;3
3;51711.0;Camilla;Paris;SEASHELLS;99459.0;2
3;51715.0;Camilla;Paris;SEASHELLS;99464.0;2
3;51718.0;Camilla;Paris;SEASHELLS;99475.0;3
3;51720.0;Camilla;Camilla;SEASHELLS;99478.0;3
3;51728.0;Camilla;Paris;SEASHELLS;99494.0;3
3;51732.0;Camilla;Camilla;SEASHELLS;99470.0;1
3;51733.0;Charlie;Camilla;SEASHELLS;99467.0;1
3;51735.0;Charlie;Camilla;SEASHELLS;99472.0;2
3;51744.0;Camilla;Camilla;SEASHELLS;99493.0;3
3;51754.0;Charlie;Camilla;SEASHELLS;99494.0;3
3;51775.0;Charlie;Camilla;SEASHELLS;99526.0;1
3;51795.0;Paris;Charlie;SEASHELLS;99532.0;2
3;51808.0;Paris;Charlie;SEASHELLS;99554.0;1
3;51814.0;Camilla;Paris;SEASHELLS;99536.0;1
3;51834.0;Camilla;Charlie;SEASHELLS;99546.0;1
3;51840.0;Camilla;Camilla;SEASHELLS;99538.0;1
3;51861.0;Charlie;Paris;SEASHELLS;99593.0;1
3;51887.0;Charlie;Camilla;SEASHELLS;99620.0;1
3;51899.0;Paris;Camilla;SEASHELLS;99615.0;3
