day;timestamp;buyer;seller;currency;price;quantity
-2;1.0;Paris;Penelope;SEASHELLS;9996.0;1
-2;1.0;Caesar;Penelope;SEASHELLS;9996.0;1
-2;16.0;Paris;Caesar;SEASHELLS;10004.0;1
-2;26.0;Charlie;Paris;SEASHELLS;9998.0;1
-2;33.0;Caesar;Paris;SEASHELLS;9996.0;1
-2;34.0;Charlie;Paris;SEASHELLS;9995.0;2
-2;37.0;Penelope;Charlie;SEASHELLS;10005.0;6
-2;41.0;Camilla;Pablo;SEASHELLS;9998.0;1
-2;43.0;Penelope;Caesar;SEASHELLS;10004.0;2
-2;43.0;Penelope;Charlie;SEASHELLS;10004.0;1
-2;68.0;Camilla;Paris;SEASHELLS;9998.0;2
-2;75.0;Paris;Camilla;SEASHELLS;10002.0;1
-2;76.0;Paris;Charlie;SEASHELLS;10002.0;1
-2;87.0;Paris;Camilla;SEASHELLS;10002.0;1
-2;88.0;Paris;Camilla;SEASHELLS;10002.0;2
-2;89.0;Paris;Charlie;SEASHELLS;10002.0;1
-2;97.0;Caesar;Penelope;SEASHELLS;10000.0;3
-2;102.0;Caesar;Paris;SEASHELLS;9998.0;1
-2;103.0;Caesar;Paris;SEASHELLS;9996.0;1
-2;112.0;Paris;Charlie;SEASHELLS;10005.0;2
-2;131.0;Charlie;Paris;SEASHELLS;9998.0;1
-2;137.0;Caesar;Paris;SEASHELLS;9998.0;1
-2;140.0;Caesar;Paris;SEASHELLS;9996.0;1
-2;140.0;Charlie;Paris;SEASHELLS;9996.0;1
-2;141.0;Penelope;Charlie;SEASHELLS;10005.0;7
-2;152.0;Penelope;Charlie;SEASHELLS;10005.0;4
-2;155.0;Pablo;Camilla;SEASHELLS;10002.0;5
-2;174.0;Paris;Camilla;SEASHELLS;10002.0;1
-2;183.0;Camilla;Paris;SEASHELLS;9998.0;1
-2;184.0;Paris;Charlie;SEASHELLS;10005.0;2
-2;184.0;Camilla;Paris;SEASHELLS;9998.0;1
-2;186.0;Penelope;Charlie;SEASHELLS;10005.0;5
-2;196.0;Paris;Charlie;SEASHELLS;10002.0;1
-2;197.0;Pablo;Charlie;SEASHELLS;10002.0;1
-2;200.0;Paris;Charlie;SEASHELLS;10002.0;1
-2;203.0;Pablo;Charlie;SEASHELLS;10002.0;1
-2;207.0;Charlie;Paris;SEASHELLS;9998.0;1
-2;207.0;Charlie;Gary;SEASHELLS;9995.0;9
-2;210.0;Paris;Paris;SEASHELLS;9998.0;1
-2;214.0;Paris;Camilla;SEASHELLS;10002.0;1
-2;228.0;Gary;Pablo;SEASHELLS;9998.0;1
-2;231.0;Gina;Pablo;SEASHELLS;9998.0;4
-2;234.0;Caesar;Pablo;SEASHELLS;9998.0;2
-2;240.0;Charlie;Pablo;SEASHELLS;9998.0;3
-2;240.0;Charlie;Penelope;SEASHELLS;9995.0;8
-2;244.0;Paris;Penelope;SEASHELLS;10002.0;1
-2;247.0;Charlie;Penelope;SEASHELLS;9996.0;2
-2;247.0;Caesar;Penelope;SEASHELLS;9996.0;2
-2;252.0;Paris;Charlie;SEASHELLS;10002.0;1
-2;257.0;Paris;Caesar;SEASHELLS;10004.0;2
-2;258.0;Gina;Camilla;SEASHELLS;10002.0;8
-2;258.0;Gina;Charlie;SEASHELLS;10002.0;3
-2;265.0;Gary;Charlie;SEASHELLS;10005.0;9
-2;271.0;Paris;Charlie;SEASHELLS;10002.0;1
-2;278.0;Charlie;Pablo;SEASHELLS;9998.0;1
-2;278.0;Caesar;Pablo;SEASHELLS;9998.0;3
-2;280.0;Pablo;Charlie;SEASHELLS;10002.0;4
-2;281.0;Paris;Charlie;SEASHELLS;10005.0;1
-2;284.0;Paris;Pablo;SEASHELLS;9998.0;1
-2;284.0;Charlie;Pablo;SEASHELLS;9998.0;2
-2;287.0;Charlie;Paris;SEASHELLS;9998.0;1
-2;295.0;Paris;Charlie;SEASHELLS;10005.0;2
-2;296.0;Camilla;Pablo;SEASHELLS;9998.0;3
-2;296.0;Charlie;Pablo;SEASHELLS;9998.0;2
-2;305.0;Penelope;Caesar;SEASHELLS;10004.0;1
-2;305.0;Penelope;Charlie;SEASHELLS;10004.0;6
-2;311.0;Caesar;Paris;SEASHELLS;9996.0;1
-2;314.0;Charlie;Paris;SEASHELLS;9998.0;1
-2;317.0;Pablo;Charlie;SEASHELLS;10002.0;3
-2;319.0;Paris;Charlie;SEASHELLS;10002.0;1
-2;322.0;Pablo;Camilla;SEASHELLS;10002.0;4
-2;326.0;Paris;Charlie;SEASHELLS;10002.0;1
-2;329.0;Caesar;Penelope;SEASHELLS;9996.0;2
-2;329.0;Charlie;Paris;SEASHELLS;9995.0;2
-2;336.0;Pablo;Camilla;SEASHELLS;10002.0;3
-2;341.0;Camilla;Paris;SEASHELLS;9998.0;1
-2;342.0;Pablo;Charlie;SEASHELLS;10002.0;1
-2;357.0;Paris;Charlie;SEASHELLS;10002.0;1
-2;364.0;Paris;Charlie;SEASHELLS;10005.0;1
-2;366.0;Penelope;Charlie;SEASHELLS;10005.0;4
-2;375.0;Paris;Charlie;SEASHELLS;10002.0;1
-2;380.0;Charlie;Penelope;SEASHELLS;9995.0;4
-2;385.0;Penelope;Caesar;SEASHELLS;10004.0;2
-2;386.0;Gina;Charlie;SEASHELLS;10002.0;6
-2;390.0;Charlie;Paris;SEASHELLS;9995.0;2
-2;392.0;Penelope;Camilla;SEASHELLS;10002.0;5
-2;394.0;Caesar;Paris;SEASHELLS;9996.0;1
-2;416.0;Paris;Caesar;SEASHELLS;10002.0;1
-2;416.0;Penelope;Caesar;SEASHELLS;10000.0;2
-2;417.0;Charlie;Paris;SEASHELLS;9995.0;1
-2;430.0;Paris;Camilla;SEASHELLS;10002.0;1
-2;432.0;Paris;Charlie;SEASHELLS;10005.0;2
-2;435.0;Paris;Charlie;SEASHELLS;10002.0;1
-2;438.0;Camilla;Paris;SEASHELLS;9998.0;1
-2;440.0;Paris;Caesar;SEASHELLS;10004.0;2
-2;441.0;Charlie;Paris;SEASHELLS;9998.0;1
-2;449.0;Caesar;Gary;SEASHELLS;9996.0;1
-2;452.0;Caesar;Paris;SEASHELLS;9996.0;1
-2;459.0;Charlie;Gary;SEASHELLS;9996.0;10
-2;459.0;Caesar;Gary;SEASHELLS;9996.0;1
-2;463.0;Caesar;Paris;SEASHELLS;9998.0;1
-2;464.0;Charlie;Paris;SEASHELLS;9995.0;1
-2;469.0;Caesar;Paris;SEASHELLS;9996.0;1
-2;484.0;Charlie;Paris;SEASHELLS;9995.0;1
-2;487.0;Paris;Caesar;SEASHELLS;10004.0;1
-2;494.0;Paris;Charlie;SEASHELLS;10005.0;1
-2;498.0;Charlie;Paris;SEASHELLS;9995.0;2
-2;503.0;Caesar;Paris;SEASHELLS;9996.0;1
-2;505.0;Caesar;Paris;SEASHELLS;9996.0;2
-2;510.0;Caesar;Penelope;SEASHELLS;9996.0;2
-2;511.0;Charlie;Paris;SEASHELLS;9998.0;1
-2;517.0;Paris;Camilla;SEASHELLS;10002.0;1
-2;520.0;Gina;Camilla;SEASHELLS;10002.0;2
-2;521.0;Charlie;Pablo;SEASHELLS;9998.0;2
-2;528.0;Pablo;Charlie;SEASHELLS;10002.0;3
-2;531.0;Camilla;Paris;SEASHELLS;9998.0;1
-2;533.0;Paris;Charlie;SEASHELLS;10002.0;1
-2;534.0;Charlie;Pablo;SEASHELLS;9998.0;2
-2;537.0;Camilla;Paris;SEASHELLS;9998.0;1
-2;538.0;Paris;Caesar;SEASHELLS;10004.0;2
-2;540.0;Paris;Camilla;SEASHELLS;10002.0;1
-2;544.0;Charlie;Paris;SEASHELLS;9998.0;1
-2;547.0;Caesar;Penelope;SEASHELLS;9996.0;1
-2;547.0;Charlie;Penelope;SEASHELLS;9996.0;5
-2;550.0;Pablo;Camilla;SEASHELLS;10002.0;3
-2;562.0;Paris;Caesar;SEASHELLS;10004.0;1
-2;566.0;Camilla;Paris;SEASHELLS;9998.0;1
-2;568.0;Paris;Charlie;SEASHELLS;10002.0;1
-2;571.0;Paris;Caesar;SEASHELLS;10004.0;1
-2;572.0;Paris;Charlie;SEASHELLS;10002.0;1
-2;573.0;Paris;Charlie;SEASHELLS;10002.0;1
-2;574.0;Paris;Charlie;SEASHELLS;10002.0;1
-2;578.0;Pablo;Paris;SEASHELLS;10002.0;2
-2;585.0;Caesar;Penelope;SEASHELLS;9996.0;1
-2;587.0;Charlie;Paris;SEASHELLS;9998.0;1
-2;596.0;Penelope;Charlie;SEASHELLS;10005.0;4
-2;598.0;Gina;Camilla;SEASHELLS;10002.0;6
-2;603.0;Caesar;Paris;SEASHELLS;9996.0;1
-2;603.0;Charlie;Paris;SEASHELLS;9996.0;1
-2;604.0;Caesar;Gary;SEASHELLS;9996.0;2
-2;604.0;Charlie;Gary;SEASHELLS;9996.0;6
-2;605.0;Paris;Pablo;SEASHELLS;9998.0;1
-2;606.0;Charlie;Paris;SEASHELLS;9998.0;1
-2;612.0;Paris;Charlie;SEASHELLS;10005.0;2
-2;612.0;Paris;Charlie;SEASHELLS;10002.0;1
-2;624.0;Paris;Caesar;SEASHELLS;10004.0;1
-2;633.0;Camilla;Paris;SEASHELLS;9998.0;1
-2;634.0;Paris;Paris;SEASHELLS;9998.0;1
-2;636.0;Charlie;Gina;SEASHELLS;9998.0;6
-2;638.0;Caesar;Penelope;SEASHELLS;9996.0;1
-2;643.0;Charlie;Paris;SEASHELLS;9995.0;2
-2;646.0;Paris;Charlie;SEASHELLS;10005.0;2
-2;646.0;Paris;Camilla;SEASHELLS;10002.0;1
-2;650.0;Penelope;Charlie;SEASHELLS;10005.0;2
-2;654.0;Caesar;Penelope;SEASHELLS;10000.0;2
-2;654.0;Caesar;Paris;SEASHELLS;9998.0;1
-2;656.0;Charlie;Paris;SEASHELLS;9998.0;1
-2;657.0;Charlie;Paris;SEASHELLS;9995.0;1
-2;659.0;Caesar;Paris;SEASHELLS;9996.0;1
-2;660.0;Charlie;Paris;SEASHELLS;9998.0;1
-2;661.0;Camilla;Paris;SEASHELLS;9998.0;1
-2;668.0;Charlie;Pablo;SEASHELLS;9998.0;2
-2;675.0;Caesar;Paris;SEASHELLS;9996.0;1
-2;680.0;Camilla;Paris;SEASHELLS;9998.0;2
-2;681.0;Pablo;Charlie;SEASHELLS;10002.0;5
-2;681.0;Penelope;Charlie;SEASHELLS;10005.0;3
-2;682.0;Pablo;Camilla;SEASHELLS;10002.0;1
-2;686.0;Paris;Charlie;SEASHELLS;10002.0;1
-2;690.0;Pablo;Charlie;SEASHELLS;10002.0;1
-2;694.0;Paris;Charlie;SEASHELLS;10005.0;2
-2;717.0;Charlie;Gary;SEASHELLS;9995.0;10
-2;742.0;Paris;Charlie;SEASHELLS;10002.0;1
-2;745.0;Paris;Caesar;SEASHELLS;10004.0;1
-2;750.0;Paris;Charlie;SEASHELLS;10002.0;1
-2;753.0;Caesar;Paris;SEASHELLS;9996.0;1
-2;765.0;Paris;Caesar;SEASHELLS;10002.0;1
-2;778.0;Camilla;Pablo;SEASHELLS;9998.0;5
-2;781.0;Pablo;Charlie;SEASHELLS;10002.0;2
-2;784.0;Charlie;Paris;SEASHELLS;9995.0;2
-2;791.0;Paris;Charlie;SEASHELLS;10005.0;2
-2;791.0;Gary;Caesar;SEASHELLS;10004.0;1
-2;796.0;Paris;Charlie;SEASHELLS;10002.0;1
-2;804.0;Paris;Charlie;SEASHELLS;10002.0;1
-2;809.0;Paris;Camilla;SEASHELLS;10002.0;1
-2;814.0;Charlie;Pablo;SEASHELLS;9998.0;1
-2;818.0;Paris;Camilla;SEASHELLS;10002.0;1
-2;819.0;Camilla;Paris;SEASHELLS;9998.0;1
-2;824.0;Gary;Caesar;SEASHELLS;10004.0;1
-2;833.0;Caesar;Paris;SEASHELLS;9996.0;1
-2;833.0;Charlie;Paris;SEASHELLS;9996.0;1
-2;838.0;Penelope;Caesar;SEASHELLS;10004.0;1
-2;847.0;Paris;Caesar;SEASHELLS;10004.0;2
-2;851.0;Charlie;Pablo;SEASHELLS;9998.0;5
-2;858.0;Charlie;Paris;SEASHELLS;9995.0;2
-2;858.0;Penelope;Charlie;SEASHELLS;10005.0;4
-2;860.0;Camilla;Penelope;SEASHELLS;9998.0;2
-2;861.0;Paris;Camilla;SEASHELLS;10002.0;1
-2;864.0;Charlie;Paris;SEASHELLS;9998.0;1
-2;866.0;Paris;Charlie;SEASHELLS;10002.0;1
-2;880.0;Pablo;Charlie;SEASHELLS;10002.0;4
-2;884.0;Penelope;Caesar;SEASHELLS;10004.0;2
-2;886.0;Pablo;Charlie;SEASHELLS;10002.0;5
-2;887.0;Charlie;Paris;SEASHELLS;9998.0;1
-2;902.0;Paris;Caesar;SEASHELLS;10004.0;1
-2;908.0;Penelope;Camilla;SEASHELLS;10002.0;6
-2;911.0;Charlie;Paris;SEASHELLS;9998.0;1
-2;915.0;Paris;Charlie;SEASHELLS;10002.0;1
-2;920.0;Paris;Charlie;SEASHELLS;10002.0;1
-2;924.0;Caesar;Paris;SEASHELLS;9996.0;1
-2;931.0;Paris;Gary;SEASHELLS;10002.0;1
-2;932.0;Charlie;Pablo;SEASHELLS;9998.0;1
-2;934.0;Camilla;Paris;SEASHELLS;9998.0;1
-2;936.0;Charlie;Paris;SEASHELLS;9998.0;1
-2;938.0;Paris;Camilla;SEASHELLS;10002.0;1
-2;940.0;Charlie;Paris;SEASHELLS;9998.0;1
-2;948.0;Caesar;Gary;SEASHELLS;9996.0;2
-2;948.0;Charlie;Gary;SEASHELLS;9996.0;9
-2;949.0;Pablo;Camilla;SEASHELLS;10002.0;4
-2;952.0;Caesar;Paris;SEASHELLS;9996.0;2
-2;954.0;Paris;Charlie;SEASHELLS;10002.0;1
-2;960.0;Penelope;Charlie;SEASHELLS;10002.0;3
-2;960.0;Penelope;Camilla;SEASHELLS;10002.0;5
-2;962.0;Charlie;Paris;SEASHELLS;9995.0;1
-2;965.0;Pablo;Charlie;SEASHELLS;10002.0;3
-2;970.0;Penelope;Charlie;SEASHELLS;10005.0;3
-2;973.0;Gary;Charlie;SEASHELLS;10005.0;12
-2;974.0;Paris;Caesar;SEASHELLS;10004.0;1
-2;975.0;Camilla;Paris;SEASHELLS;9998.0;1
-2;977.0;Charlie;Paris;SEASHELLS;9998.0;1
-2;980.0;Pablo;Charlie;SEASHELLS;10002.0;4
-2;982.0;Paris;Charlie;SEASHELLS;10002.0;1
-2;984.0;Charlie;Paris;SEASHELLS;9998.0;1
-2;989.0;Caesar;Paris;SEASHELLS;9996.0;1
-2;991.0;Charlie;Paris;SEASHELLS;9998.0;1
-2;1002.0;Gary;Paris;SEASHELLS;9998.0;1
-2;1006.0;Camilla;Paris;SEASHELLS;9998.0;1
-2;1023.0;Paris;Caesar;SEASHELLS;10004.0;2
-2;1024.0;Pablo;Camilla;SEASHELLS;10002.0;3
-2;1024.0;Paris;Charlie;SEASHELLS;10002.0;1
-2;1026.0;Paris;Charlie;SEASHELLS;10002.0;1
-2;1030.0;Charlie;Paris;SEASHELLS;9998.0;1
-2;1032.0;Charlie;Paris;SEASHELLS;9995.0;2
-2;1041.0;Charlie;Paris;SEASHELLS;9998.0;1
-2;1043.0;Charlie;Pablo;SEASHELLS;9998.0;2
-2;1043.0;Paris;Pablo;SEASHELLS;9998.0;1
-2;1044.0;Charlie;Pablo;SEASHELLS;9998.0;2
-2;1045.0;Charlie;Paris;SEASHELLS;9995.0;2
-2;1045.0;Charlie;Paris;SEASHELLS;9998.0;1
-2;1048.0;Paris;Camilla;SEASHELLS;10002.0;1
-2;1052.0;Paris;Charlie;SEASHELLS;10002.0;1
-2;1060.0;Penelope;Camilla;SEASHELLS;10002.0;5
-2;1069.0;Paris;Charlie;SEASHELLS;10005.0;2
-2;1073.0;Charlie;Penelope;SEASHELLS;9995.0;4
-2;1076.0;Paris;Camilla;SEASHELLS;10002.0;2
-2;1078.0;Paris;Caesar;SEASHELLS;10004.0;2
-2;1081.0;Camilla;Gary;SEASHELLS;9998.0;6
-2;1081.0;Charlie;Gary;SEASHELLS;9998.0;5
-2;1084.0;Charlie;Paris;SEASHELLS;9998.0;1
-2;1087.0;Paris;Charlie;SEASHELLS;10002.0;1
-2;1088.0;Charlie;Gary;SEASHELLS;9995.0;10
-2;1090.0;Paris;Caesar;SEASHELLS;10004.0;1
-2;1092.0;Pablo;Camilla;SEASHELLS;10002.0;2
-2;1100.0;Paris;Charlie;SEASHELLS;10005.0;1
-2;1114.0;Charlie;Paris;SEASHELLS;9995.0;1
-2;1117.0;Caesar;Penelope;SEASHELLS;9996.0;2
-2;1121.0;Paris;Camilla;SEASHELLS;10002.0;1
-2;1123.0;Paris;Camilla;SEASHELLS;10002.0;1
-2;1126.0;Paris;Charlie;SEASHELLS;10002.0;1
-2;1135.0;Paris;Caesar;SEASHELLS;10004.0;1
-2;1139.0;Caesar;Paris;SEASHELLS;9996.0;1
-2;1148.0;Gary;Charlie;SEASHELLS;10005.0;12
-2;1148.0;Charlie;Penelope;SEASHELLS;9995.0;4
-2;1157.0;Camilla;Paris;SEASHELLS;9998.0;1
-2;1159.0;Charlie;Paris;SEASHELLS;9998.0;1
-2;1181.0;Charlie;Paris;SEASHELLS;9995.0;1
-2;1194.0;Paris;Camilla;SEASHELLS;10002.0;1
-2;1203.0;Paris;Camilla;SEASHELLS;10002.0;1
-2;1206.0;Charlie;Pablo;SEASHELLS;9998.0;3
-2;1209.0;Caesar;Paris;SEASHELLS;10000.0;2
-2;1210.0;Charlie;Paris;SEASHELLS;9998.0;1
-2;1219.0;Gina;Pablo;SEASHELLS;9998.0;2
-2;1224.0;Penelope;Charlie;SEASHELLS;10004.0;3
-2;1224.0;Penelope;Caesar;SEASHELLS;10004.0;2
-2;1231.0;Charlie;Paris;SEASHELLS;9998.0;1
-2;1245.0;Paris;Charlie;SEASHELLS;10002.0;1
-2;1246.0;Charlie;Penelope;SEASHELLS;9995.0;5
-2;1248.0;Charlie;Pablo;SEASHELLS;9998.0;1
-2;1250.0;Paris;Camilla;SEASHELLS;10002.0;2
-2;1252.0;Charlie;Paris;SEASHELLS;9998.0;1
-2;1253.0;Paris;Caesar;SEASHELLS;10004.0;1
-2;1254.0;Paris;Charlie;SEASHELLS;10005.0;2
-2;1255.0;Caesar;Paris;SEASHELLS;9996.0;2
-2;1265.0;Caesar;Penelope;SEASHELLS;9996.0;1
-2;1265.0;Charlie;Penelope;SEASHELLS;9996.0;3
-2;1266.0;Camilla;Penelope;SEASHELLS;9998.0;4
-2;1271.0;Charlie;Gary;SEASHELLS;9995.0;12
-2;1273.0;Pablo;Camilla;SEASHELLS;10002.0;2
-2;1275.0;Paris;Charlie;SEASHELLS;10002.0;1
-2;1279.0;Penelope;Caesar;SEASHELLS;10004.0;2
-2;1280.0;Paris;Camilla;SEASHELLS;10002.0;1
-2;1293.0;Charlie;Paris;SEASHELLS;9995.0;2
-2;1298.0;Charlie;Paris;SEASHELLS;9995.0;1
-2;1302.0;Pablo;Charlie;SEASHELLS;10002.0;4
-2;1302.0;Pablo;Paris;SEASHELLS;10002.0;1
-2;1304.0;Penelope;Pablo;SEASHELLS;9998.0;3
-2;1306.0;Charlie;Pablo;SEASHELLS;9998.0;3
-2;1313.0;Paris;Pablo;SEASHELLS;9998.0;1
-2;1315.0;Penelope;Pablo;SEASHELLS;9998.0;3
-2;1317.0;Camilla;Pablo;SEASHELLS;9998.0;1
-2;1321.0;Paris;Caesar;SEASHELLS;10004.0;1
-2;1322.0;Camilla;Pablo;SEASHELLS;9998.0;5
-2;1324.0;Caesar;Paris;SEASHELLS;10000.0;1
-2;1328.0;Gary;Charlie;SEASHELLS;10004.0;9
-2;1328.0;Gary;Caesar;SEASHELLS;10004.0;1
-2;1335.0;Paris;Caesar;SEASHELLS;10004.0;1
-2;1338.0;Paris;Caesar;SEASHELLS;10004.0;1
-2;1348.0;Paris;Caesar;SEASHELLS;10004.0;1
-2;1349.0;Gary;Caesar;SEASHELLS;10004.0;2
-2;1350.0;Paris;Camilla;SEASHELLS;10002.0;1
-2;1366.0;Paris;Charlie;SEASHELLS;10005.0;2
-2;1369.0;Charlie;Pablo;SEASHELLS;9998.0;2
-2;1378.0;Penelope;Caesar;SEASHELLS;10004.0;1
-2;1392.0;Charlie;Pablo;SEASHELLS;9998.0;5
-2;1395.0;Caesar;Penelope;SEASHELLS;9996.0;1
-2;1395.0;Charlie;Penelope;SEASHELLS;9996.0;2
-2;1408.0;Camilla;Pablo;SEASHELLS;9998.0;2
-2;1412.0;Charlie;Paris;SEASHELLS;9998.0;1
-2;1421.0;Caesar;Penelope;SEASHELLS;9996.0;1
-2;1425.0;Paris;Caesar;SEASHELLS;10004.0;1
-2;1432.0;Charlie;Paris;SEASHELLS;9995.0;2
-2;1433.0;Charlie;Paris;SEASHELLS;9995.0;1
-2;1433.0;Charlie;Paris;SEASHELLS;9998.0;1
-2;1439.0;Camilla;Paris;SEASHELLS;9998.0;1
-2;1442.0;Pablo;Charlie;SEASHELLS;10002.0;1
-2;1443.0;Paris;Caesar;SEASHELLS;10004.0;1
-2;1447.0;Camilla;Pablo;SEASHELLS;9998.0;3
-2;1450.0;Paris;Charlie;SEASHELLS;10002.0;1
-2;1459.0;Charlie;Pablo;SEASHELLS;9998.0;3
-2;1460.0;Paris;Caesar;SEASHELLS;10004.0;1
-2;1464.0;Paris;Charlie;SEASHELLS;10005.0;2
-2;1468.0;Penelope;Charlie;SEASHELLS;10005.0;5
-2;1470.0;Gary;Caesar;SEASHELLS;10004.0;2
-2;1470.0;Gary;Charlie;SEASHELLS;10004.0;8
-2;1475.0;Charlie;Paris;SEASHELLS;9995.0;1
-2;1479.0;Charlie;Paris;SEASHELLS;9998.0;1
-2;1481.0;Caesar;Paris;SEASHELLS;10000.0;1
-2;1481.0;Caesar;Paris;SEASHELLS;9998.0;1
-2;1483.0;Charlie;Paris;SEASHELLS;9995.0;2
-2;1502.0;Paris;Caesar;SEASHELLS;10004.0;1
-2;1504.0;Caesar;Paris;SEASHELLS;9996.0;1
-2;1515.0;Paris;Charlie;SEASHELLS;10002.0;1
-2;1521.0;Gina;Camilla;SEASHELLS;10002.0;6
-2;1522.0;Paris;Caesar;SEASHELLS;10004.0;2
-2;1533.0;Charlie;Penelope;SEASHELLS;9995.0;5
-2;1536.0;Paris;Camilla;SEASHELLS;10002.0;1
-2;1538.0;Charlie;Paris;SEASHELLS;9998.0;1
-2;1542.0;Camilla;Pablo;SEASHELLS;9998.0;2
-2;1545.0;Pablo;Charlie;SEASHELLS;10002.0;2
-2;1547.0;Paris;Penelope;SEASHELLS;10002.0;1
-2;1553.0;Paris;Charlie;SEASHELLS;10002.0;1
-2;1557.0;Paris;Paris;SEASHELLS;9998.0;1
-2;1558.0;Paris;Charlie;SEASHELLS;10002.0;1
-2;1566.0;Paris;Camilla;SEASHELLS;10002.0;1
-2;1568.0;Paris;Caesar;SEASHELLS;10004.0;2
-2;1575.0;Paris;Paris;SEASHELLS;10002.0;1
-2;1578.0;Paris;Caesar;SEASHELLS;10004.0;1
-2;1580.0;Paris;Charlie;SEASHELLS;10005.0;2
-2;1581.0;Paris;Charlie;SEASHELLS;10002.0;1
-2;1583.0;Camilla;Penelope;SEASHELLS;9998.0;8
-2;1584.0;Paris;Charlie;SEASHELLS;10002.0;1
-2;1593.0;Camilla;Paris;SEASHELLS;9998.0;2
-2;1595.0;Paris;Camilla;SEASHELLS;10002.0;1
-2;1600.0;Caesar;Paris;SEASHELLS;9996.0;2
-2;1621.0;Paris;Charlie;SEASHELLS;10005.0;2
-2;1624.0;Pablo;Paris;SEASHELLS;10002.0;2
-2;1628.0;Caesar;Paris;SEASHELLS;9996.0;1
-2;1629.0;Charlie;Paris;SEASHELLS;9995.0;2
-2;1640.0;Pablo;Charlie;SEASHELLS;10002.0;4
-2;1640.0;Paris;Charlie;SEASHELLS;10002.0;1
-2;1641.0;Caesar;Gary;SEASHELLS;10000.0;3
-2;1647.0;Camilla;Paris;SEASHELLS;9998.0;1
-2;1649.0;Paris;Pablo;SEASHELLS;9998.0;1
-2;1651.0;Pablo;Charlie;SEASHELLS;10002.0;2
-2;1654.0;Caesar;Penelope;SEASHELLS;9996.0;1
-2;1654.0;Charlie;Penelope;SEASHELLS;9996.0;3
-2;1662.0;Pablo;Camilla;SEASHELLS;10002.0;1
-2;1664.0;Paris;Charlie;SEASHELLS;10002.0;1
-2;1665.0;Paris;Charlie;SEASHELLS;10002.0;1
-2;1668.0;Paris;Paris;SEASHELLS;10002.0;1
-2;1674.0;Paris;Charlie;SEASHELLS;10005.0;2
-2;1682.0;Paris;Charlie;SEASHELLS;10002.0;1
-2;1683.0;Charlie;Paris;SEASHELLS;9995.0;1
-2;1690.0;Charlie;Pablo;SEASHELLS;9998.0;5
-2;1694.0;Pablo;Caesar;SEASHELLS;10002.0;1
-2;1701.0;Paris;Camilla;SEASHELLS;10002.0;2
-2;1703.0;Paris;Caesar;SEASHELLS;10004.0;1
-2;1715.0;Charlie;Paris;SEASHELLS;9998.0;1
-2;1718.0;Paris;Caesar;SEASHELLS;10004.0;1
-2;1722.0;Paris;Gina;SEASHELLS;10002.0;1
-2;1723.0;Paris;Charlie;SEASHELLS;10002.0;1
-2;1724.0;Paris;Camilla;SEASHELLS;10002.0;1
-2;1727.0;Paris;Charlie;SEASHELLS;10002.0;1
-2;1728.0;Penelope;Caesar;SEASHELLS;10004.0;2
-2;1732.0;Penelope;Charlie;SEASHELLS;10005.0;4
-2;1738.0;Charlie;Paris;SEASHELLS;9998.0;1
-2;1742.0;Charlie;Paris;SEASHELLS;9998.0;1
-2;1750.0;Paris;Camilla;SEASHELLS;10002.0;1
-2;1753.0;Charlie;Paris;SEASHELLS;9998.0;1
-2;1753.0;Caesar;Paris;SEASHELLS;9996.0;2
-2;1756.0;Paris;Caesar;SEASHELLS;10004.0;1
-2;1762.0;Paris;Camilla;SEASHELLS;10002.0;1
-2;1766.0;Paris;Caesar;SEASHELLS;10004.0;1
-2;1770.0;Gary;Charlie;SEASHELLS;10005.0;9
-2;1780.0;Camilla;Gary;SEASHELLS;9998.0;3
-2;1797.0;Paris;Charlie;SEASHELLS;10002.0;1
-2;1810.0;Camilla;Pablo;SEASHELLS;9998.0;2
-2;1810.0;Paris;Pablo;SEASHELLS;9998.0;1
-2;1811.0;Paris;Camilla;SEASHELLS;10002.0;1
-2;1817.0;Caesar;Penelope;SEASHELLS;9996.0;1
-2;1819.0;Paris;Charlie;SEASHELLS;10005.0;2
-2;1824.0;Charlie;Pablo;SEASHELLS;9998.0;3
-2;1824.0;Camilla;Pablo;SEASHELLS;9998.0;1
-2;1826.0;Paris;Charlie;SEASHELLS;10002.0;1
-2;1828.0;Caesar;Penelope;SEASHELLS;9996.0;2
-2;1830.0;Paris;Charlie;SEASHELLS;10002.0;1
-2;1832.0;Pablo;Charlie;SEASHELLS;10002.0;1
-2;1840.0;Paris;Charlie;SEASHELLS;10002.0;1
-2;1849.0;Caesar;Penelope;SEASHELLS;10000.0;2
-2;1851.0;Charlie;Paris;SEASHELLS;9995.0;1
-2;1861.0;Charlie;Paris;SEASHELLS;9995.0;1
-2;1866.0;Caesar;Paris;SEASHELLS;9996.0;1
-2;1869.0;Charlie;Penelope;SEASHELLS;9995.0;6
-2;1869.0;Charlie;Paris;SEASHELLS;9995.0;1
-2;1870.0;Pablo;Charlie;SEASHELLS;10002.0;5
-2;1870.0;Gary;Charlie;SEASHELLS;10004.0;9
-2;1870.0;Gary;Caesar;SEASHELLS;10004.0;2
-2;1874.0;Charlie;Pablo;SEASHELLS;9998.0;2
-2;1888.0;Paris;Charlie;SEASHELLS;10002.0;1
-2;1891.0;Paris;Charlie;SEASHELLS;10002.0;1
-2;1898.0;Paris;Charlie;SEASHELLS;10005.0;1
-2;1900.0;Camilla;Paris;SEASHELLS;9998.0;1
-2;1905.0;Penelope;Camilla;SEASHELLS;10002.0;4
-2;1905.0;Penelope;Charlie;SEASHELLS;10002.0;1
-2;1916.0;Charlie;Paris;SEASHELLS;9995.0;2
-2;1917.0;Charlie;Pablo;SEASHELLS;9998.0;3
-2;1920.0;Paris;Charlie;SEASHELLS;10002.0;1
-2;1935.0;Pablo;Charlie;SEASHELLS;10002.0;2
-2;1937.0;Charlie;Paris;SEASHELLS;9995.0;2
-2;1947.0;Paris;Pablo;SEASHELLS;9998.0;2
-2;1958.0;Paris;Charlie;SEASHELLS;10002.0;1
-2;1967.0;Camilla;Paris;SEASHELLS;9998.0;1
-2;1968.0;Camilla;Paris;SEASHELLS;9998.0;2
-2;1969.0;Charlie;Pablo;SEASHELLS;9998.0;4
-2;1972.0;Charlie;Pablo;SEASHELLS;9998.0;4
-2;1973.0;Paris;Charlie;SEASHELLS;10002.0;1
-2;1974.0;Paris;Caesar;SEASHELLS;10004.0;2
-2;1975.0;Charlie;Pablo;SEASHELLS;9998.0;4
-2;1977.0;Charlie;Paris;SEASHELLS;9998.0;1
-2;1980.0;Charlie;Pablo;SEASHELLS;9998.0;5
-2;1981.0;Paris;Caesar;SEASHELLS;10004.0;1
-2;1988.0;Charlie;Pablo;SEASHELLS;9998.0;5
-2;1991.0;Caesar;Paris;SEASHELLS;9996.0;1
-2;1995.0;Paris;Camilla;SEASHELLS;10002.0;2
-2;2002.0;Caesar;Penelope;SEASHELLS;9996.0;1
-2;2004.0;Caesar;Paris;SEASHELLS;9996.0;1
-2;2004.0;Charlie;Paris;SEASHELLS;9996.0;1
-2;2005.0;Penelope;Charlie;SEASHELLS;10004.0;7
-2;2005.0;Penelope;Caesar;SEASHELLS;10004.0;1
-2;2006.0;Paris;Caesar;SEASHELLS;10004.0;2
-2;2007.0;Penelope;Camilla;SEASHELLS;10002.0;1
-2;2007.0;Penelope;Paris;SEASHELLS;10002.0;2
-2;2018.0;Charlie;Penelope;SEASHELLS;9996.0;1
-2;2018.0;Caesar;Penelope;SEASHELLS;9996.0;2
-2;2018.0;Charlie;Pablo;SEASHELLS;9998.0;1
-2;2020.0;Charlie;Paris;SEASHELLS;9998.0;1
-2;2029.0;Charlie;Paris;SEASHELLS;9998.0;1
-2;2030.0;Caesar;Paris;SEASHELLS;9996.0;1
-2;2039.0;Charlie;Paris;SEASHELLS;9998.0;1
-2;2040.0;Paris;Pablo;SEASHELLS;9998.0;2
-2;2043.0;Paris;Camilla;SEASHELLS;10002.0;1
-2;2045.0;Paris;Camilla;SEASHELLS;10002.0;1
-2;2047.0;Caesar;Gary;SEASHELLS;10000.0;3
-2;2049.0;Gina;Pablo;SEASHELLS;9998.0;4
-2;2049.0;Gina;Paris;SEASHELLS;9998.0;1
-2;2049.0;Gina;Camilla;SEASHELLS;10002.0;6
-2;2053.0;Caesar;Paris;SEASHELLS;9996.0;2
-2;2054.0;Paris;Caesar;SEASHELLS;10004.0;1
-2;2057.0;Charlie;Penelope;SEASHELLS;9995.0;8
-2;2060.0;Camilla;Pablo;SEASHELLS;9998.0;1
-2;2063.0;Charlie;Paris;SEASHELLS;9998.0;1
-2;2065.0;Charlie;Paris;SEASHELLS;9995.0;1
-2;2072.0;Paris;Charlie;SEASHELLS;10005.0;2
-2;2079.0;Gary;Pablo;SEASHELLS;9998.0;4
-2;2086.0;Charlie;Paris;SEASHELLS;9998.0;1
-2;2091.0;Charlie;Pablo;SEASHELLS;9998.0;4
-2;2094.0;Charlie;Paris;SEASHELLS;9995.0;1
-2;2100.0;Caesar;Paris;SEASHELLS;9996.0;2
-2;2101.0;Charlie;Paris;SEASHELLS;9998.0;1
-2;2101.0;Charlie;Penelope;SEASHELLS;9995.0;4
-2;2105.0;Paris;Gina;SEASHELLS;10002.0;1
-2;2128.0;Caesar;Penelope;SEASHELLS;9996.0;2
-2;2129.0;Pablo;Charlie;SEASHELLS;10002.0;3
-2;2130.0;Charlie;Pablo;SEASHELLS;9998.0;5
-2;2132.0;Camilla;Pablo;SEASHELLS;9998.0;1
-2;2132.0;Charlie;Pablo;SEASHELLS;9998.0;3
-2;2135.0;Camilla;Pablo;SEASHELLS;9998.0;2
-2;2145.0;Gary;Caesar;SEASHELLS;10004.0;2
-2;2147.0;Camilla;Paris;SEASHELLS;9998.0;1
-2;2152.0;Paris;Charlie;SEASHELLS;10005.0;2
-2;2153.0;Paris;Caesar;SEASHELLS;10002.0;1
-2;2166.0;Paris;Camilla;SEASHELLS;10002.0;1
-2;2172.0;Paris;Caesar;SEASHELLS;10004.0;1
-2;2176.0;Paris;Charlie;SEASHELLS;10002.0;1
-2;2180.0;Caesar;Paris;SEASHELLS;9996.0;1
-2;2182.0;Charlie;Paris;SEASHELLS;9998.0;1
-2;2185.0;Paris;Charlie;SEASHELLS;10005.0;1
-2;2202.0;Caesar;Paris;SEASHELLS;9996.0;1
-2;2204.0;Paris;Paris;SEASHELLS;10002.0;1
-2;2226.0;Paris;Paris;SEASHELLS;9998.0;1
-2;2227.0;Pablo;Paris;SEASHELLS;10002.0;1
-2;2230.0;Penelope;Charlie;SEASHELLS;10005.0;8
-2;2233.0;Pablo;Charlie;SEASHELLS;10002.0;1
-2;2240.0;Pablo;Charlie;SEASHELLS;10002.0;3
-2;2244.0;Paris;Caesar;SEASHELLS;10004.0;2
-2;2246.0;Paris;Caesar;SEASHELLS;10004.0;1
-2;2249.0;Penelope;Charlie;SEASHELLS;10005.0;7
-2;2261.0;Charlie;Paris;SEASHELLS;9995.0;2
-2;2262.0;Paris;Charlie;SEASHELLS;10005.0;1
-2;2264.0;Paris;Camilla;SEASHELLS;10002.0;1
-2;2266.0;Paris;Charlie;SEASHELLS;10002.0;1
-2;2275.0;Camilla;Pablo;SEASHELLS;9998.0;5
-2;2277.0;Charlie;Penelope;SEASHELLS;9998.0;3
-2;2277.0;Camilla;Paris;SEASHELLS;9998.0;1
-2;2277.0;Camilla;Penelope;SEASHELLS;9998.0;3
-2;2278.0;Paris;Caesar;SEASHELLS;10004.0;1
-2;2278.0;Camilla;Pablo;SEASHELLS;9998.0;4
-2;2284.0;Camilla;Pablo;SEASHELLS;9998.0;4
-2;2288.0;Camilla;Paris;SEASHELLS;9998.0;1
-2;2293.0;Penelope;Charlie;SEASHELLS;10005.0;8
-2;2297.0;Penelope;Camilla;SEASHELLS;10002.0;4
-2;2301.0;Paris;Charlie;SEASHELLS;10002.0;1
-2;2307.0;Caesar;Paris;SEASHELLS;9996.0;2
-2;2328.0;Charlie;Pablo;SEASHELLS;9998.0;2
-2;2331.0;Charlie;Pablo;SEASHELLS;9998.0;4
-2;2332.0;Paris;Camilla;SEASHELLS;10002.0;1
-2;2333.0;Charlie;Pablo;SEASHELLS;9998.0;1
-2;2336.0;Paris;Camilla;SEASHELLS;10002.0;1
-2;2346.0;Camilla;Paris;SEASHELLS;9998.0;1
-2;2349.0;Charlie;Pablo;SEASHELLS;9998.0;1
-2;2355.0;Charlie;Paris;SEASHELLS;9998.0;1
-2;2358.0;Paris;Charlie;SEASHELLS;10002.0;1
-2;2362.0;Charlie;Paris;SEASHELLS;9998.0;1
-2;2362.0;Charlie;Penelope;SEASHELLS;9995.0;5
-2;2362.0;Charlie;Gary;SEASHELLS;9995.0;12
-2;2365.0;Charlie;Paris;SEASHELLS;9998.0;1
-2;2365.0;Caesar;Paris;SEASHELLS;9996.0;2
-2;2366.0;Charlie;Penelope;SEASHELLS;9995.0;2
-2;2367.0;Caesar;Penelope;SEASHELLS;10000.0;3
-2;2371.0;Paris;Charlie;SEASHELLS;10005.0;1
-2;2371.0;Penelope;Caesar;SEASHELLS;10004.0;1
-2;2372.0;Charlie;Penelope;SEASHELLS;9995.0;4
-2;2372.0;Charlie;Paris;SEASHELLS;9998.0;1
-2;2380.0;Paris;Caesar;SEASHELLS;10004.0;1
-2;2381.0;Paris;Caesar;SEASHELLS;10004.0;1
-2;2388.0;Paris;Paris;SEASHELLS;10002.0;1
-2;2395.0;Paris;Charlie;SEASHELLS;10002.0;1
-2;2399.0;Camilla;Paris;SEASHELLS;9998.0;1
-2;2402.0;Caesar;Paris;SEASHELLS;9998.0;1
-2;2408.0;Camilla;Pablo;SEASHELLS;9998.0;1
-2;2413.0;Gary;Pablo;SEASHELLS;9998.0;3
-2;2414.0;Charlie;Gina;SEASHELLS;9998.0;4
-2;2414.0;Camilla;Gina;SEASHELLS;9998.0;8
-2;2415.0;Caesar;Gary;SEASHELLS;9996.0;1
-2;2415.0;Charlie;Gary;SEASHELLS;9996.0;9
-2;2418.0;Paris;Camilla;SEASHELLS;10002.0;2
-2;2419.0;Pablo;Paris;SEASHELLS;10002.0;1
-2;2423.0;Charlie;Paris;SEASHELLS;9998.0;1
-2;2424.0;Paris;Charlie;SEASHELLS;10002.0;1
-2;2429.0;Penelope;Charlie;SEASHELLS;10005.0;8
-2;2433.0;Penelope;Charlie;SEASHELLS;10005.0;4
-2;2434.0;Camilla;Pablo;SEASHELLS;9998.0;3
-2;2435.0;Caesar;Paris;SEASHELLS;9996.0;1
-2;2438.0;Caesar;Paris;SEASHELLS;9996.0;1
-2;2442.0;Charlie;Paris;SEASHELLS;9998.0;1
-2;2445.0;Charlie;Paris;SEASHELLS;9998.0;1
-2;2450.0;Paris;Caesar;SEASHELLS;10002.0;1
-2;2451.0;Gary;Camilla;SEASHELLS;10002.0;8
-2;2462.0;Pablo;Charlie;SEASHELLS;10002.0;3
-2;2463.0;Pablo;Charlie;SEASHELLS;10002.0;3
-2;2472.0;Charlie;Paris;SEASHELLS;9998.0;1
-2;2477.0;Camilla;Pablo;SEASHELLS;9998.0;2
-2;2477.0;Camilla;Penelope;SEASHELLS;9998.0;1
-2;2477.0;Charlie;Penelope;SEASHELLS;9998.0;4
-2;2478.0;Caesar;Paris;SEASHELLS;9996.0;2
-2;2478.0;Camilla;Gina;SEASHELLS;9998.0;6
-2;2480.0;Charlie;Gary;SEASHELLS;9996.0;9
-2;2480.0;Caesar;Gary;SEASHELLS;9996.0;1
-2;2485.0;Caesar;Paris;SEASHELLS;9996.0;1
-2;2488.0;Charlie;Paris;SEASHELLS;9998.0;1
-2;2491.0;Paris;Charlie;SEASHELLS;10002.0;1
-2;2494.0;Charlie;Paris;SEASHELLS;9998.0;1
-2;2495.0;Camilla;Paris;SEASHELLS;9998.0;1
-2;2499.0;Paris;Charlie;SEASHELLS;10002.0;1
-2;2500.0;Paris;Charlie;SEASHELLS;10002.0;1
-2;2506.0;Pablo;Charlie;SEASHELLS;10002.0;1
-2;2506.0;Paris;Charlie;SEASHELLS;10005.0;2
-2;2508.0;Caesar;Pablo;SEASHELLS;9998.0;3
-2;2512.0;Pablo;Charlie;SEASHELLS;10002.0;5
-2;2518.0;Caesar;Penelope;SEASHELLS;9996.0;2
-2;2518.0;Charlie;Penelope;SEASHELLS;9996.0;2
-2;2518.0;Charlie;Paris;SEASHELLS;9998.0;1
-2;2524.0;Penelope;Camilla;SEASHELLS;10002.0;5
-2;2529.0;Caesar;Paris;SEASHELLS;9996.0;2
-2;2536.0;Caesar;Paris;SEASHELLS;9996.0;1
-2;2539.0;Paris;Camilla;SEASHELLS;10002.0;1
-2;2541.0;Paris;Charlie;SEASHELLS;10005.0;2
-2;2548.0;Paris;Caesar;SEASHELLS;10004.0;1
-2;2549.0;Paris;Charlie;SEASHELLS;10002.0;1
-2;2552.0;Caesar;Paris;SEASHELLS;9996.0;1
-2;2571.0;Paris;Camilla;SEASHELLS;10002.0;1
-2;2577.0;Caesar;Paris;SEASHELLS;9996.0;1
-2;2581.0;Charlie;Paris;SEASHELLS;9998.0;1
-2;2583.0;Charlie;Paris;SEASHELLS;9995.0;2
-2;2585.0;Penelope;Charlie;SEASHELLS;10005.0;5
-2;2594.0;Camilla;Paris;SEASHELLS;9998.0;1
-2;2601.0;Paris;Camilla;SEASHELLS;10002.0;1
-2;2603.0;Charlie;Paris;SEASHELLS;9995.0;1
-2;2604.0;Paris;Charlie;SEASHELLS;10002.0;1
-2;2607.0;Penelope;Caesar;SEASHELLS;10004.0;1
-2;2613.0;Paris;Camilla;SEASHELLS;10002.0;1
-2;2614.0;Paris;Penelope;SEASHELLS;10002.0;1
-2;2616.0;Camilla;Paris;SEASHELLS;9998.0;1
-2;2617.0;Paris;Charlie;SEASHELLS;10002.0;1
-2;2623.0;Paris;Charlie;SEASHELLS;10005.0;2
-2;2625.0;Paris;Camilla;SEASHELLS;10002.0;1
-2;2626.0;Charlie;Pablo;SEASHELLS;9998.0;2
-2;2639.0;Paris;Camilla;SEASHELLS;10002.0;1
-2;2648.0;Charlie;Paris;SEASHELLS;9998.0;1
-2;2651.0;Charlie;Paris;SEASHELLS;9998.0;1
-2;2658.0;Paris;Caesar;SEASHELLS;10004.0;2
-2;2660.0;Caesar;Paris;SEASHELLS;10000.0;1
-2;2661.0;Camilla;Pablo;SEASHELLS;9998.0;3
-2;2668.0;Paris;Charlie;SEASHELLS;10002.0;1
-2;2669.0;Paris;Caesar;SEASHELLS;10004.0;1
-2;2671.0;Pablo;Charlie;SEASHELLS;10002.0;5
-2;2677.0;Paris;Charlie;SEASHELLS;10002.0;1
-2;2689.0;Penelope;Caesar;SEASHELLS;10004.0;2
-2;2691.0;Charlie;Paris;SEASHELLS;9996.0;1
-2;2691.0;Caesar;Paris;SEASHELLS;9996.0;1
-2;2693.0;Gina;Camilla;SEASHELLS;10002.0;8
-2;2695.0;Charlie;Penelope;SEASHELLS;9995.0;5
-2;2698.0;Charlie;Paris;SEASHELLS;9998.0;1
-2;2699.0;Pablo;Charlie;SEASHELLS;10002.0;1
-2;2699.0;Pablo;Paris;SEASHELLS;10002.0;2
-2;2703.0;Camilla;Paris;SEASHELLS;9998.0;1
-2;2705.0;Penelope;Charlie;SEASHELLS;10005.0;5
-2;2710.0;Paris;Caesar;SEASHELLS;10004.0;2
-2;2717.0;Camilla;Paris;SEASHELLS;9998.0;1
-2;2719.0;Penelope;Caesar;SEASHELLS;10004.0;2
-2;2724.0;Pablo;Charlie;SEASHELLS;10002.0;2
-2;2728.0;Charlie;Paris;SEASHELLS;9998.0;1
-2;2729.0;Penelope;Caesar;SEASHELLS;10004.0;1
-2;2729.0;Paris;Charlie;SEASHELLS;10005.0;2
-2;2735.0;Caesar;Gary;SEASHELLS;9996.0;2
-2;2735.0;Charlie;Gary;SEASHELLS;9996.0;6
-2;2757.0;Penelope;Paris;SEASHELLS;9998.0;1
-2;2766.0;Gary;Paris;SEASHELLS;9998.0;1
-2;2771.0;Caesar;Paris;SEASHELLS;9996.0;2
-2;2783.0;Charlie;Pablo;SEASHELLS;9998.0;3
-2;2786.0;Caesar;Gary;SEASHELLS;9996.0;1
-2;2795.0;Caesar;Gary;SEASHELLS;9996.0;2
-2;2795.0;Charlie;Paris;SEASHELLS;9995.0;2
-2;2800.0;Caesar;Paris;SEASHELLS;9996.0;1
-2;2805.0;Paris;Caesar;SEASHELLS;10004.0;2
-2;2810.0;Caesar;Penelope;SEASHELLS;10000.0;2
-2;2812.0;Pablo;Charlie;SEASHELLS;10002.0;5
-2;2825.0;Pablo;Camilla;SEASHELLS;10002.0;1
-2;2826.0;Charlie;Penelope;SEASHELLS;9995.0;2
-2;2834.0;Paris;Caesar;SEASHELLS;10004.0;1
-2;2834.0;Paris;Charlie;SEASHELLS;10004.0;1
-2;2837.0;Paris;Charlie;SEASHELLS;10002.0;1
-2;2838.0;Charlie;Paris;SEASHELLS;9998.0;1
-2;2844.0;Camilla;Paris;SEASHELLS;9998.0;1
-2;2846.0;Caesar;Paris;SEASHELLS;9996.0;2
-2;2852.0;Caesar;Paris;SEASHELLS;9996.0;1
-2;2858.0;Caesar;Gary;SEASHELLS;9996.0;2
-2;2861.0;Paris;Paris;SEASHELLS;9998.0;1
-2;2882.0;Pablo;Charlie;SEASHELLS;10002.0;4
-2;2882.0;Pablo;Paris;SEASHELLS;10002.0;1
-2;2890.0;Paris;Caesar;SEASHELLS;10004.0;1
-2;2899.0;Gary;Caesar;SEASHELLS;10004.0;2
-2;2904.0;Paris;Paris;SEASHELLS;9998.0;1
-2;2915.0;Charlie;Penelope;SEASHELLS;9995.0;4
-2;2916.0;Charlie;Paris;SEASHELLS;9998.0;1
-2;2918.0;Charlie;Paris;SEASHELLS;9998.0;1
-2;2923.0;Paris;Charlie;SEASHELLS;10002.0;1
-2;2924.0;Caesar;Paris;SEASHELLS;9996.0;2
-2;2925.0;Paris;Charlie;SEASHELLS;10002.0;1
-2;2926.0;Pablo;Charlie;SEASHELLS;10002.0;3
-2;2926.0;Pablo;Camilla;SEASHELLS;10002.0;2
-2;2929.0;Paris;Paris;SEASHELLS;10002.0;1
-2;2938.0;Paris;Charlie;SEASHELLS;10002.0;1
-2;2950.0;Charlie;Paris;SEASHELLS;9995.0;1
-2;2958.0;Paris;Caesar;SEASHELLS;10004.0;1
-2;2959.0;Paris;Paris;SEASHELLS;10002.0;1
-2;2963.0;Paris;Camilla;SEASHELLS;10002.0;1
-2;2965.0;Camilla;Pablo;SEASHELLS;9998.0;5
-2;2974.0;Penelope;Caesar;SEASHELLS;10004.0;2
-2;2975.0;Paris;Pablo;SEASHELLS;9998.0;2
-2;2978.0;Paris;Camilla;SEASHELLS;10002.0;1
-2;2979.0;Pablo;Charlie;SEASHELLS;10002.0;3
-2;2982.0;Camilla;Paris;SEASHELLS;9998.0;2
-2;2996.0;Charlie;Penelope;SEASHELLS;9995.0;5
-2;3009.0;Paris;Charlie;SEASHELLS;10005.0;1
-2;3015.0;Paris;Charlie;SEASHELLS;10005.0;2
-2;3016.0;Paris;Charlie;SEASHELLS;10002.0;1
-2;3022.0;Paris;Caesar;SEASHELLS;10004.0;1
-2;3025.0;Camilla;Pablo;SEASHELLS;9998.0;1
-2;3025.0;Charlie;Pablo;SEASHELLS;9998.0;4
-2;3026.0;Charlie;Paris;SEASHELLS;9998.0;1
-2;3032.0;Paris;Charlie;SEASHELLS;10005.0;2
-2;3037.0;Camilla;Pablo;SEASHELLS;9998.0;5
-2;3038.0;Paris;Charlie;SEASHELLS;10002.0;1
-2;3052.0;Camilla;Paris;SEASHELLS;9998.0;1
-2;3060.0;Pablo;Camilla;SEASHELLS;10002.0;3
-2;3064.0;Charlie;Paris;SEASHELLS;9998.0;1
-2;3068.0;Charlie;Pablo;SEASHELLS;9998.0;2
-2;3075.0;Charlie;Paris;SEASHELLS;9998.0;1
-2;3080.0;Paris;Caesar;SEASHELLS;10004.0;1
-2;3081.0;Paris;Charlie;SEASHELLS;10002.0;1
-2;3083.0;Caesar;Paris;SEASHELLS;9996.0;1
-2;3084.0;Paris;Charlie;SEASHELLS;10002.0;1
-2;3097.0;Camilla;Paris;SEASHELLS;9998.0;2
-2;3099.0;Charlie;Paris;SEASHELLS;9998.0;1
-2;3107.0;Paris;Camilla;SEASHELLS;10002.0;1
-2;3110.0;Penelope;Caesar;SEASHELLS;10004.0;2
-2;3118.0;Caesar;Paris;SEASHELLS;9996.0;2
-2;3124.0;Caesar;Paris;SEASHELLS;9996.0;2
-2;3127.0;Gary;Caesar;SEASHELLS;10004.0;2
-2;3127.0;Gary;Charlie;SEASHELLS;10004.0;8
-2;3132.0;Charlie;Penelope;SEASHELLS;9996.0;1
-2;3132.0;Caesar;Penelope;SEASHELLS;9996.0;2
-2;3137.0;Penelope;Charlie;SEASHELLS;10005.0;5
-2;3138.0;Charlie;Pablo;SEASHELLS;9998.0;2
-2;3138.0;Camilla;Pablo;SEASHELLS;9998.0;2
-2;3141.0;Pablo;Camilla;SEASHELLS;10002.0;1
-2;3142.0;Paris;Camilla;SEASHELLS;10002.0;1
-2;3148.0;Paris;Paris;SEASHELLS;10002.0;1
-2;3154.0;Pablo;Camilla;SEASHELLS;10002.0;5
-2;3156.0;Camilla;Gary;SEASHELLS;9998.0;2
-2;3159.0;Paris;Camilla;SEASHELLS;10002.0;1
-2;3163.0;Paris;Caesar;SEASHELLS;10004.0;2
-2;3167.0;Paris;Charlie;SEASHELLS;10005.0;1
-2;3178.0;Pablo;Camilla;SEASHELLS;10002.0;1
-2;3179.0;Charlie;Pablo;SEASHELLS;9998.0;3
-2;3181.0;Charlie;Pablo;SEASHELLS;9998.0;1
-2;3187.0;Pablo;Gina;SEASHELLS;10002.0;2
-2;3191.0;Charlie;Paris;SEASHELLS;9998.0;1
-2;3199.0;Paris;Caesar;SEASHELLS;10002.0;1
-2;3202.0;Charlie;Paris;SEASHELLS;9998.0;1
-2;3204.0;Paris;Caesar;SEASHELLS;10004.0;1
-2;3210.0;Penelope;Charlie;SEASHELLS;10005.0;3
-2;3214.0;Paris;Caesar;SEASHELLS;10004.0;2
-2;3220.0;Caesar;Paris;SEASHELLS;9996.0;1
-2;3242.0;Camilla;Paris;SEASHELLS;9998.0;2
-2;3243.0;Charlie;Paris;SEASHELLS;9998.0;1
-2;3247.0;Charlie;Penelope;SEASHELLS;9995.0;6
-2;3251.0;Penelope;Charlie;SEASHELLS;10005.0;5
-2;3252.0;Caesar;Paris;SEASHELLS;9996.0;1
-2;3261.0;Caesar;Gary;SEASHELLS;9996.0;2
-2;3270.0;Paris;Camilla;SEASHELLS;10002.0;1
-2;3272.0;Pablo;Charlie;SEASHELLS;10002.0;2
-2;3279.0;Caesar;Paris;SEASHELLS;9996.0;1
-2;3292.0;Gary;Charlie;SEASHELLS;10005.0;10
-2;3294.0;Camilla;Paris;SEASHELLS;9998.0;1
-2;3298.0;Charlie;Paris;SEASHELLS;9998.0;1
-2;3299.0;Penelope;Charlie;SEASHELLS;10004.0;3
-2;3299.0;Penelope;Caesar;SEASHELLS;10004.0;1
-2;3307.0;Camilla;Penelope;SEASHELLS;9998.0;2
-2;3307.0;Charlie;Penelope;SEASHELLS;9998.0;3
-2;3312.0;Paris;Charlie;SEASHELLS;10002.0;1
-2;3313.0;Paris;Charlie;SEASHELLS;10002.0;1
-2;3315.0;Charlie;Paris;SEASHELLS;9998.0;1
-2;3318.0;Charlie;Paris;SEASHELLS;9998.0;1
-2;3319.0;Caesar;Paris;SEASHELLS;9998.0;1
-2;3319.0;Caesar;Paris;SEASHELLS;10000.0;1
-2;3326.0;Paris;Charlie;SEASHELLS;10002.0;1
-2;3332.0;Paris;Caesar;SEASHELLS;10004.0;2
-2;3336.0;Charlie;Gary;SEASHELLS;9995.0;9
-2;3340.0;Pablo;Charlie;SEASHELLS;10002.0;2
-2;3354.0;Charlie;Paris;SEASHELLS;9998.0;1
-2;3355.0;Paris;Camilla;SEASHELLS;10002.0;1
-2;3359.0;Charlie;Paris;SEASHELLS;9998.0;1
-2;3361.0;Charlie;Penelope;SEASHELLS;9995.0;8
-2;3363.0;Paris;Pablo;SEASHELLS;9998.0;1
-2;3366.0;Camilla;Pablo;SEASHELLS;9998.0;3
-2;3367.0;Caesar;Paris;SEASHELLS;9996.0;2
-2;3369.0;Caesar;Penelope;SEASHELLS;9996.0;1
-2;3369.0;Charlie;Penelope;SEASHELLS;9996.0;2
-2;3369.0;Charlie;Paris;SEASHELLS;9998.0;1
-2;3372.0;Charlie;Paris;SEASHELLS;9998.0;1
-2;3373.0;Camilla;Paris;SEASHELLS;9998.0;2
-2;3373.0;Camilla;Penelope;SEASHELLS;9998.0;2
-2;3376.0;Pablo;Charlie;SEASHELLS;10002.0;5
-2;3377.0;Caesar;Paris;SEASHELLS;9996.0;1
-2;3384.0;Paris;Caesar;SEASHELLS;10004.0;1
-2;3391.0;Charlie;Paris;SEASHELLS;9998.0;1
-2;3400.0;Camilla;Paris;SEASHELLS;9998.0;1
-2;3408.0;Caesar;Gary;SEASHELLS;9996.0;2
-2;3408.0;Charlie;Gary;SEASHELLS;9996.0;2
-2;3408.0;Penelope;Gary;SEASHELLS;9996.0;8
-2;3411.0;Gary;Caesar;SEASHELLS;10004.0;2
-2;3413.0;Caesar;Penelope;SEASHELLS;9996.0;1
-2;3413.0;Charlie;Penelope;SEASHELLS;9996.0;1
-2;3414.0;Pablo;Charlie;SEASHELLS;10002.0;1
-2;3415.0;Camilla;Paris;SEASHELLS;9998.0;1
-2;3420.0;Charlie;Paris;SEASHELLS;9998.0;1
-2;3430.0;Paris;Charlie;SEASHELLS;10005.0;2
-2;3438.0;Paris;Charlie;SEASHELLS;10002.0;1
-2;3442.0;Paris;Gary;SEASHELLS;10002.0;1
-2;3443.0;Caesar;Penelope;SEASHELLS;9996.0;2
-2;3444.0;Paris;Charlie;SEASHELLS;10002.0;1
-2;3455.0;Caesar;Paris;SEASHELLS;9998.0;1
-2;3456.0;Charlie;Paris;SEASHELLS;9998.0;1
-2;3459.0;Caesar;Penelope;SEASHELLS;9996.0;1
-2;3459.0;Charlie;Penelope;SEASHELLS;9996.0;5
-2;3463.0;Charlie;Penelope;SEASHELLS;9996.0;6
-2;3463.0;Caesar;Penelope;SEASHELLS;9996.0;1
-2;3465.0;Paris;Camilla;SEASHELLS;10002.0;1
-2;3467.0;Gary;Caesar;SEASHELLS;10004.0;1
-2;3472.0;Charlie;Paris;SEASHELLS;9998.0;1
-2;3476.0;Paris;Camilla;SEASHELLS;10002.0;2
-2;3495.0;Penelope;Charlie;SEASHELLS;10004.0;6
-2;3495.0;Penelope;Caesar;SEASHELLS;10004.0;1
-2;3497.0;Caesar;Paris;SEASHELLS;9996.0;1
-2;3505.0;Penelope;Camilla;SEASHELLS;10002.0;3
-2;3505.0;Penelope;Charlie;SEASHELLS;10002.0;3
-2;3508.0;Charlie;Pablo;SEASHELLS;9998.0;5
-2;3509.0;Caesar;Paris;SEASHELLS;9996.0;2
-2;3510.0;Paris;Charlie;SEASHELLS;10002.0;1
-2;3511.0;Camilla;Paris;SEASHELLS;9998.0;1
-2;3515.0;Paris;Charlie;SEASHELLS;10005.0;2
-2;3519.0;Penelope;Charlie;SEASHELLS;10004.0;4
-2;3519.0;Pablo;Charlie;SEASHELLS;10002.0;2
-2;3519.0;Penelope;Caesar;SEASHELLS;10004.0;2
-2;3523.0;Paris;Charlie;SEASHELLS;10002.0;1
-2;3532.0;Caesar;Paris;SEASHELLS;9996.0;1
-2;3533.0;Pablo;Camilla;SEASHELLS;10002.0;1
-2;3533.0;Pablo;Charlie;SEASHELLS;10002.0;0
-2;3533.0;Gina;Camilla;SEASHELLS;10002.0;6
-2;3533.0;Gina;Charlie;SEASHELLS;10002.0;1
-2;3537.0;Charlie;Paris;SEASHELLS;9995.0;2
-2;3543.0;Paris;Caesar;SEASHELLS;10000.0;1
-2;3544.0;Pablo;Camilla;SEASHELLS;10002.0;3
-2;3552.0;Caesar;Paris;SEASHELLS;9996.0;1
-2;3556.0;Charlie;Paris;SEASHELLS;9998.0;1
-2;3567.0;Gary;Caesar;SEASHELLS;10004.0;1
-2;3567.0;Paris;Charlie;SEASHELLS;10002.0;1
-2;3567.0;Gary;Charlie;SEASHELLS;10004.0;11
-2;3576.0;Charlie;Penelope;SEASHELLS;9995.0;5
-2;3581.0;Caesar;Gary;SEASHELLS;9996.0;2
-2;3585.0;Penelope;Camilla;SEASHELLS;10002.0;7
-2;3587.0;Paris;Charlie;SEASHELLS;10002.0;1
-2;3594.0;Charlie;Penelope;SEASHELLS;9995.0;6
-2;3597.0;Paris;Charlie;SEASHELLS;10002.0;1
-2;3600.0;Caesar;Paris;SEASHELLS;9996.0;1
-2;3601.0;Camilla;Pablo;SEASHELLS;9998.0;1
-2;3605.0;Paris;Charlie;SEASHELLS;10002.0;1
-2;3610.0;Camilla;Pablo;SEASHELLS;9998.0;4
-2;3614.0;Charlie;Paris;SEASHELLS;9996.0;1
-2;3614.0;Caesar;Paris;SEASHELLS;9996.0;1
-2;3626.0;Paris;Camilla;SEASHELLS;10002.0;1
-2;3628.0;Paris;Charlie;SEASHELLS;10002.0;1
-2;3629.0;Gina;Camilla;SEASHELLS;10002.0;5
-2;3633.0;Penelope;Caesar;SEASHELLS;10004.0;1
-2;3633.0;Penelope;Charlie;SEASHELLS;10004.0;1
-2;3641.0;Paris;Charlie;SEASHELLS;10002.0;1
-2;3654.0;Camilla;Penelope;SEASHELLS;9998.0;5
-2;3654.0;Camilla;Paris;SEASHELLS;9998.0;1
-2;3660.0;Charlie;Pablo;SEASHELLS;9998.0;5
-2;3662.0;Charlie;Paris;SEASHELLS;9998.0;1
-2;3666.0;Pablo;Paris;SEASHELLS;10002.0;1
-2;3673.0;Paris;Charlie;SEASHELLS;10002.0;1
-2;3681.0;Paris;Charlie;SEASHELLS;10005.0;2
-2;3682.0;Paris;Caesar;SEASHELLS;10004.0;1
-2;3682.0;Pablo;Camilla;SEASHELLS;10002.0;1
-2;3688.0;Charlie;Pablo;SEASHELLS;9998.0;2
-2;3689.0;Paris;Caesar;SEASHELLS;10004.0;1
-2;3692.0;Paris;Caesar;SEASHELLS;10004.0;1
-2;3698.0;Pablo;Charlie;SEASHELLS;10002.0;4
-2;3708.0;Paris;Camilla;SEASHELLS;10002.0;1
-2;3709.0;Camilla;Paris;SEASHELLS;9998.0;1
-2;3710.0;Charlie;Paris;SEASHELLS;9996.0;1
-2;3710.0;Caesar;Paris;SEASHELLS;9996.0;1
-2;3713.0;Charlie;Paris;SEASHELLS;9998.0;1
-2;3715.0;Camilla;Pablo;SEASHELLS;9998.0;5
-2;3720.0;Charlie;Pablo;SEASHELLS;9998.0;1
-2;3723.0;Pablo;Charlie;SEASHELLS;10002.0;5
-2;3728.0;Paris;Caesar;SEASHELLS;10004.0;2
-2;3736.0;Charlie;Paris;SEASHELLS;9995.0;1
-2;3741.0;Pablo;Charlie;SEASHELLS;10002.0;4
-2;3744.0;Camilla;Paris;SEASHELLS;9998.0;1
-2;3747.0;Charlie;Paris;SEASHELLS;9998.0;1
-2;3754.0;Caesar;Penelope;SEASHELLS;9996.0;1
-2;3755.0;Penelope;Caesar;SEASHELLS;10004.0;1
-2;3760.0;Pablo;Camilla;SEASHELLS;10002.0;2
-2;3762.0;Pablo;Charlie;SEASHELLS;10002.0;5
-2;3764.0;Paris;Caesar;SEASHELLS;10004.0;2
-2;3775.0;Caesar;Penelope;SEASHELLS;9996.0;2
-2;3784.0;Charlie;Paris;SEASHELLS;9998.0;1
-2;3788.0;Pablo;Charlie;SEASHELLS;10002.0;4
-2;3798.0;Caesar;Paris;SEASHELLS;9996.0;1
-2;3799.0;Paris;Camilla;SEASHELLS;10002.0;1
-2;3811.0;Penelope;Caesar;SEASHELLS;10004.0;2
-2;3813.0;Paris;Caesar;SEASHELLS;10004.0;1
-2;3813.0;Paris;Charlie;SEASHELLS;10002.0;1
-2;3813.0;Paris;Charlie;SEASHELLS;10004.0;1
-2;3818.0;Paris;Charlie;SEASHELLS;10002.0;1
-2;3834.0;Paris;Charlie;SEASHELLS;10002.0;1
-2;3837.0;Caesar;Paris;SEASHELLS;9996.0;1
-2;3841.0;Caesar;Penelope;SEASHELLS;9996.0;2
-2;3842.0;Gina;Pablo;SEASHELLS;9998.0;3
-2;3843.0;Caesar;Paris;SEASHELLS;9996.0;1
-2;3846.0;Paris;Charlie;SEASHELLS;10002.0;1
-2;3847.0;Camilla;Paris;SEASHELLS;9998.0;1
-2;3861.0;Charlie;Paris;SEASHELLS;9998.0;1
-2;3866.0;Pablo;Paris;SEASHELLS;10002.0;1
-2;3866.0;Pablo;Charlie;SEASHELLS;10002.0;3
-2;3867.0;Caesar;Paris;SEASHELLS;9996.0;1
-2;3877.0;Charlie;Paris;SEASHELLS;9998.0;1
-2;3878.0;Charlie;Paris;SEASHELLS;9995.0;2
-2;3880.0;Paris;Charlie;SEASHELLS;10005.0;1
-2;3891.0;Caesar;Paris;SEASHELLS;9996.0;2
-2;3898.0;Camilla;Paris;SEASHELLS;9998.0;1
-2;3899.0;Caesar;Gary;SEASHELLS;9996.0;1
-2;3905.0;Paris;Paris;SEASHELLS;10002.0;1
-2;3908.0;Paris;Charlie;SEASHELLS;10002.0;1
-2;3912.0;Caesar;Penelope;SEASHELLS;9996.0;2
-2;3924.0;Penelope;Charlie;SEASHELLS;10005.0;2
-2;3931.0;Camilla;Paris;SEASHELLS;9998.0;1
-2;3932.0;Charlie;Paris;SEASHELLS;9998.0;1
-2;3934.0;Caesar;Paris;SEASHELLS;10000.0;1
-2;3934.0;Caesar;Paris;SEASHELLS;9998.0;1
-2;3937.0;Camilla;Paris;SEASHELLS;9998.0;1
-2;3946.0;Caesar;Paris;SEASHELLS;9996.0;1
-2;3948.0;Paris;Caesar;SEASHELLS;10004.0;1
-2;3950.0;Charlie;Paris;SEASHELLS;9998.0;1
-2;3968.0;Caesar;Paris;SEASHELLS;9996.0;2
-2;3969.0;Pablo;Camilla;SEASHELLS;10002.0;2
-2;3978.0;Paris;Camilla;SEASHELLS;10002.0;1
-2;3993.0;Pablo;Charlie;SEASHELLS;10002.0;3
-2;4005.0;Caesar;Paris;SEASHELLS;9996.0;1
-2;4006.0;Charlie;Paris;SEASHELLS;9998.0;1
-2;4007.0;Paris;Caesar;SEASHELLS;10004.0;1
-2;4007.0;Paris;Charlie;SEASHELLS;10004.0;1
-2;4009.0;Pablo;Charlie;SEASHELLS;10002.0;5
-2;4016.0;Charlie;Gina;SEASHELLS;9998.0;3
-2;4016.0;Camilla;Gina;SEASHELLS;9998.0;8
-2;4017.0;Caesar;Paris;SEASHELLS;9998.0;1
-2;4025.0;Caesar;Penelope;SEASHELLS;9996.0;2
-2;4029.0;Charlie;Paris;SEASHELLS;9998.0;1
-2;4033.0;Paris;Camilla;SEASHELLS;10002.0;1
-2;4039.0;Charlie;Paris;SEASHELLS;9998.0;1
-2;4043.0;Pablo;Camilla;SEASHELLS;10002.0;3
-2;4050.0;Camilla;Paris;SEASHELLS;9998.0;2
-2;4053.0;Camilla;Penelope;SEASHELLS;9998.0;3
-2;4060.0;Charlie;Paris;SEASHELLS;9998.0;1
-2;4063.0;Pablo;Charlie;SEASHELLS;10002.0;3
-2;4076.0;Charlie;Paris;SEASHELLS;9995.0;1
-2;4076.0;Charlie;Pablo;SEASHELLS;9998.0;5
-2;4076.0;Charlie;Paris;SEASHELLS;9998.0;1
-2;4080.0;Charlie;Paris;SEASHELLS;9998.0;1
-2;4087.0;Pablo;Charlie;SEASHELLS;10002.0;1
-2;4092.0;Caesar;Pablo;SEASHELLS;9998.0;1
-2;4093.0;Charlie;Paris;SEASHELLS;9998.0;1
-2;4103.0;Paris;Pablo;SEASHELLS;9998.0;1
-2;4107.0;Gary;Caesar;SEASHELLS;10004.0;2
-2;4107.0;Gary;Charlie;SEASHELLS;10004.0;9
-2;4108.0;Paris;Pablo;SEASHELLS;9998.0;1
-2;4120.0;Caesar;Paris;SEASHELLS;9998.0;1
-2;4121.0;Pablo;Charlie;SEASHELLS;10002.0;3
-2;4121.0;Paris;Charlie;SEASHELLS;10002.0;1
-2;4122.0;Camilla;Paris;SEASHELLS;9998.0;1
-2;4127.0;Caesar;Penelope;SEASHELLS;9996.0;2
-2;4130.0;Gary;Caesar;SEASHELLS;10004.0;1
-2;4131.0;Pablo;Camilla;SEASHELLS;10002.0;5
-2;4132.0;Paris;Camilla;SEASHELLS;10002.0;1
-2;4132.0;Charlie;Paris;SEASHELLS;9995.0;2
-2;4134.0;Paris;Camilla;SEASHELLS;10002.0;1
-2;4137.0;Pablo;Charlie;SEASHELLS;10002.0;2
-2;4141.0;Paris;Charlie;SEASHELLS;10005.0;1
-2;4141.0;Camilla;Paris;SEASHELLS;9998.0;1
-2;4141.0;Penelope;Caesar;SEASHELLS;10004.0;2
-2;4141.0;Penelope;Charlie;SEASHELLS;10004.0;5
-2;4152.0;Gina;Charlie;SEASHELLS;10002.0;3
-2;4152.0;Gina;Camilla;SEASHELLS;10002.0;8
-2;4159.0;Charlie;Penelope;SEASHELLS;9995.0;6
-2;4162.0;Charlie;Penelope;SEASHELLS;9998.0;3
-2;4162.0;Camilla;Penelope;SEASHELLS;9998.0;2
-2;4169.0;Paris;Caesar;SEASHELLS;10004.0;1
-2;4179.0;Charlie;Paris;SEASHELLS;9998.0;1
-2;4179.0;Caesar;Paris;SEASHELLS;9996.0;1
-2;4180.0;Charlie;Paris;SEASHELLS;9998.0;1
-2;4184.0;Paris;Charlie;SEASHELLS;10002.0;1
-2;4186.0;Camilla;Paris;SEASHELLS;9998.0;1
-2;4202.0;Paris;Camilla;SEASHELLS;10002.0;1
-2;4203.0;Gary;Charlie;SEASHELLS;10005.0;11
-2;4204.0;Pablo;Charlie;SEASHELLS;10002.0;4
-2;4207.0;Caesar;Paris;SEASHELLS;9996.0;1
-2;4213.0;Paris;Charlie;SEASHELLS;10002.0;1
-2;4216.0;Charlie;Paris;SEASHELLS;9998.0;1
-2;4220.0;Paris;Charlie;SEASHELLS;10002.0;1
-2;4241.0;Charlie;Pablo;SEASHELLS;9998.0;5
-2;4245.0;Charlie;Gina;SEASHELLS;9998.0;1
-2;4245.0;Camilla;Gina;SEASHELLS;9998.0;9
-2;4247.0;Paris;Caesar;SEASHELLS;10004.0;1
-2;4247.0;Paris;Charlie;SEASHELLS;10002.0;1
-2;4248.0;Paris;Penelope;SEASHELLS;10002.0;1
-2;4251.0;Caesar;Paris;SEASHELLS;9996.0;1
-2;4257.0;Paris;Camilla;SEASHELLS;10002.0;1
-2;4257.0;Charlie;Paris;SEASHELLS;9995.0;2
-2;4264.0;Charlie;Paris;SEASHELLS;9998.0;1
-2;4265.0;Pablo;Charlie;SEASHELLS;10002.0;5
-2;4269.0;Charlie;Paris;SEASHELLS;9998.0;1
-2;4273.0;Paris;Charlie;SEASHELLS;10002.0;1
-2;4278.0;Charlie;Paris;SEASHELLS;9998.0;1
-2;4279.0;Caesar;Paris;SEASHELLS;9996.0;2
-2;4282.0;Paris;Caesar;SEASHELLS;10004.0;1
-2;4288.0;Charlie;Gary;SEASHELLS;9995.0;11
-2;4292.0;Pablo;Camilla;SEASHELLS;10002.0;1
-2;4299.0;Charlie;Paris;SEASHELLS;9998.0;1
-2;4302.0;Penelope;Charlie;SEASHELLS;10005.0;3
-2;4306.0;Paris;Charlie;SEASHELLS;10002.0;1
-2;4312.0;Pablo;Gina;SEASHELLS;10002.0;1
-2;4312.0;Camilla;Gina;SEASHELLS;9998.0;5
-2;4324.0;Paris;Camilla;SEASHELLS;10002.0;1
-2;4328.0;Charlie;Paris;SEASHELLS;9998.0;1
-2;4329.0;Camilla;Penelope;SEASHELLS;9998.0;1
-2;4329.0;Camilla;Paris;SEASHELLS;9998.0;1
-2;4332.0;Paris;Gina;SEASHELLS;10002.0;1
-2;4334.0;Charlie;Paris;SEASHELLS;9998.0;1
-2;4336.0;Paris;Gina;SEASHELLS;10002.0;1
-2;4341.0;Camilla;Gina;SEASHELLS;9998.0;8
-2;4349.0;Paris;Camilla;SEASHELLS;10002.0;1
-2;4355.0;Charlie;Penelope;SEASHELLS;9995.0;6
-2;4373.0;Paris;Caesar;SEASHELLS;10004.0;1
-2;4375.0;Camilla;Pablo;SEASHELLS;9998.0;2
-2;4385.0;Paris;Caesar;SEASHELLS;10004.0;1
-2;4389.0;Paris;Camilla;SEASHELLS;10002.0;1
-2;4394.0;Caesar;Paris;SEASHELLS;9996.0;1
-2;4398.0;Paris;Charlie;SEASHELLS;10002.0;1
-2;4399.0;Caesar;Gary;SEASHELLS;9996.0;1
-2;4399.0;Charlie;Gary;SEASHELLS;9996.0;7
-2;4400.0;Pablo;Charlie;SEASHELLS;10002.0;2
-2;4404.0;Penelope;Caesar;SEASHELLS;10004.0;1
-2;4404.0;Penelope;Charlie;SEASHELLS;10004.0;4
-2;4408.0;Caesar;Penelope;SEASHELLS;9996.0;2
-2;4413.0;Paris;Paris;SEASHELLS;10002.0;1
-2;4413.0;Gina;Paris;SEASHELLS;10002.0;1
-2;4422.0;Penelope;Caesar;SEASHELLS;10004.0;2
-2;4422.0;Penelope;Charlie;SEASHELLS;10004.0;3
-2;4422.0;Penelope;Paris;SEASHELLS;10004.0;1
-2;4424.0;Paris;Charlie;SEASHELLS;10002.0;1
-2;4426.0;Charlie;Paris;SEASHELLS;9998.0;1
-2;4430.0;Charlie;Paris;SEASHELLS;9998.0;1
-2;4431.0;Penelope;Caesar;SEASHELLS;10004.0;2
-2;4432.0;Paris;Charlie;SEASHELLS;10002.0;1
-2;4434.0;Pablo;Camilla;SEASHELLS;10002.0;3
-2;4436.0;Paris;Paris;SEASHELLS;10002.0;1
-2;4442.0;Caesar;Paris;SEASHELLS;9996.0;1
-2;4442.0;Charlie;Paris;SEASHELLS;9998.0;1
-2;4442.0;Charlie;Paris;SEASHELLS;9996.0;1
-2;4443.0;Charlie;Paris;SEASHELLS;9998.0;1
-2;4445.0;Paris;Charlie;SEASHELLS;10002.0;1
-2;4446.0;Camilla;Paris;SEASHELLS;9998.0;1
-2;4448.0;Camilla;Paris;SEASHELLS;9998.0;1
-2;4450.0;Camilla;Paris;SEASHELLS;9998.0;1
-2;4454.0;Paris;Pablo;SEASHELLS;9998.0;1
-2;4457.0;Charlie;Pablo;SEASHELLS;9998.0;1
-2;4467.0;Charlie;Paris;SEASHELLS;9998.0;1
-2;4471.0;Paris;Camilla;SEASHELLS;10002.0;1
-2;4475.0;Pablo;Charlie;SEASHELLS;10002.0;4
-2;4486.0;Paris;Charlie;SEASHELLS;10005.0;2
-2;4488.0;Paris;Charlie;SEASHELLS;10002.0;1
-2;4489.0;Pablo;Charlie;SEASHELLS;10002.0;5
-2;4489.0;Paris;Charlie;SEASHELLS;10002.0;1
-2;4495.0;Pablo;Camilla;SEASHELLS;10002.0;3
-2;4495.0;Paris;Charlie;SEASHELLS;10002.0;1
-2;4502.0;Charlie;Paris;SEASHELLS;9995.0;2
-2;4505.0;Paris;Camilla;SEASHELLS;10002.0;1
-2;4509.0;Caesar;Penelope;SEASHELLS;9996.0;2
-2;4514.0;Charlie;Paris;SEASHELLS;9998.0;1
-2;4517.0;Paris;Camilla;SEASHELLS;10002.0;1
-2;4519.0;Charlie;Penelope;SEASHELLS;9996.0;7
-2;4519.0;Caesar;Penelope;SEASHELLS;9996.0;1
-2;4520.0;Gary;Caesar;SEASHELLS;10004.0;2
-2;4520.0;Gary;Charlie;SEASHELLS;10004.0;9
-2;4523.0;Camilla;Pablo;SEASHELLS;9998.0;1
-2;4523.0;Charlie;Pablo;SEASHELLS;9998.0;2
-2;4526.0;Charlie;Pablo;SEASHELLS;9998.0;1
-2;4533.0;Camilla;Paris;SEASHELLS;9998.0;1
-2;4540.0;Paris;Charlie;SEASHELLS;10002.0;1
-2;4544.0;Charlie;Paris;SEASHELLS;9998.0;1
-2;4546.0;Caesar;Paris;SEASHELLS;9996.0;1
-2;4549.0;Paris;Caesar;SEASHELLS;10004.0;2
-2;4557.0;Caesar;Paris;SEASHELLS;9996.0;1
-2;4561.0;Penelope;Caesar;SEASHELLS;10004.0;1
-2;4565.0;Camilla;Paris;SEASHELLS;9998.0;1
-2;4568.0;Paris;Camilla;SEASHELLS;10002.0;1
-2;4570.0;Pablo;Charlie;SEASHELLS;10002.0;4
-2;4570.0;Pablo;Paris;SEASHELLS;10002.0;1
-2;4585.0;Penelope;Charlie;SEASHELLS;10004.0;6
-2;4585.0;Penelope;Caesar;SEASHELLS;10004.0;1
-2;4586.0;Paris;Charlie;SEASHELLS;10002.0;1
-2;4589.0;Paris;Charlie;SEASHELLS;10002.0;1
-2;4591.0;Charlie;Pablo;SEASHELLS;9998.0;1
-2;4598.0;Paris;Charlie;SEASHELLS;10002.0;1
-2;4602.0;Pablo;Charlie;SEASHELLS;10002.0;3
-2;4615.0;Pablo;Camilla;SEASHELLS;10002.0;5
-2;4618.0;Charlie;Pablo;SEASHELLS;9998.0;2
-2;4622.0;Camilla;Pablo;SEASHELLS;9998.0;3
-2;4622.0;Charlie;Pablo;SEASHELLS;9998.0;1
-2;4623.0;Paris;Charlie;SEASHELLS;10002.0;1
-2;4624.0;Paris;Charlie;SEASHELLS;10002.0;1
-2;4633.0;Paris;Charlie;SEASHELLS;10002.0;1
-2;4640.0;Pablo;Charlie;SEASHELLS;10002.0;1
-2;4640.0;Penelope;Charlie;SEASHELLS;10005.0;7
-2;4642.0;Caesar;Paris;SEASHELLS;9996.0;1
-2;4646.0;Caesar;Paris;SEASHELLS;10000.0;1
-2;4648.0;Pablo;Camilla;SEASHELLS;10002.0;2
-2;4650.0;Camilla;Paris;SEASHELLS;9998.0;1
-2;4651.0;Pablo;Charlie;SEASHELLS;10002.0;3
-2;4653.0;Paris;Caesar;SEASHELLS;10004.0;2
-2;4654.0;Paris;Gary;SEASHELLS;10002.0;1
-2;4656.0;Penelope;Charlie;SEASHELLS;10004.0;5
-2;4656.0;Penelope;Caesar;SEASHELLS;10004.0;1
-2;4662.0;Paris;Charlie;SEASHELLS;10002.0;1
-2;4663.0;Caesar;Paris;SEASHELLS;9996.0;2
-2;4677.0;Charlie;Gary;SEASHELLS;9995.0;10
-2;4681.0;Camilla;Paris;SEASHELLS;9998.0;1
-2;4692.0;Paris;Caesar;SEASHELLS;10004.0;2
-2;4695.0;Camilla;Pablo;SEASHELLS;9998.0;1
-2;4697.0;Paris;Caesar;SEASHELLS;10004.0;2
-2;4709.0;Paris;Caesar;SEASHELLS;10004.0;1
-2;4712.0;Paris;Camilla;SEASHELLS;10002.0;1
-2;4717.0;Paris;Caesar;SEASHELLS;10004.0;1
-2;4720.0;Charlie;Pablo;SEASHELLS;9998.0;4
-2;4721.0;Camilla;Paris;SEASHELLS;9998.0;1
-2;4722.0;Paris;Charlie;SEASHELLS;10005.0;2
-2;4723.0;Camilla;Penelope;SEASHELLS;9998.0;2
-2;4737.0;Pablo;Caesar;SEASHELLS;10002.0;1
-2;4742.0;Gary;Charlie;SEASHELLS;10005.0;11
-2;4744.0;Charlie;Pablo;SEASHELLS;9998.0;1
-2;4765.0;Penelope;Charlie;SEASHELLS;10005.0;2
-2;4771.0;Pablo;Charlie;SEASHELLS;10002.0;5
-2;4776.0;Caesar;Paris;SEASHELLS;9996.0;1
-2;4776.0;Charlie;Pablo;SEASHELLS;9998.0;5
-2;4776.0;Charlie;Paris;SEASHELLS;9996.0;1
-2;4777.0;Paris;Camilla;SEASHELLS;10002.0;1
-2;4780.0;Caesar;Paris;SEASHELLS;10000.0;2
-2;4786.0;Pablo;Penelope;SEASHELLS;10002.0;2
-2;4787.0;Camilla;Penelope;SEASHELLS;9998.0;2
-2;4790.0;Caesar;Paris;SEASHELLS;9996.0;1
-2;4791.0;Paris;Charlie;SEASHELLS;10002.0;1
-2;4795.0;Camilla;Paris;SEASHELLS;9998.0;1
-2;4797.0;Charlie;Penelope;SEASHELLS;9996.0;6
-2;4797.0;Caesar;Penelope;SEASHELLS;9996.0;2
-2;4799.0;Pablo;Charlie;SEASHELLS;10002.0;5
-2;4818.0;Camilla;Paris;SEASHELLS;9998.0;1
-2;4826.0;Charlie;Paris;SEASHELLS;9998.0;1
-2;4827.0;Camilla;Penelope;SEASHELLS;9998.0;5
-2;4827.0;Charlie;Penelope;SEASHELLS;9998.0;2
-2;4828.0;Pablo;Penelope;SEASHELLS;10002.0;5
-2;4834.0;Paris;Caesar;SEASHELLS;10004.0;1
-2;4849.0;Caesar;Paris;SEASHELLS;9996.0;2
-2;4850.0;Caesar;Paris;SEASHELLS;9996.0;1
-2;4856.0;Charlie;Paris;SEASHELLS;9998.0;1
-2;4856.0;Caesar;Paris;SEASHELLS;9996.0;2
-2;4860.0;Caesar;Paris;SEASHELLS;9996.0;1
-2;4873.0;Penelope;Charlie;SEASHELLS;10004.0;2
-2;4873.0;Penelope;Caesar;SEASHELLS;10004.0;1
-2;4876.0;Caesar;Penelope;SEASHELLS;9996.0;2
-2;4878.0;Caesar;Penelope;SEASHELLS;9996.0;1
-2;4878.0;Charlie;Penelope;SEASHELLS;9996.0;2
-2;4883.0;Paris;Charlie;SEASHELLS;10002.0;1
-2;4883.0;Paris;Charlie;SEASHELLS;10005.0;2
-2;4901.0;Paris;Camilla;SEASHELLS;10002.0;1
-2;4905.0;Charlie;Paris;SEASHELLS;9995.0;1
-2;4909.0;Paris;Charlie;SEASHELLS;10002.0;1
-2;4909.0;Pablo;Charlie;SEASHELLS;10002.0;3
-2;4911.0;Charlie;Paris;SEASHELLS;9998.0;1
-2;4914.0;Paris;Camilla;SEASHELLS;10002.0;1
-2;4929.0;Pablo;Charlie;SEASHELLS;10002.0;2
-2;4930.0;Paris;Caesar;SEASHELLS;10004.0;1
-2;4933.0;Caesar;Paris;SEASHELLS;9996.0;1
-2;4939.0;Pablo;Camilla;SEASHELLS;10002.0;4
-2;4942.0;Charlie;Paris;SEASHELLS;9998.0;1
-2;4944.0;Penelope;Charlie;SEASHELLS;10005.0;7
-2;4956.0;Pablo;Camilla;SEASHELLS;10002.0;2
-2;4967.0;Camilla;Pablo;SEASHELLS;9998.0;3
-2;4967.0;Charlie;Pablo;SEASHELLS;9998.0;1
-2;4970.0;Charlie;Paris;SEASHELLS;9998.0;1
-2;4970.0;Charlie;Pablo;SEASHELLS;9998.0;5
-2;4981.0;Charlie;Pablo;SEASHELLS;9998.0;2
-2;4987.0;Paris;Caesar;SEASHELLS;10004.0;2
-2;4989.0;Paris;Charlie;SEASHELLS;10002.0;1
-2;4997.0;Caesar;Paris;SEASHELLS;9996.0;2
-2;4999.0;Paris;Pablo;SEASHELLS;9998.0;1
-2;5001.0;Caesar;Penelope;SEASHELLS;9996.0;1
-2;5003.0;Pablo;Charlie;SEASHELLS;10002.0;5
-2;5004.0;Paris;Caesar;SEASHELLS;10004.0;1
-2;5008.0;Gary;Camilla;SEASHELLS;10002.0;9
-2;5009.0;Paris;Gary;SEASHELLS;10002.0;1
-2;5010.0;Caesar;Paris;SEASHELLS;9996.0;2
-2;5012.0;Charlie;Pablo;SEASHELLS;9998.0;3
-2;5016.0;Pablo;Charlie;SEASHELLS;10002.0;2
-2;5017.0;Paris;Caesar;SEASHELLS;10004.0;1
-2;5018.0;Charlie;Paris;SEASHELLS;9998.0;1
-2;5019.0;Charlie;Pablo;SEASHELLS;9998.0;3
-2;5020.0;Paris;Camilla;SEASHELLS;10002.0;2
-2;5022.0;Charlie;Paris;SEASHELLS;9998.0;1
-2;5022.0;Charlie;Pablo;SEASHELLS;9998.0;5
-2;5022.0;Caesar;Penelope;SEASHELLS;9996.0;2
-2;5027.0;Paris;Camilla;SEASHELLS;10002.0;1
-2;5028.0;Penelope;Caesar;SEASHELLS;10004.0;1
-2;5031.0;Charlie;Gary;SEASHELLS;9996.0;8
-2;5031.0;Caesar;Gary;SEASHELLS;9996.0;2
-2;5032.0;Penelope;Camilla;SEASHELLS;10002.0;3
-2;5037.0;Paris;Charlie;SEASHELLS;10002.0;1
-2;5059.0;Caesar;Paris;SEASHELLS;9996.0;2
-2;5061.0;Paris;Caesar;SEASHELLS;10004.0;1
-2;5063.0;Paris;Charlie;SEASHELLS;10002.0;1
-2;5063.0;Paris;Camilla;SEASHELLS;10002.0;1
-2;5064.0;Paris;Charlie;SEASHELLS;10005.0;1
-2;5069.0;Charlie;Pablo;SEASHELLS;9998.0;2
-2;5074.0;Charlie;Paris;SEASHELLS;9998.0;1
-2;5078.0;Charlie;Pablo;SEASHELLS;9998.0;1
-2;5082.0;Paris;Charlie;SEASHELLS;10005.0;1
-2;5086.0;Pablo;Camilla;SEASHELLS;10002.0;5
-2;5089.0;Paris;Camilla;SEASHELLS;10002.0;2
-2;5096.0;Paris;Camilla;SEASHELLS;10002.0;1
-2;5098.0;Charlie;Pablo;SEASHELLS;9998.0;5
-2;5109.0;Paris;Gina;SEASHELLS;10002.0;1
-2;5109.0;Camilla;Gina;SEASHELLS;9998.0;9
-2;5111.0;Paris;Penelope;SEASHELLS;10002.0;1
-2;5112.0;Charlie;Paris;SEASHELLS;9998.0;1
-2;5115.0;Pablo;Camilla;SEASHELLS;10002.0;5
-2;5123.0;Paris;Charlie;SEASHELLS;10002.0;1
-2;5125.0;Paris;Charlie;SEASHELLS;10002.0;1
-2;5126.0;Penelope;Caesar;SEASHELLS;10004.0;1
-2;5126.0;Penelope;Charlie;SEASHELLS;10004.0;4
-2;5136.0;Paris;Caesar;SEASHELLS;10004.0;1
-2;5144.0;Caesar;Penelope;SEASHELLS;9996.0;2
-2;5153.0;Paris;Charlie;SEASHELLS;10002.0;1
-2;5162.0;Penelope;Caesar;SEASHELLS;10004.0;2
-2;5162.0;Penelope;Charlie;SEASHELLS;10004.0;1
-2;5165.0;Paris;Caesar;SEASHELLS;10004.0;1
-2;5167.0;Paris;Camilla;SEASHELLS;10002.0;2
-2;5173.0;Penelope;Paris;SEASHELLS;10004.0;1
-2;5173.0;Penelope;Caesar;SEASHELLS;10004.0;2
-2;5175.0;Charlie;Gary;SEASHELLS;9995.0;9
-2;5177.0;Charlie;Paris;SEASHELLS;9995.0;2
-2;5179.0;Paris;Camilla;SEASHELLS;10002.0;1
-2;5182.0;Pablo;Charlie;SEASHELLS;10002.0;2
-2;5188.0;Charlie;Paris;SEASHELLS;9995.0;1
-2;5191.0;Gary;Caesar;SEASHELLS;10004.0;2
-2;5199.0;Paris;Charlie;SEASHELLS;10002.0;1
-2;5202.0;Penelope;Charlie;SEASHELLS;10005.0;5
-2;5203.0;Gina;Charlie;SEASHELLS;10002.0;6
-2;5203.0;Gina;Camilla;SEASHELLS;10002.0;3
-2;5213.0;Camilla;Paris;SEASHELLS;9998.0;2
-2;5218.0;Charlie;Paris;SEASHELLS;9998.0;1
-2;5219.0;Caesar;Penelope;SEASHELLS;9996.0;1
-2;5219.0;Charlie;Penelope;SEASHELLS;9996.0;7
-2;5226.0;Penelope;Camilla;SEASHELLS;10002.0;5
-2;5227.0;Paris;Camilla;SEASHELLS;10002.0;1
-2;5228.0;Charlie;Paris;SEASHELLS;9998.0;1
-2;5235.0;Paris;Charlie;SEASHELLS;10002.0;1
-2;5237.0;Paris;Charlie;SEASHELLS;10002.0;1
-2;5238.0;Caesar;Paris;SEASHELLS;9996.0;1
-2;5245.0;Charlie;Gina;SEASHELLS;9998.0;6
-2;5246.0;Paris;Charlie;SEASHELLS;10005.0;2
-2;5250.0;Charlie;Paris;SEASHELLS;9995.0;2
-2;5252.0;Pablo;Charlie;SEASHELLS;10002.0;1
-2;5258.0;Caesar;Penelope;SEASHELLS;9996.0;1
-2;5260.0;Charlie;Pablo;SEASHELLS;9998.0;3
-2;5263.0;Paris;Charlie;SEASHELLS;10002.0;1
-2;5265.0;Caesar;Paris;SEASHELLS;9996.0;2
-2;5273.0;Paris;Charlie;SEASHELLS;10002.0;1
-2;5274.0;Camilla;Pablo;SEASHELLS;9998.0;1
-2;5274.0;Gary;Pablo;SEASHELLS;9998.0;4
-2;5275.0;Charlie;Pablo;SEASHELLS;9998.0;1
-2;5304.0;Paris;Charlie;SEASHELLS;10002.0;1
-2;5308.0;Paris;Paris;SEASHELLS;9998.0;1
-2;5318.0;Pablo;Charlie;SEASHELLS;10002.0;3
-2;5320.0;Gary;Caesar;SEASHELLS;10004.0;2
-2;5324.0;Camilla;Paris;SEASHELLS;9998.0;1
-2;5324.0;Camilla;Penelope;SEASHELLS;9998.0;5
-2;5326.0;Caesar;Paris;SEASHELLS;9996.0;1
-2;5342.0;Caesar;Paris;SEASHELLS;9996.0;1
-2;5355.0;Camilla;Paris;SEASHELLS;9998.0;1
-2;5361.0;Paris;Charlie;SEASHELLS;10002.0;1
-2;5362.0;Camilla;Penelope;SEASHELLS;9998.0;6
-2;5362.0;Paris;Caesar;SEASHELLS;10004.0;1
-2;5366.0;Caesar;Pablo;SEASHELLS;9998.0;3
-2;5369.0;Pablo;Camilla;SEASHELLS;10002.0;5
-2;5369.0;Paris;Camilla;SEASHELLS;10002.0;1
-2;5373.0;Penelope;Charlie;SEASHELLS;10005.0;3
-2;5376.0;Charlie;Paris;SEASHELLS;9998.0;1
-2;5394.0;Gary;Paris;SEASHELLS;9998.0;1
-2;5395.0;Charlie;Paris;SEASHELLS;9998.0;1
-2;5397.0;Charlie;Paris;SEASHELLS;9998.0;1
-2;5400.0;Gary;Charlie;SEASHELLS;10004.0;10
-2;5400.0;Gary;Caesar;SEASHELLS;10004.0;1
-2;5402.0;Penelope;Caesar;SEASHELLS;10004.0;1
-2;5406.0;Paris;Charlie;SEASHELLS;10002.0;1
-2;5408.0;Paris;Caesar;SEASHELLS;10004.0;1
-2;5413.0;Paris;Charlie;SEASHELLS;10005.0;1
-2;5418.0;Charlie;Pablo;SEASHELLS;9998.0;1
-2;5423.0;Gary;Camilla;SEASHELLS;10002.0;4
-2;5429.0;Pablo;Paris;SEASHELLS;10002.0;1
-2;5430.0;Pablo;Charlie;SEASHELLS;10002.0;2
-2;5446.0;Charlie;Gary;SEASHELLS;9995.0;9
-2;5446.0;Charlie;Paris;SEASHELLS;9995.0;1
-2;5452.0;Charlie;Pablo;SEASHELLS;9998.0;2
-2;5453.0;Caesar;Paris;SEASHELLS;9996.0;2
-2;5462.0;Paris;Charlie;SEASHELLS;10002.0;1
-2;5478.0;Pablo;Charlie;SEASHELLS;10002.0;1
-2;5479.0;Paris;Charlie;SEASHELLS;10002.0;1
-2;5481.0;Caesar;Gary;SEASHELLS;9996.0;1
-2;5482.0;Paris;Charlie;SEASHELLS;10002.0;1
-2;5485.0;Charlie;Paris;SEASHELLS;9996.0;1
-2;5485.0;Caesar;Paris;SEASHELLS;9996.0;1
-2;5507.0;Charlie;Paris;SEASHELLS;9998.0;1
-2;5509.0;Paris;Caesar;SEASHELLS;10004.0;1
-2;5510.0;Caesar;Paris;SEASHELLS;9996.0;1
-2;5514.0;Paris;Gina;SEASHELLS;9998.0;2
-2;5514.0;Pablo;Gina;SEASHELLS;10002.0;2
-2;5518.0;Paris;Caesar;SEASHELLS;10004.0;1
-2;5520.0;Paris;Charlie;SEASHELLS;10004.0;1
-2;5520.0;Paris;Caesar;SEASHELLS;10004.0;1
-2;5529.0;Paris;Charlie;SEASHELLS;10002.0;1
-2;5535.0;Charlie;Pablo;SEASHELLS;9998.0;5
-2;5540.0;Charlie;Paris;SEASHELLS;9995.0;1
-2;5548.0;Paris;Charlie;SEASHELLS;10002.0;1
-2;5549.0;Paris;Charlie;SEASHELLS;10002.0;1
-2;5551.0;Charlie;Gina;SEASHELLS;9998.0;6
-2;5554.0;Caesar;Paris;SEASHELLS;9996.0;1
-2;5555.0;Paris;Camilla;SEASHELLS;10002.0;1
-2;5556.0;Paris;Charlie;SEASHELLS;10002.0;1
-2;5557.0;Caesar;Paris;SEASHELLS;9996.0;1
-2;5565.0;Charlie;Paris;SEASHELLS;9998.0;1
-2;5567.0;Paris;Camilla;SEASHELLS;10002.0;1
-2;5568.0;Charlie;Penelope;SEASHELLS;9996.0;6
-2;5568.0;Caesar;Penelope;SEASHELLS;9996.0;2
-2;5581.0;Charlie;Paris;SEASHELLS;9998.0;1
-2;5582.0;Charlie;Pablo;SEASHELLS;9998.0;4
-2;5588.0;Pablo;Camilla;SEASHELLS;10002.0;4
-2;5594.0;Charlie;Paris;SEASHELLS;9995.0;2
-2;5599.0;Paris;Camilla;SEASHELLS;10002.0;1
-2;5603.0;Paris;Charlie;SEASHELLS;10002.0;1
-2;5607.0;Charlie;Paris;SEASHELLS;9995.0;1
-2;5610.0;Pablo;Charlie;SEASHELLS;10002.0;5
-2;5613.0;Gina;Caesar;SEASHELLS;10002.0;3
-2;5619.0;Paris;Charlie;SEASHELLS;10002.0;1
-2;5635.0;Charlie;Pablo;SEASHELLS;9998.0;3
-2;5638.0;Penelope;Charlie;SEASHELLS;10005.0;6
-2;5646.0;Gina;Camilla;SEASHELLS;10002.0;9
-2;5646.0;Gina;Charlie;SEASHELLS;10002.0;3
-2;5657.0;Charlie;Paris;SEASHELLS;9995.0;1
-2;5663.0;Charlie;Paris;SEASHELLS;9998.0;1
-2;5668.0;Charlie;Pablo;SEASHELLS;9998.0;3
-2;5669.0;Paris;Caesar;SEASHELLS;10004.0;2
-2;5671.0;Paris;Caesar;SEASHELLS;10004.0;1
-2;5674.0;Paris;Camilla;SEASHELLS;10002.0;2
-2;5675.0;Pablo;Charlie;SEASHELLS;10002.0;5
-2;5677.0;Charlie;Gary;SEASHELLS;9995.0;8
-2;5678.0;Charlie;Paris;SEASHELLS;9995.0;2
-2;5680.0;Charlie;Pablo;SEASHELLS;9998.0;4
-2;5688.0;Paris;Paris;SEASHELLS;10002.0;1
-2;5693.0;Paris;Charlie;SEASHELLS;10002.0;1
-2;5703.0;Camilla;Gary;SEASHELLS;9998.0;9
-2;5703.0;Charlie;Gary;SEASHELLS;9998.0;3
-2;5708.0;Caesar;Paris;SEASHELLS;9996.0;1
-2;5708.0;Charlie;Paris;SEASHELLS;9996.0;1
-2;5709.0;Camilla;Paris;SEASHELLS;9998.0;1
-2;5716.0;Charlie;Paris;SEASHELLS;9998.0;1
-2;5720.0;Paris;Camilla;SEASHELLS;10002.0;2
-2;5721.0;Gary;Caesar;SEASHELLS;10004.0;1
-2;5725.0;Camilla;Paris;SEASHELLS;9998.0;1
-2;5727.0;Charlie;Paris;SEASHELLS;9995.0;1
-2;5731.0;Penelope;Caesar;SEASHELLS;10004.0;2
-2;5741.0;Caesar;Penelope;SEASHELLS;9996.0;2
-2;5741.0;Paris;Camilla;SEASHELLS;10002.0;1
-2;5741.0;Charlie;Penelope;SEASHELLS;9996.0;5
-2;5744.0;Pablo;Penelope;SEASHELLS;10002.0;2
-2;5746.0;Caesar;Paris;SEASHELLS;9996.0;2
-2;5748.0;Pablo;Charlie;SEASHELLS;10002.0;5
-2;5748.0;Gary;Charlie;SEASHELLS;10005.0;10
-2;5750.0;Paris;Charlie;SEASHELLS;10002.0;1
-2;5753.0;Charlie;Paris;SEASHELLS;9998.0;1
-2;5756.0;Charlie;Paris;SEASHELLS;9998.0;1
-2;5760.0;Paris;Pablo;SEASHELLS;9998.0;1
-2;5761.0;Camilla;Paris;SEASHELLS;9998.0;1
-2;5763.0;Charlie;Paris;SEASHELLS;9998.0;1
-2;5764.0;Charlie;Pablo;SEASHELLS;9998.0;2
-2;5764.0;Paris;Pablo;SEASHELLS;9998.0;2
-2;5768.0;Camilla;Paris;SEASHELLS;9998.0;1
-2;5768.0;Gary;Charlie;SEASHELLS;10005.0;10
-2;5771.0;Gary;Caesar;SEASHELLS;10004.0;2
-2;5783.0;Camilla;Paris;SEASHELLS;9998.0;1
-2;5785.0;Charlie;Paris;SEASHELLS;9995.0;1
-2;5790.0;Charlie;Paris;SEASHELLS;9998.0;1
-2;5799.0;Paris;Camilla;SEASHELLS;10002.0;1
-2;5799.0;Caesar;Paris;SEASHELLS;9998.0;1
-2;5800.0;Pablo;Charlie;SEASHELLS;10002.0;3
-2;5808.0;Paris;Caesar;SEASHELLS;10002.0;1
-2;5810.0;Pablo;Paris;SEASHELLS;10002.0;1
-2;5813.0;Paris;Caesar;SEASHELLS;10004.0;1
-2;5814.0;Penelope;Caesar;SEASHELLS;10004.0;2
-2;5829.0;Charlie;Pablo;SEASHELLS;9998.0;4
-2;5829.0;Charlie;Paris;SEASHELLS;9998.0;1
-2;5837.0;Paris;Camilla;SEASHELLS;10002.0;1
-2;5838.0;Caesar;Paris;SEASHELLS;9996.0;2
-2;5851.0;Pablo;Camilla;SEASHELLS;10002.0;1
-2;5856.0;Paris;Caesar;SEASHELLS;10004.0;2
-2;5858.0;Paris;Charlie;SEASHELLS;10002.0;1
-2;5863.0;Paris;Charlie;SEASHELLS;10005.0;1
-2;5864.0;Charlie;Paris;SEASHELLS;9998.0;1
-2;5866.0;Paris;Charlie;SEASHELLS;10005.0;1
-2;5868.0;Gary;Charlie;SEASHELLS;10005.0;11
-2;5873.0;Paris;Caesar;SEASHELLS;10004.0;1
-2;5876.0;Charlie;Paris;SEASHELLS;9998.0;1
-2;5888.0;Paris;Charlie;SEASHELLS;10002.0;1
-2;5889.0;Paris;Paris;SEASHELLS;9998.0;1
-2;5891.0;Pablo;Charlie;SEASHELLS;10002.0;3
-2;5900.0;Gary;Paris;SEASHELLS;9998.0;1
-2;5902.0;Penelope;Caesar;SEASHELLS;10004.0;2
-2;5905.0;Camilla;Paris;SEASHELLS;9998.0;1
-2;5907.0;Paris;Charlie;SEASHELLS;10002.0;1
-2;5911.0;Charlie;Pablo;SEASHELLS;9998.0;1
-2;5911.0;Charlie;Paris;SEASHELLS;9998.0;1
-2;5915.0;Paris;Charlie;SEASHELLS;10002.0;1
-2;5920.0;Paris;Camilla;SEASHELLS;10002.0;1
-2;5923.0;Charlie;Paris;SEASHELLS;9998.0;1
-2;5924.0;Charlie;Paris;SEASHELLS;9998.0;1
-2;5925.0;Paris;Charlie;SEASHELLS;10002.0;1
-2;5926.0;Paris;Caesar;SEASHELLS;10004.0;2
-2;5930.0;Paris;Caesar;SEASHELLS;10004.0;1
-2;5932.0;Gary;Caesar;SEASHELLS;10000.0;1
-2;5932.0;Paris;Caesar;SEASHELLS;10002.0;1
-2;5934.0;Gary;Caesar;SEASHELLS;10004.0;2
-2;5941.0;Charlie;Pablo;SEASHELLS;9998.0;4
-2;5949.0;Penelope;Caesar;SEASHELLS;10004.0;2
-2;5949.0;Paris;Charlie;SEASHELLS;10005.0;2
-2;5950.0;Paris;Charlie;SEASHELLS;10002.0;1
-2;5953.0;Pablo;Charlie;SEASHELLS;10002.0;3
-2;5954.0;Caesar;Paris;SEASHELLS;10000.0;1
-2;5956.0;Paris;Caesar;SEASHELLS;10004.0;1
-2;5959.0;Charlie;Paris;SEASHELLS;9998.0;1
-2;5967.0;Paris;Caesar;SEASHELLS;10004.0;1
-2;5970.0;Camilla;Paris;SEASHELLS;9998.0;1
-2;5973.0;Pablo;Charlie;SEASHELLS;10002.0;1
-2;5977.0;Charlie;Gary;SEASHELLS;9995.0;11
-2;5981.0;Pablo;Paris;SEASHELLS;10002.0;1
-2;5982.0;Gary;Caesar;SEASHELLS;10004.0;2
-2;5982.0;Gary;Charlie;SEASHELLS;10004.0;8
-2;5988.0;Paris;Camilla;SEASHELLS;10002.0;1
-2;5991.0;Charlie;Paris;SEASHELLS;9995.0;2
-2;5992.0;Paris;Caesar;SEASHELLS;10004.0;1
-2;5994.0;Camilla;Paris;SEASHELLS;9998.0;2
-2;5996.0;Charlie;Pablo;SEASHELLS;9998.0;2
-2;5998.0;Paris;Caesar;SEASHELLS;10004.0;1
-2;5998.0;Paris;Charlie;SEASHELLS;10004.0;1
-2;6003.0;Paris;Camilla;SEASHELLS;10002.0;1
-2;6005.0;Charlie;Paris;SEASHELLS;9998.0;1
-2;6006.0;Camilla;Gina;SEASHELLS;9998.0;8
-2;6016.0;Gary;Caesar;SEASHELLS;10000.0;4
-2;6016.0;Paris;Caesar;SEASHELLS;10002.0;1
-2;6017.0;Paris;Caesar;SEASHELLS;10004.0;1
-2;6018.0;Charlie;Pablo;SEASHELLS;9998.0;2
-2;6028.0;Paris;Caesar;SEASHELLS;10004.0;1
-2;6030.0;Charlie;Penelope;SEASHELLS;9995.0;6
-2;6048.0;Charlie;Pablo;SEASHELLS;9998.0;1
-2;6053.0;Caesar;Paris;SEASHELLS;9996.0;2
-2;6058.0;Paris;Caesar;SEASHELLS;10004.0;1
-2;6073.0;Gary;Charlie;SEASHELLS;10004.0;6
-2;6073.0;Gary;Caesar;SEASHELLS;10004.0;1
-2;6073.0;Gary;Penelope;SEASHELLS;10004.0;5
-2;6077.0;Penelope;Charlie;SEASHELLS;10005.0;4
-2;6078.0;Pablo;Charlie;SEASHELLS;10002.0;5
-2;6085.0;Charlie;Paris;SEASHELLS;9995.0;2
-2;6091.0;Pablo;Camilla;SEASHELLS;10002.0;2
-2;6100.0;Caesar;Paris;SEASHELLS;9996.0;1
-2;6103.0;Camilla;Paris;SEASHELLS;9998.0;1
-2;6105.0;Paris;Charlie;SEASHELLS;10005.0;2
-2;6109.0;Paris;Caesar;SEASHELLS;10000.0;1
-2;6115.0;Pablo;Camilla;SEASHELLS;10002.0;1
-2;6115.0;Pablo;Penelope;SEASHELLS;10002.0;3
-2;6117.0;Pablo;Charlie;SEASHELLS;10002.0;5
-2;6118.0;Charlie;Penelope;SEASHELLS;9995.0;6
-2;6120.0;Camilla;Gina;SEASHELLS;9998.0;8
-2;6126.0;Paris;Pablo;SEASHELLS;9998.0;1
-2;6126.0;Charlie;Pablo;SEASHELLS;9998.0;4
-2;6130.0;Charlie;Paris;SEASHELLS;9995.0;1
-2;6141.0;Paris;Charlie;SEASHELLS;10005.0;1
-2;6143.0;Charlie;Paris;SEASHELLS;9998.0;1
-2;6149.0;Caesar;Paris;SEASHELLS;10000.0;2
-2;6149.0;Caesar;Paris;SEASHELLS;9998.0;1
-2;6152.0;Paris;Charlie;SEASHELLS;10005.0;2
-2;6154.0;Paris;Caesar;SEASHELLS;10004.0;2
-2;6155.0;Paris;Charlie;SEASHELLS;10002.0;1
-2;6175.0;Paris;Charlie;SEASHELLS;10002.0;1
-2;6178.0;Gina;Paris;SEASHELLS;10002.0;2
-2;6178.0;Gina;Charlie;SEASHELLS;10002.0;6
-2;6186.0;Charlie;Pablo;SEASHELLS;9998.0;3
-2;6191.0;Paris;Charlie;SEASHELLS;10002.0;1
-2;6195.0;Camilla;Paris;SEASHELLS;9998.0;1
-2;6211.0;Charlie;Paris;SEASHELLS;9998.0;1
-2;6214.0;Camilla;Paris;SEASHELLS;9998.0;1
-2;6223.0;Pablo;Camilla;SEASHELLS;10002.0;2
-2;6224.0;Caesar;Paris;SEASHELLS;9996.0;1
-2;6228.0;Penelope;Caesar;SEASHELLS;10004.0;2
-2;6232.0;Pablo;Camilla;SEASHELLS;10002.0;1
-2;6237.0;Caesar;Paris;SEASHELLS;9996.0;1
-2;6248.0;Paris;Paris;SEASHELLS;10002.0;1
-2;6249.0;Paris;Charlie;SEASHELLS;10002.0;1
-2;6251.0;Pablo;Charlie;SEASHELLS;10002.0;4
-2;6256.0;Charlie;Paris;SEASHELLS;9998.0;1
-2;6258.0;Paris;Camilla;SEASHELLS;10002.0;2
-2;6259.0;Paris;Charlie;SEASHELLS;10005.0;1
-2;6268.0;Camilla;Paris;SEASHELLS;9998.0;1
-2;6269.0;Paris;Caesar;SEASHELLS;10004.0;1
-2;6277.0;Pablo;Charlie;SEASHELLS;10002.0;3
-2;6277.0;Pablo;Camilla;SEASHELLS;10002.0;1
-2;6277.0;Pablo;Paris;SEASHELLS;10002.0;1
-2;6279.0;Caesar;Paris;SEASHELLS;9996.0;1
-2;6284.0;Caesar;Paris;SEASHELLS;9996.0;1
-2;6288.0;Charlie;Paris;SEASHELLS;9995.0;2
-2;6293.0;Paris;Charlie;SEASHELLS;10002.0;1
-2;6300.0;Camilla;Paris;SEASHELLS;9998.0;2
-2;6302.0;Charlie;Paris;SEASHELLS;9995.0;1
-2;6304.0;Paris;Charlie;SEASHELLS;10005.0;2
-2;6305.0;Camilla;Paris;SEASHELLS;9998.0;1
-2;6322.0;Penelope;Caesar;SEASHELLS;10004.0;2
-2;6329.0;Paris;Charlie;SEASHELLS;10002.0;1
-2;6332.0;Charlie;Paris;SEASHELLS;9998.0;1
-2;6338.0;Paris;Caesar;SEASHELLS;10004.0;1
-2;6341.0;Paris;Penelope;SEASHELLS;10002.0;1
-2;6342.0;Pablo;Paris;SEASHELLS;10002.0;1
-2;6345.0;Paris;Caesar;SEASHELLS;10004.0;1
-2;6361.0;Paris;Camilla;SEASHELLS;10002.0;1
-2;6376.0;Caesar;Paris;SEASHELLS;9996.0;1
-2;6380.0;Paris;Caesar;SEASHELLS;10004.0;1
-2;6380.0;Paris;Charlie;SEASHELLS;10004.0;1
-2;6383.0;Camilla;Pablo;SEASHELLS;9998.0;2
-2;6400.0;Camilla;Paris;SEASHELLS;9998.0;1
-2;6405.0;Camilla;Penelope;SEASHELLS;9998.0;4
-2;6412.0;Charlie;Paris;SEASHELLS;9998.0;1
-2;6418.0;Gina;Camilla;SEASHELLS;10002.0;7
-2;6418.0;Gina;Paris;SEASHELLS;9998.0;1
-2;6419.0;Penelope;Charlie;SEASHELLS;10005.0;7
-2;6421.0;Paris;Charlie;SEASHELLS;10002.0;1
-2;6428.0;Paris;Charlie;SEASHELLS;10005.0;2
-2;6428.0;Penelope;Caesar;SEASHELLS;10004.0;2
-2;6428.0;Penelope;Charlie;SEASHELLS;10004.0;2
-2;6435.0;Pablo;Charlie;SEASHELLS;10002.0;4
-2;6435.0;Pablo;Paris;SEASHELLS;10002.0;1
-2;6437.0;Caesar;Paris;SEASHELLS;9996.0;1
-2;6442.0;Penelope;Charlie;SEASHELLS;10005.0;7
-2;6446.0;Camilla;Paris;SEASHELLS;9998.0;1
-2;6447.0;Caesar;Paris;SEASHELLS;9996.0;1
-2;6449.0;Paris;Charlie;SEASHELLS;10002.0;1
-2;6455.0;Charlie;Penelope;SEASHELLS;9996.0;3
-2;6455.0;Caesar;Penelope;SEASHELLS;9996.0;1
-2;6469.0;Camilla;Paris;SEASHELLS;9998.0;1
-2;6470.0;Charlie;Paris;SEASHELLS;9998.0;1
-2;6474.0;Penelope;Charlie;SEASHELLS;10002.0;2
-2;6474.0;Penelope;Camilla;SEASHELLS;10002.0;2
-2;6475.0;Paris;Paris;SEASHELLS;10002.0;1
-2;6484.0;Camilla;Paris;SEASHELLS;9998.0;1
-2;6487.0;Charlie;Paris;SEASHELLS;9998.0;1
-2;6501.0;Charlie;Paris;SEASHELLS;9998.0;1
-2;6504.0;Paris;Caesar;SEASHELLS;10004.0;1
-2;6505.0;Camilla;Penelope;SEASHELLS;9998.0;6
-2;6511.0;Paris;Charlie;SEASHELLS;10005.0;2
-2;6513.0;Paris;Charlie;SEASHELLS;10002.0;1
-2;6514.0;Paris;Camilla;SEASHELLS;10002.0;1
-2;6516.0;Charlie;Pablo;SEASHELLS;9998.0;5
-2;6521.0;Charlie;Paris;SEASHELLS;9998.0;1
-2;6526.0;Paris;Paris;SEASHELLS;9998.0;1
-2;6529.0;Paris;Charlie;SEASHELLS;10002.0;1
-2;6531.0;Gina;Camilla;SEASHELLS;10002.0;3
-2;6545.0;Gary;Caesar;SEASHELLS;10004.0;2
-2;6560.0;Caesar;Penelope;SEASHELLS;9996.0;2
-2;6561.0;Caesar;Paris;SEASHELLS;9996.0;1
-2;6563.0;Gary;Charlie;SEASHELLS;10004.0;10
-2;6563.0;Gary;Caesar;SEASHELLS;10004.0;2
-2;6564.0;Pablo;Charlie;SEASHELLS;10002.0;1
-2;6565.0;Charlie;Paris;SEASHELLS;9998.0;1
-2;6575.0;Paris;Camilla;SEASHELLS;10002.0;1
-2;6581.0;Charlie;Penelope;SEASHELLS;9996.0;2
-2;6581.0;Caesar;Penelope;SEASHELLS;9996.0;2
-2;6584.0;Penelope;Charlie;SEASHELLS;10004.0;1
-2;6584.0;Penelope;Caesar;SEASHELLS;10004.0;2
-2;6594.0;Camilla;Gary;SEASHELLS;9998.0;6
-2;6594.0;Charlie;Gary;SEASHELLS;9998.0;5
-2;6596.0;Paris;Charlie;SEASHELLS;10005.0;1
-2;6603.0;Penelope;Camilla;SEASHELLS;10002.0;4
-2;6606.0;Paris;Camilla;SEASHELLS;10002.0;1
-2;6612.0;Charlie;Paris;SEASHELLS;9995.0;2
-2;6615.0;Paris;Charlie;SEASHELLS;10002.0;1
-2;6619.0;Paris;Charlie;SEASHELLS;10002.0;1
-2;6627.0;Paris;Charlie;SEASHELLS;10005.0;2
-2;6628.0;Caesar;Gary;SEASHELLS;9996.0;2
-2;6630.0;Charlie;Paris;SEASHELLS;9998.0;1
-2;6631.0;Paris;Charlie;SEASHELLS;10005.0;2
-2;6633.0;Pablo;Paris;SEASHELLS;10002.0;1
-2;6637.0;Camilla;Paris;SEASHELLS;9998.0;1
-2;6648.0;Paris;Charlie;SEASHELLS;10005.0;2
-2;6650.0;Charlie;Paris;SEASHELLS;9995.0;2
-2;6651.0;Paris;Camilla;SEASHELLS;10002.0;2
-2;6654.0;Charlie;Pablo;SEASHELLS;9998.0;5
-2;6655.0;Charlie;Paris;SEASHELLS;9995.0;2
-2;6656.0;Paris;Camilla;SEASHELLS;10002.0;1
-2;6658.0;Paris;Charlie;SEASHELLS;10005.0;2
-2;6665.0;Caesar;Penelope;SEASHELLS;9996.0;1
-2;6667.0;Paris;Charlie;SEASHELLS;10002.0;1
-2;6669.0;Charlie;Penelope;SEASHELLS;9995.0;7
-2;6670.0;Caesar;Gary;SEASHELLS;9996.0;1
-2;6679.0;Pablo;Caesar;SEASHELLS;10002.0;5
-2;6680.0;Charlie;Pablo;SEASHELLS;9998.0;4
-2;6681.0;Penelope;Caesar;SEASHELLS;10004.0;1
-2;6684.0;Paris;Caesar;SEASHELLS;10004.0;2
-2;6685.0;Pablo;Charlie;SEASHELLS;10002.0;4
-2;6688.0;Paris;Gary;SEASHELLS;10002.0;1
-2;6697.0;Paris;Caesar;SEASHELLS;10004.0;1
-2;6699.0;Charlie;Pablo;SEASHELLS;9998.0;2
-2;6709.0;Paris;Camilla;SEASHELLS;10002.0;1
-2;6717.0;Paris;Charlie;SEASHELLS;10002.0;1
-2;6723.0;Gina;Paris;SEASHELLS;9998.0;1
-2;6725.0;Camilla;Pablo;SEASHELLS;9998.0;3
-2;6738.0;Charlie;Paris;SEASHELLS;9995.0;2
-2;6747.0;Paris;Caesar;SEASHELLS;10004.0;2
-2;6749.0;Camilla;Gina;SEASHELLS;9998.0;4
-2;6749.0;Charlie;Gina;SEASHELLS;9998.0;4
-2;6760.0;Paris;Caesar;SEASHELLS;10004.0;2
-2;6762.0;Camilla;Paris;SEASHELLS;9998.0;1
-2;6763.0;Paris;Camilla;SEASHELLS;10002.0;1
-2;6766.0;Paris;Camilla;SEASHELLS;10002.0;1
-2;6766.0;Pablo;Camilla;SEASHELLS;10002.0;3
-2;6769.0;Charlie;Penelope;SEASHELLS;9995.0;3
-2;6770.0;Paris;Camilla;SEASHELLS;10002.0;1
-2;6772.0;Charlie;Penelope;SEASHELLS;9995.0;7
-2;6774.0;Pablo;Charlie;SEASHELLS;10002.0;3
-2;6780.0;Charlie;Pablo;SEASHELLS;9998.0;1
-2;6781.0;Paris;Caesar;SEASHELLS;10004.0;1
-2;6784.0;Pablo;Charlie;SEASHELLS;10002.0;2
-2;6785.0;Charlie;Paris;SEASHELLS;9998.0;1
-2;6789.0;Pablo;Camilla;SEASHELLS;10002.0;3
-2;6791.0;Paris;Caesar;SEASHELLS;10004.0;1
-2;6793.0;Charlie;Gina;SEASHELLS;9998.0;3
-2;6793.0;Penelope;Gina;SEASHELLS;9998.0;4
-2;6794.0;Caesar;Paris;SEASHELLS;9996.0;1
-2;6794.0;Charlie;Paris;SEASHELLS;9996.0;1
-2;6796.0;Pablo;Caesar;SEASHELLS;10002.0;3
-2;6805.0;Charlie;Paris;SEASHELLS;9998.0;1
-2;6806.0;Paris;Charlie;SEASHELLS;10005.0;1
-2;6817.0;Charlie;Paris;SEASHELLS;9996.0;1
-2;6817.0;Caesar;Paris;SEASHELLS;9996.0;1
-2;6818.0;Paris;Charlie;SEASHELLS;10002.0;1
-2;6830.0;Penelope;Caesar;SEASHELLS;10004.0;1
-2;6830.0;Penelope;Charlie;SEASHELLS;10004.0;7
-2;6831.0;Camilla;Paris;SEASHELLS;9998.0;1
-2;6832.0;Charlie;Paris;SEASHELLS;9998.0;1
-2;6834.0;Charlie;Pablo;SEASHELLS;9998.0;1
-2;6836.0;Paris;Charlie;SEASHELLS;10002.0;1
-2;6857.0;Charlie;Paris;SEASHELLS;9998.0;1
-2;6866.0;Pablo;Charlie;SEASHELLS;10002.0;4
-2;6872.0;Gina;Charlie;SEASHELLS;10002.0;1
-2;6872.0;Gina;Camilla;SEASHELLS;10002.0;9
-2;6874.0;Charlie;Paris;SEASHELLS;9998.0;1
-2;6875.0;Charlie;Paris;SEASHELLS;9996.0;1
-2;6875.0;Caesar;Paris;SEASHELLS;9996.0;1
-2;6883.0;Paris;Camilla;SEASHELLS;10002.0;1
-2;6884.0;Caesar;Paris;SEASHELLS;9996.0;2
-2;6893.0;Charlie;Paris;SEASHELLS;9998.0;1
-2;6903.0;Paris;Charlie;SEASHELLS;10002.0;1
-2;6904.0;Charlie;Penelope;SEASHELLS;9996.0;4
-2;6904.0;Caesar;Penelope;SEASHELLS;9996.0;2
-2;6909.0;Charlie;Penelope;SEASHELLS;9996.0;2
-2;6909.0;Caesar;Penelope;SEASHELLS;9996.0;2
-2;6912.0;Charlie;Paris;SEASHELLS;9998.0;1
-2;6920.0;Paris;Charlie;SEASHELLS;10005.0;2
-2;6926.0;Camilla;Paris;SEASHELLS;9998.0;1
-2;6929.0;Caesar;Gary;SEASHELLS;9996.0;1
-2;6929.0;Charlie;Gary;SEASHELLS;9996.0;7
-2;6933.0;Camilla;Paris;SEASHELLS;9998.0;1
-2;6946.0;Camilla;Paris;SEASHELLS;9998.0;1
-2;6949.0;Paris;Charlie;SEASHELLS;10005.0;1
-2;6961.0;Caesar;Paris;SEASHELLS;9996.0;2
-2;6962.0;Camilla;Paris;SEASHELLS;9998.0;1
-2;6969.0;Paris;Caesar;SEASHELLS;10004.0;2
-2;6974.0;Pablo;Charlie;SEASHELLS;10002.0;5
-2;6977.0;Caesar;Paris;SEASHELLS;9996.0;1
-2;6992.0;Caesar;Paris;SEASHELLS;9996.0;1
-2;6995.0;Camilla;Gary;SEASHELLS;9998.0;8
-2;6996.0;Charlie;Paris;SEASHELLS;9998.0;1
-2;6998.0;Penelope;Charlie;SEASHELLS;10004.0;2
-2;6998.0;Penelope;Caesar;SEASHELLS;10004.0;1
-2;7002.0;Gina;Charlie;SEASHELLS;10002.0;6
-2;7004.0;Penelope;Charlie;SEASHELLS;10005.0;6
-2;7005.0;Pablo;Penelope;SEASHELLS;10002.0;2
-2;7007.0;Charlie;Paris;SEASHELLS;9995.0;1
-2;7008.0;Camilla;Paris;SEASHELLS;9998.0;1
-2;7010.0;Paris;Caesar;SEASHELLS;10004.0;1
-2;7013.0;Pablo;Charlie;SEASHELLS;10002.0;1
-2;7014.0;Paris;Caesar;SEASHELLS;10004.0;1
-2;7015.0;Paris;Caesar;SEASHELLS;10004.0;1
-2;7032.0;Caesar;Penelope;SEASHELLS;9996.0;2
-2;7037.0;Caesar;Paris;SEASHELLS;9996.0;2
-2;7038.0;Paris;Caesar;SEASHELLS;10004.0;2
-2;7040.0;Caesar;Penelope;SEASHELLS;9996.0;1
-2;7040.0;Charlie;Penelope;SEASHELLS;9996.0;7
-2;7052.0;Paris;Caesar;SEASHELLS;10004.0;1
-2;7052.0;Paris;Charlie;SEASHELLS;10004.0;1
-2;7053.0;Charlie;Pablo;SEASHELLS;9998.0;3
-2;7056.0;Charlie;Paris;SEASHELLS;9995.0;1
-2;7058.0;Camilla;Pablo;SEASHELLS;9998.0;4
-2;7058.0;Charlie;Pablo;SEASHELLS;9998.0;1
-2;7059.0;Paris;Caesar;SEASHELLS;10004.0;1
-2;7071.0;Paris;Caesar;SEASHELLS;10004.0;1
-2;7075.0;Caesar;Paris;SEASHELLS;9998.0;1
-2;7077.0;Charlie;Paris;SEASHELLS;9998.0;1
-2;7077.0;Charlie;Pablo;SEASHELLS;9998.0;1
-2;7079.0;Pablo;Penelope;SEASHELLS;10002.0;4
-2;7080.0;Paris;Caesar;SEASHELLS;10004.0;1
-2;7083.0;Caesar;Paris;SEASHELLS;9996.0;1
-2;7088.0;Pablo;Penelope;SEASHELLS;10002.0;4
-2;7093.0;Camilla;Paris;SEASHELLS;9998.0;1
-2;7095.0;Paris;Caesar;SEASHELLS;10004.0;1
-2;7096.0;Paris;Charlie;SEASHELLS;10005.0;1
-2;7097.0;Charlie;Paris;SEASHELLS;9998.0;1
-2;7099.0;Camilla;Paris;SEASHELLS;9998.0;1
-2;7100.0;Charlie;Paris;SEASHELLS;9998.0;1
-2;7106.0;Caesar;Paris;SEASHELLS;9996.0;1
-2;7112.0;Paris;Paris;SEASHELLS;10002.0;1
-2;7114.0;Paris;Paris;SEASHELLS;10002.0;1
-2;7116.0;Paris;Caesar;SEASHELLS;10004.0;1
-2;7117.0;Charlie;Paris;SEASHELLS;9995.0;2
-2;7117.0;Charlie;Paris;SEASHELLS;9998.0;1
-2;7122.0;Penelope;Caesar;SEASHELLS;10004.0;2
-2;7125.0;Pablo;Camilla;SEASHELLS;10002.0;2
-2;7128.0;Charlie;Pablo;SEASHELLS;9998.0;1
-2;7132.0;Pablo;Caesar;SEASHELLS;10002.0;1
-2;7133.0;Caesar;Paris;SEASHELLS;9996.0;2
-2;7135.0;Paris;Charlie;SEASHELLS;10002.0;1
-2;7142.0;Pablo;Charlie;SEASHELLS;10002.0;2
-2;7143.0;Gary;Charlie;SEASHELLS;10005.0;9
-2;7156.0;Caesar;Paris;SEASHELLS;9996.0;2
-2;7160.0;Charlie;Paris;SEASHELLS;9998.0;1
-2;7167.0;Gary;Charlie;SEASHELLS;10005.0;12
-2;7171.0;Caesar;Paris;SEASHELLS;9996.0;1
-2;7174.0;Paris;Paris;SEASHELLS;10002.0;1
-2;7183.0;Charlie;Paris;SEASHELLS;9998.0;1
-2;7188.0;Paris;Charlie;SEASHELLS;10005.0;2
-2;7190.0;Paris;Charlie;SEASHELLS;10002.0;1
-2;7193.0;Pablo;Charlie;SEASHELLS;10002.0;1
-2;7194.0;Paris;Charlie;SEASHELLS;10002.0;1
-2;7201.0;Camilla;Paris;SEASHELLS;9998.0;1
-2;7205.0;Penelope;Caesar;SEASHELLS;10004.0;1
-2;7210.0;Camilla;Paris;SEASHELLS;9998.0;1
-2;7212.0;Paris;Charlie;SEASHELLS;10002.0;1
-2;7217.0;Paris;Caesar;SEASHELLS;10004.0;1
-2;7221.0;Pablo;Charlie;SEASHELLS;10002.0;5
-2;7227.0;Charlie;Pablo;SEASHELLS;9998.0;2
-2;7230.0;Caesar;Paris;SEASHELLS;9996.0;2
-2;7231.0;Charlie;Paris;SEASHELLS;9995.0;2
-2;7232.0;Caesar;Penelope;SEASHELLS;9996.0;2
-2;7234.0;Charlie;Paris;SEASHELLS;9995.0;2
-2;7235.0;Paris;Charlie;SEASHELLS;10005.0;1
-2;7236.0;Paris;Charlie;SEASHELLS;10002.0;1
-2;7239.0;Charlie;Paris;SEASHELLS;9995.0;1
-2;7241.0;Charlie;Paris;SEASHELLS;9998.0;1
-2;7242.0;Paris;Charlie;SEASHELLS;10005.0;2
-2;7247.0;Caesar;Paris;SEASHELLS;9996.0;1
-2;7250.0;Caesar;Paris;SEASHELLS;9996.0;1
-2;7271.0;Pablo;Charlie;SEASHELLS;10002.0;4
-2;7278.0;Camilla;Paris;SEASHELLS;9998.0;1
-2;7279.0;Charlie;Paris;SEASHELLS;9998.0;1
-2;7287.0;Caesar;Paris;SEASHELLS;9996.0;1
-2;7294.0;Camilla;Penelope;SEASHELLS;9998.0;3
-2;7299.0;Paris;Paris;SEASHELLS;10002.0;1
-2;7303.0;Camilla;Paris;SEASHELLS;9998.0;1
-2;7305.0;Charlie;Pablo;SEASHELLS;9998.0;1
-2;7306.0;Charlie;Penelope;SEASHELLS;9996.0;2
-2;7306.0;Caesar;Penelope;SEASHELLS;9996.0;2
-2;7308.0;Camilla;Pablo;SEASHELLS;9998.0;2
-2;7308.0;Paris;Caesar;SEASHELLS;10004.0;1
-2;7310.0;Paris;Camilla;SEASHELLS;10002.0;1
-2;7313.0;Paris;Camilla;SEASHELLS;10002.0;2
-2;7327.0;Caesar;Paris;SEASHELLS;9996.0;2
-2;7329.0;Charlie;Paris;SEASHELLS;9998.0;1
-2;7331.0;Paris;Pablo;SEASHELLS;9998.0;1
-2;7333.0;Paris;Caesar;SEASHELLS;10004.0;1
-2;7336.0;Charlie;Pablo;SEASHELLS;9998.0;3
-2;7344.0;Charlie;Paris;SEASHELLS;9998.0;1
-2;7348.0;Caesar;Gary;SEASHELLS;9996.0;2
-2;7348.0;Charlie;Gary;SEASHELLS;9996.0;8
-2;7348.0;Paris;Camilla;SEASHELLS;10002.0;1
-2;7348.0;Pablo;Camilla;SEASHELLS;10002.0;4
-2;7349.0;Penelope;Pablo;SEASHELLS;9998.0;2
-2;7349.0;Penelope;Paris;SEASHELLS;9998.0;2
-2;7350.0;Paris;Camilla;SEASHELLS;10002.0;1
-2;7357.0;Camilla;Paris;SEASHELLS;9998.0;1
-2;7359.0;Pablo;Charlie;SEASHELLS;10002.0;3
-2;7361.0;Charlie;Pablo;SEASHELLS;9998.0;1
-2;7366.0;Penelope;Caesar;SEASHELLS;10004.0;1
-2;7366.0;Penelope;Charlie;SEASHELLS;10004.0;3
-2;7366.0;Paris;Charlie;SEASHELLS;10005.0;2
-2;7388.0;Paris;Caesar;SEASHELLS;10004.0;1
-2;7389.0;Charlie;Paris;SEASHELLS;9995.0;2
-2;7390.0;Caesar;Paris;SEASHELLS;9996.0;1
-2;7393.0;Penelope;Camilla;SEASHELLS;10002.0;6
-2;7395.0;Camilla;Paris;SEASHELLS;9998.0;1
-2;7403.0;Charlie;Paris;SEASHELLS;9998.0;1
-2;7414.0;Charlie;Paris;SEASHELLS;9998.0;1
-2;7416.0;Pablo;Camilla;SEASHELLS;10002.0;5
-2;7420.0;Camilla;Paris;SEASHELLS;9998.0;1
-2;7425.0;Paris;Paris;SEASHELLS;9998.0;1
-2;7432.0;Paris;Caesar;SEASHELLS;10004.0;2
-2;7434.0;Camilla;Paris;SEASHELLS;9998.0;1
-2;7436.0;Caesar;Penelope;SEASHELLS;9996.0;2
-2;7436.0;Charlie;Penelope;SEASHELLS;9996.0;4
-2;7446.0;Paris;Caesar;SEASHELLS;10004.0;1
-2;7450.0;Camilla;Paris;SEASHELLS;9998.0;1
-2;7453.0;Caesar;Penelope;SEASHELLS;9996.0;1
-2;7458.0;Caesar;Penelope;SEASHELLS;9996.0;1
-2;7458.0;Charlie;Penelope;SEASHELLS;9996.0;6
-2;7460.0;Caesar;Gary;SEASHELLS;9996.0;1
-2;7460.0;Charlie;Gary;SEASHELLS;9996.0;7
-2;7464.0;Gina;Caesar;SEASHELLS;10002.0;3
-2;7464.0;Gina;Camilla;SEASHELLS;10002.0;1
-2;7477.0;Paris;Gina;SEASHELLS;10002.0;1
-2;7477.0;Charlie;Gina;SEASHELLS;9998.0;5
-2;7477.0;Caesar;Gina;SEASHELLS;9998.0;6
-2;7482.0;Paris;Charlie;SEASHELLS;10005.0;2
-2;7486.0;Camilla;Paris;SEASHELLS;9998.0;2
-2;7492.0;Pablo;Charlie;SEASHELLS;10002.0;4
-2;7502.0;Paris;Charlie;SEASHELLS;10002.0;1
-2;7503.0;Penelope;Caesar;SEASHELLS;10004.0;2
-2;7504.0;Paris;Charlie;SEASHELLS;10002.0;1
-2;7507.0;Paris;Charlie;SEASHELLS;10002.0;1
-2;7513.0;Camilla;Paris;SEASHELLS;9998.0;1
-2;7514.0;Caesar;Paris;SEASHELLS;9996.0;1
-2;7520.0;Penelope;Camilla;SEASHELLS;10002.0;1
-2;7523.0;Paris;Charlie;SEASHELLS;10005.0;1
-2;7525.0;Paris;Charlie;SEASHELLS;10002.0;1
-2;7538.0;Charlie;Paris;SEASHELLS;9995.0;1
-2;7538.0;Penelope;Charlie;SEASHELLS;10005.0;5
-2;7539.0;Pablo;Charlie;SEASHELLS;10002.0;4
-2;7540.0;Charlie;Pablo;SEASHELLS;9998.0;1
-2;7541.0;Penelope;Caesar;SEASHELLS;10004.0;2
-2;7547.0;Charlie;Pablo;SEASHELLS;9998.0;3
-2;7549.0;Charlie;Gary;SEASHELLS;9996.0;7
-2;7549.0;Caesar;Gary;SEASHELLS;9996.0;1
-2;7556.0;Penelope;Caesar;SEASHELLS;10004.0;1
-2;7557.0;Camilla;Paris;SEASHELLS;9998.0;1
-2;7563.0;Paris;Penelope;SEASHELLS;10002.0;1
-2;7566.0;Caesar;Gina;SEASHELLS;9998.0;3
-2;7569.0;Charlie;Paris;SEASHELLS;9998.0;1
-2;7571.0;Caesar;Paris;SEASHELLS;9996.0;2
-2;7584.0;Caesar;Penelope;SEASHELLS;9996.0;2
-2;7592.0;Charlie;Paris;SEASHELLS;9998.0;1
-2;7593.0;Paris;Caesar;SEASHELLS;10004.0;1
-2;7598.0;Camilla;Paris;SEASHELLS;9998.0;1
-2;7603.0;Caesar;Gary;SEASHELLS;9996.0;1
-2;7603.0;Charlie;Gary;SEASHELLS;9996.0;9
-2;7608.0;Caesar;Paris;SEASHELLS;9996.0;1
-2;7610.0;Charlie;Paris;SEASHELLS;9998.0;1
-2;7623.0;Caesar;Paris;SEASHELLS;9996.0;1
-2;7627.0;Paris;Charlie;SEASHELLS;10005.0;2
-2;7628.0;Pablo;Caesar;SEASHELLS;10002.0;3
-2;7631.0;Charlie;Paris;SEASHELLS;9998.0;1
-2;7635.0;Paris;Caesar;SEASHELLS;10004.0;2
-2;7637.0;Charlie;Pablo;SEASHELLS;9998.0;3
-2;7638.0;Charlie;Penelope;SEASHELLS;9996.0;7
-2;7638.0;Caesar;Penelope;SEASHELLS;9996.0;1
-2;7640.0;Charlie;Paris;SEASHELLS;9998.0;1
-2;7649.0;Pablo;Charlie;SEASHELLS;10002.0;4
-2;7653.0;Charlie;Pablo;SEASHELLS;9998.0;5
-2;7662.0;Charlie;Paris;SEASHELLS;9998.0;1
-2;7666.0;Paris;Charlie;SEASHELLS;10002.0;1
-2;7678.0;Paris;Charlie;SEASHELLS;10002.0;1
-2;7685.0;Pablo;Charlie;SEASHELLS;10002.0;2
-2;7694.0;Paris;Gina;SEASHELLS;9998.0;1
-2;7699.0;Pablo;Charlie;SEASHELLS;10002.0;1
-2;7701.0;Charlie;Gary;SEASHELLS;9995.0;9
-2;7702.0;Charlie;Pablo;SEASHELLS;9998.0;4
-2;7721.0;Charlie;Pablo;SEASHELLS;9998.0;2
-2;7729.0;Camilla;Paris;SEASHELLS;9998.0;1
-2;7739.0;Charlie;Paris;SEASHELLS;9998.0;1
-2;7741.0;Charlie;Paris;SEASHELLS;9998.0;1
-2;7751.0;Pablo;Charlie;SEASHELLS;10002.0;1
-2;7756.0;Camilla;Paris;SEASHELLS;9998.0;1
-2;7760.0;Caesar;Paris;SEASHELLS;9996.0;1
-2;7762.0;Paris;Caesar;SEASHELLS;10004.0;1
-2;7764.0;Paris;Caesar;SEASHELLS;10004.0;1
-2;7765.0;Camilla;Paris;SEASHELLS;9998.0;1
-2;7771.0;Charlie;Paris;SEASHELLS;9998.0;1
-2;7773.0;Camilla;Paris;SEASHELLS;9998.0;1
-2;7774.0;Charlie;Paris;SEASHELLS;9998.0;1
-2;7783.0;Paris;Caesar;SEASHELLS;10004.0;2
-2;7784.0;Charlie;Paris;SEASHELLS;9998.0;1
-2;7786.0;Camilla;Paris;SEASHELLS;9998.0;1
-2;7789.0;Paris;Charlie;SEASHELLS;10002.0;1
-2;7790.0;Charlie;Paris;SEASHELLS;9998.0;1
-2;7791.0;Gary;Charlie;SEASHELLS;10004.0;9
-2;7791.0;Gary;Caesar;SEASHELLS;10004.0;1
-2;7792.0;Camilla;Paris;SEASHELLS;9998.0;1
-2;7798.0;Charlie;Paris;SEASHELLS;9998.0;1
-2;7800.0;Paris;Charlie;SEASHELLS;10005.0;1
-2;7800.0;Penelope;Caesar;SEASHELLS;10004.0;2
-2;7802.0;Paris;Charlie;SEASHELLS;10002.0;1
-2;7811.0;Charlie;Paris;SEASHELLS;9996.0;1
-2;7811.0;Caesar;Paris;SEASHELLS;9996.0;1
-2;7812.0;Paris;Charlie;SEASHELLS;10004.0;1
-2;7812.0;Paris;Caesar;SEASHELLS;10004.0;1
-2;7814.0;Paris;Charlie;SEASHELLS;10002.0;1
-2;7823.0;Caesar;Paris;SEASHELLS;9996.0;1
-2;7828.0;Paris;Caesar;SEASHELLS;10004.0;1
-2;7832.0;Pablo;Paris;SEASHELLS;10002.0;1
-2;7836.0;Charlie;Paris;SEASHELLS;9998.0;1
-2;7844.0;Paris;Charlie;SEASHELLS;10002.0;1
-2;7848.0;Pablo;Charlie;SEASHELLS;10002.0;2
-2;7854.0;Charlie;Paris;SEASHELLS;9998.0;1
-2;7855.0;Camilla;Pablo;SEASHELLS;9998.0;4
-2;7858.0;Paris;Charlie;SEASHELLS;10005.0;1
-2;7871.0;Charlie;Gina;SEASHELLS;9998.0;6
-2;7878.0;Paris;Charlie;SEASHELLS;10002.0;1
-2;7880.0;Paris;Charlie;SEASHELLS;10002.0;1
-2;7884.0;Paris;Caesar;SEASHELLS;10004.0;1
-2;7889.0;Caesar;Paris;SEASHELLS;9998.0;1
-2;7890.0;Paris;Caesar;SEASHELLS;10004.0;1
-2;7896.0;Caesar;Penelope;SEASHELLS;9996.0;2
-2;7897.0;Gary;Caesar;SEASHELLS;10004.0;2
-2;7903.0;Gina;Camilla;SEASHELLS;10002.0;4
-2;7906.0;Pablo;Camilla;SEASHELLS;10002.0;3
-2;7914.0;Camilla;Paris;SEASHELLS;9998.0;1
-2;7918.0;Charlie;Penelope;SEASHELLS;9995.0;3
-2;7922.0;Pablo;Camilla;SEASHELLS;10002.0;2
-2;7923.0;Paris;Charlie;SEASHELLS;10002.0;1
-2;7926.0;Pablo;Camilla;SEASHELLS;10002.0;1
-2;7934.0;Charlie;Paris;SEASHELLS;9998.0;1
-2;7936.0;Caesar;Paris;SEASHELLS;9996.0;1
-2;7939.0;Camilla;Gina;SEASHELLS;9998.0;8
-2;7939.0;Charlie;Gina;SEASHELLS;9998.0;4
-2;7949.0;Camilla;Paris;SEASHELLS;9998.0;1
-2;7955.0;Camilla;Gina;SEASHELLS;9998.0;2
-2;7955.0;Charlie;Gina;SEASHELLS;9998.0;4
-2;7964.0;Caesar;Penelope;SEASHELLS;9996.0;2
-2;7966.0;Charlie;Paris;SEASHELLS;9998.0;1
-2;7972.0;Paris;Pablo;SEASHELLS;9998.0;1
-2;7972.0;Charlie;Pablo;SEASHELLS;9998.0;1
-2;7974.0;Paris;Charlie;SEASHELLS;10002.0;1
-2;7980.0;Paris;Caesar;SEASHELLS;10004.0;1
-2;7980.0;Paris;Charlie;SEASHELLS;10004.0;1
-2;7981.0;Charlie;Paris;SEASHELLS;9998.0;1
-2;7982.0;Paris;Charlie;SEASHELLS;10005.0;1
-2;7990.0;Caesar;Pablo;SEASHELLS;9998.0;2
-2;7994.0;Paris;Caesar;SEASHELLS;10004.0;2
-2;7996.0;Gary;Caesar;SEASHELLS;10000.0;6
-2;7999.0;Paris;Caesar;SEASHELLS;10004.0;2
-2;8001.0;Caesar;Paris;SEASHELLS;9998.0;1
-2;8011.0;Gary;Charlie;SEASHELLS;10005.0;10
-2;8012.0;Paris;Charlie;SEASHELLS;10005.0;1
-2;8016.0;Charlie;Paris;SEASHELLS;9998.0;1
-2;8023.0;Charlie;Paris;SEASHELLS;9998.0;1
-2;8033.0;Paris;Caesar;SEASHELLS;10004.0;2
-2;8038.0;Charlie;Pablo;SEASHELLS;9998.0;1
-2;8040.0;Camilla;Pablo;SEASHELLS;9998.0;4
-2;8043.0;Charlie;Paris;SEASHELLS;9998.0;1
-2;8047.0;Gary;Charlie;SEASHELLS;10004.0;8
-2;8047.0;Gary;Caesar;SEASHELLS;10004.0;1
-2;8048.0;Caesar;Paris;SEASHELLS;9996.0;1
-2;8049.0;Paris;Charlie;SEASHELLS;10005.0;1
-2;8051.0;Penelope;Caesar;SEASHELLS;10004.0;1
-2;8054.0;Pablo;Camilla;SEASHELLS;10002.0;5
-2;8059.0;Camilla;Penelope;SEASHELLS;9998.0;4
-2;8066.0;Gary;Caesar;SEASHELLS;10004.0;1
-2;8067.0;Camilla;Gina;SEASHELLS;9998.0;2
-2;8073.0;Caesar;Paris;SEASHELLS;9996.0;2
-2;8086.0;Camilla;Pablo;SEASHELLS;9998.0;4
-2;8092.0;Paris;Charlie;SEASHELLS;10005.0;1
-2;8101.0;Charlie;Paris;SEASHELLS;9998.0;1
-2;8106.0;Penelope;Charlie;SEASHELLS;10005.0;4
-2;8107.0;Charlie;Paris;SEASHELLS;9995.0;1
-2;8109.0;Paris;Charlie;SEASHELLS;10002.0;1
-2;8113.0;Caesar;Paris;SEASHELLS;9996.0;1
-2;8113.0;Pablo;Camilla;SEASHELLS;10002.0;5
-2;8113.0;Charlie;Paris;SEASHELLS;9996.0;1
-2;8116.0;Paris;Caesar;SEASHELLS;10004.0;1
-2;8120.0;Gary;Charlie;SEASHELLS;10004.0;10
-2;8120.0;Gary;Caesar;SEASHELLS;10004.0;2
-2;8126.0;Paris;Caesar;SEASHELLS;10004.0;1
-2;8128.0;Camilla;Paris;SEASHELLS;9998.0;2
-2;8128.0;Camilla;Paris;SEASHELLS;9998.0;1
-2;8130.0;Paris;Gary;SEASHELLS;10002.0;1
-2;8143.0;Charlie;Paris;SEASHELLS;9995.0;2
-2;8149.0;Paris;Charlie;SEASHELLS;10002.0;1
-2;8149.0;Pablo;Charlie;SEASHELLS;10002.0;4
-2;8152.0;Paris;Charlie;SEASHELLS;10005.0;2
-2;8155.0;Paris;Charlie;SEASHELLS;10002.0;1
-2;8155.0;Penelope;Charlie;SEASHELLS;10004.0;4
-2;8155.0;Penelope;Caesar;SEASHELLS;10004.0;2
-2;8156.0;Pablo;Charlie;SEASHELLS;10002.0;4
-2;8162.0;Paris;Charlie;SEASHELLS;10002.0;1
-2;8169.0;Camilla;Pablo;SEASHELLS;9998.0;2
-2;8197.0;Camilla;Paris;SEASHELLS;9998.0;1
-2;8200.0;Pablo;Paris;SEASHELLS;10002.0;1
-2;8206.0;Paris;Caesar;SEASHELLS;10004.0;2
-2;8209.0;Paris;Caesar;SEASHELLS;10004.0;1
-2;8209.0;Paris;Charlie;SEASHELLS;10004.0;1
-2;8215.0;Charlie;Paris;SEASHELLS;9998.0;1
-2;8219.0;Charlie;Paris;SEASHELLS;9998.0;1
-2;8224.0;Charlie;Paris;SEASHELLS;9998.0;1
-2;8226.0;Paris;Camilla;SEASHELLS;10002.0;2
-2;8233.0;Penelope;Charlie;SEASHELLS;10005.0;2
-2;8243.0;Charlie;Gary;SEASHELLS;9995.0;11
-2;8244.0;Charlie;Paris;SEASHELLS;9995.0;2
-2;8244.0;Charlie;Paris;SEASHELLS;9998.0;1
-2;8249.0;Paris;Caesar;SEASHELLS;10004.0;2
-2;8290.0;Paris;Caesar;SEASHELLS;10004.0;1
-2;8291.0;Paris;Caesar;SEASHELLS;10004.0;2
-2;8294.0;Caesar;Paris;SEASHELLS;9996.0;1
-2;8308.0;Charlie;Paris;SEASHELLS;9998.0;1
-2;8309.0;Gary;Camilla;SEASHELLS;10002.0;3
-2;8313.0;Paris;Charlie;SEASHELLS;10002.0;1
-2;8323.0;Paris;Charlie;SEASHELLS;10002.0;1
-2;8323.0;Pablo;Charlie;SEASHELLS;10002.0;5
-2;8328.0;Caesar;Penelope;SEASHELLS;9996.0;1
-2;8334.0;Paris;Charlie;SEASHELLS;10002.0;1
-2;8335.0;Camilla;Paris;SEASHELLS;9998.0;1
-2;8338.0;Caesar;Gary;SEASHELLS;9996.0;2
-2;8347.0;Charlie;Gary;SEASHELLS;9995.0;10
-2;8348.0;Charlie;Paris;SEASHELLS;9998.0;1
-2;8353.0;Charlie;Pablo;SEASHELLS;9998.0;1
-2;8353.0;Camilla;Pablo;SEASHELLS;9998.0;2
-2;8359.0;Camilla;Paris;SEASHELLS;9998.0;1
-2;8366.0;Charlie;Paris;SEASHELLS;9998.0;1
-2;8373.0;Paris;Charlie;SEASHELLS;10002.0;1
-2;8381.0;Paris;Charlie;SEASHELLS;10002.0;1
-2;8389.0;Charlie;Paris;SEASHELLS;9998.0;1
-2;8396.0;Penelope;Caesar;SEASHELLS;10004.0;1
-2;8402.0;Paris;Caesar;SEASHELLS;10002.0;1
-2;8404.0;Paris;Charlie;SEASHELLS;10002.0;1
-2;8411.0;Charlie;Pablo;SEASHELLS;9998.0;1
-2;8418.0;Paris;Charlie;SEASHELLS;10002.0;1
-2;8419.0;Charlie;Paris;SEASHELLS;9995.0;2
-2;8420.0;Paris;Charlie;SEASHELLS;10005.0;1
-2;8421.0;Charlie;Paris;SEASHELLS;9998.0;1
-2;8424.0;Charlie;Paris;SEASHELLS;9995.0;2
-2;8425.0;Paris;Caesar;SEASHELLS;10004.0;1
-2;8427.0;Paris;Camilla;SEASHELLS;10002.0;2
-2;8429.0;Penelope;Caesar;SEASHELLS;10004.0;2
-2;8432.0;Camilla;Penelope;SEASHELLS;9998.0;3
-2;8433.0;Charlie;Penelope;SEASHELLS;9995.0;2
-2;8438.0;Charlie;Paris;SEASHELLS;9995.0;2
-2;8449.0;Pablo;Charlie;SEASHELLS;10002.0;5
-2;8450.0;Paris;Pablo;SEASHELLS;9998.0;1
-2;8452.0;Penelope;Charlie;SEASHELLS;10005.0;7
-2;8454.0;Gina;Camilla;SEASHELLS;10002.0;1
-2;8455.0;Penelope;Charlie;SEASHELLS;10005.0;2
-2;8467.0;Pablo;Camilla;SEASHELLS;10002.0;3
-2;8467.0;Paris;Camilla;SEASHELLS;10002.0;1
-2;8468.0;Penelope;Charlie;SEASHELLS;10004.0;6
-2;8468.0;Penelope;Caesar;SEASHELLS;10004.0;2
-2;8469.0;Pablo;Charlie;SEASHELLS;10002.0;5
-2;8473.0;Paris;Caesar;SEASHELLS;10000.0;2
-2;8474.0;Penelope;Charlie;SEASHELLS;10004.0;2
-2;8474.0;Penelope;Caesar;SEASHELLS;10004.0;2
-2;8477.0;Camilla;Gina;SEASHELLS;9998.0;7
-2;8477.0;Caesar;Paris;SEASHELLS;9996.0;1
-2;8480.0;Charlie;Paris;SEASHELLS;9998.0;1
-2;8485.0;Camilla;Paris;SEASHELLS;9998.0;1
-2;8489.0;Paris;Charlie;SEASHELLS;10002.0;1
-2;8490.0;Charlie;Gina;SEASHELLS;9998.0;6
-2;8494.0;Paris;Charlie;SEASHELLS;10002.0;1
-2;8499.0;Pablo;Charlie;SEASHELLS;10002.0;4
-2;8501.0;Paris;Charlie;SEASHELLS;10005.0;1
-2;8507.0;Camilla;Paris;SEASHELLS;9998.0;1
-2;8517.0;Penelope;Caesar;SEASHELLS;10004.0;2
-2;8519.0;Paris;Charlie;SEASHELLS;10005.0;2
-2;8520.0;Paris;Charlie;SEASHELLS;10005.0;2
-2;8522.0;Caesar;Penelope;SEASHELLS;9996.0;2
-2;8524.0;Caesar;Penelope;SEASHELLS;9996.0;2
-2;8524.0;Charlie;Penelope;SEASHELLS;9996.0;6
-2;8525.0;Charlie;Pablo;SEASHELLS;9998.0;2
-2;8530.0;Pablo;Camilla;SEASHELLS;10002.0;1
-2;8543.0;Paris;Pablo;SEASHELLS;9998.0;1
-2;8543.0;Charlie;Gary;SEASHELLS;9995.0;10
-2;8543.0;Charlie;Pablo;SEASHELLS;9998.0;4
-2;8544.0;Paris;Charlie;SEASHELLS;10005.0;1
-2;8553.0;Paris;Camilla;SEASHELLS;10002.0;2
-2;8568.0;Pablo;Charlie;SEASHELLS;10002.0;1
-2;8568.0;Paris;Charlie;SEASHELLS;10002.0;1
-2;8569.0;Gary;Charlie;SEASHELLS;10005.0;11
-2;8573.0;Caesar;Paris;SEASHELLS;9996.0;1
-2;8573.0;Charlie;Paris;SEASHELLS;9996.0;1
-2;8579.0;Charlie;Gary;SEASHELLS;9996.0;11
-2;8579.0;Caesar;Gary;SEASHELLS;9996.0;1
-2;8584.0;Charlie;Pablo;SEASHELLS;9998.0;3
-2;8584.0;Charlie;Paris;SEASHELLS;9998.0;1
-2;8585.0;Paris;Charlie;SEASHELLS;10002.0;1
-2;8589.0;Charlie;Paris;SEASHELLS;9995.0;1
-2;8596.0;Gina;Penelope;SEASHELLS;10002.0;6
-2;8597.0;Gary;Caesar;SEASHELLS;10004.0;2
-2;8603.0;Charlie;Pablo;SEASHELLS;9998.0;3
-2;8605.0;Charlie;Pablo;SEASHELLS;9998.0;1
-2;8606.0;Camilla;Paris;SEASHELLS;9998.0;1
-2;8607.0;Caesar;Paris;SEASHELLS;9996.0;1
-2;8609.0;Camilla;Gary;SEASHELLS;9998.0;6
-2;8610.0;Pablo;Charlie;SEASHELLS;10002.0;1
-2;8616.0;Paris;Caesar;SEASHELLS;10004.0;1
-2;8617.0;Penelope;Camilla;SEASHELLS;10002.0;1
-2;8617.0;Penelope;Charlie;SEASHELLS;10002.0;3
-2;8620.0;Gary;Charlie;SEASHELLS;10005.0;12
-2;8620.0;Paris;Charlie;SEASHELLS;10002.0;1
-2;8621.0;Paris;Caesar;SEASHELLS;10004.0;2
-2;8631.0;Paris;Charlie;SEASHELLS;10002.0;1
-2;8632.0;Paris;Camilla;SEASHELLS;10002.0;1
-2;8634.0;Camilla;Paris;SEASHELLS;9998.0;1
-2;8639.0;Paris;Caesar;SEASHELLS;10004.0;1
-2;8660.0;Camilla;Paris;SEASHELLS;9998.0;1
-2;8668.0;Charlie;Pablo;SEASHELLS;9998.0;1
-2;8670.0;Charlie;Paris;SEASHELLS;9998.0;1
-2;8673.0;Paris;Camilla;SEASHELLS;10002.0;1
-2;8676.0;Pablo;Charlie;SEASHELLS;10002.0;1
-2;8677.0;Camilla;Penelope;SEASHELLS;9998.0;7
-2;8678.0;Paris;Charlie;SEASHELLS;10002.0;1
-2;8682.0;Paris;Charlie;SEASHELLS;10002.0;1
-2;8692.0;Paris;Charlie;SEASHELLS;10002.0;1
-2;8698.0;Camilla;Paris;SEASHELLS;9998.0;1
-2;8706.0;Pablo;Charlie;SEASHELLS;10002.0;1
-2;8708.0;Penelope;Charlie;SEASHELLS;10002.0;5
-2;8708.0;Penelope;Camilla;SEASHELLS;10002.0;3
-2;8710.0;Caesar;Paris;SEASHELLS;9996.0;1
-2;8712.0;Pablo;Charlie;SEASHELLS;10002.0;3
-2;8714.0;Charlie;Penelope;SEASHELLS;9995.0;4
-2;8716.0;Penelope;Charlie;SEASHELLS;10005.0;6
-2;8718.0;Camilla;Gary;SEASHELLS;9998.0;1
-2;8719.0;Paris;Camilla;SEASHELLS;10002.0;1
-2;8721.0;Charlie;Paris;SEASHELLS;9995.0;2
-2;8722.0;Charlie;Paris;SEASHELLS;9996.0;1
-2;8722.0;Caesar;Paris;SEASHELLS;9996.0;1
-2;8724.0;Paris;Charlie;SEASHELLS;10002.0;1
-2;8733.0;Paris;Charlie;SEASHELLS;10002.0;1
-2;8736.0;Paris;Charlie;SEASHELLS;10002.0;1
-2;8738.0;Gary;Paris;SEASHELLS;9998.0;1
-2;8741.0;Camilla;Penelope;SEASHELLS;9998.0;3
-2;8754.0;Paris;Charlie;SEASHELLS;10002.0;1
-2;8758.0;Charlie;Pablo;SEASHELLS;9998.0;1
-2;8760.0;Pablo;Charlie;SEASHELLS;10002.0;5
-2;8765.0;Paris;Charlie;SEASHELLS;10002.0;1
-2;8780.0;Paris;Charlie;SEASHELLS;10002.0;1
-2;8781.0;Penelope;Camilla;SEASHELLS;10002.0;3
-2;8794.0;Paris;Camilla;SEASHELLS;10002.0;1
-2;8807.0;Charlie;Penelope;SEASHELLS;9996.0;1
-2;8807.0;Charlie;Paris;SEASHELLS;9998.0;1
-2;8807.0;Caesar;Penelope;SEASHELLS;9996.0;1
-2;8810.0;Gary;Camilla;SEASHELLS;10002.0;6
-2;8824.0;Paris;Charlie;SEASHELLS;10002.0;1
-2;8831.0;Camilla;Paris;SEASHELLS;9998.0;1
-2;8834.0;Paris;Camilla;SEASHELLS;10002.0;1
-2;8840.0;Caesar;Paris;SEASHELLS;9996.0;1
-2;8849.0;Paris;Charlie;SEASHELLS;10002.0;1
-2;8851.0;Charlie;Gary;SEASHELLS;9998.0;3
-2;8851.0;Camilla;Gary;SEASHELLS;9998.0;5
-2;8854.0;Camilla;Paris;SEASHELLS;9998.0;1
-2;8864.0;Paris;Caesar;SEASHELLS;10004.0;1
-2;8866.0;Pablo;Charlie;SEASHELLS;10002.0;3
-2;8870.0;Caesar;Paris;SEASHELLS;9996.0;1
-2;8885.0;Paris;Caesar;SEASHELLS;10004.0;2
-2;8889.0;Paris;Charlie;SEASHELLS;10005.0;1
-2;8891.0;Paris;Charlie;SEASHELLS;10002.0;1
-2;8900.0;Caesar;Gary;SEASHELLS;9996.0;1
-2;8903.0;Gina;Charlie;SEASHELLS;10002.0;6
-2;8909.0;Charlie;Paris;SEASHELLS;9998.0;1
-2;8914.0;Camilla;Pablo;SEASHELLS;9998.0;2
-2;8915.0;Charlie;Pablo;SEASHELLS;9998.0;3
-2;8915.0;Charlie;Paris;SEASHELLS;9998.0;1
-2;8916.0;Caesar;Paris;SEASHELLS;10000.0;2
-2;8916.0;Caesar;Paris;SEASHELLS;9998.0;1
-2;8917.0;Paris;Charlie;SEASHELLS;10002.0;1
-2;8927.0;Gary;Caesar;SEASHELLS;10004.0;2
-2;8931.0;Charlie;Penelope;SEASHELLS;9995.0;7
-2;8935.0;Camilla;Paris;SEASHELLS;9998.0;1
-2;8952.0;Charlie;Gary;SEASHELLS;9998.0;1
-2;8952.0;Camilla;Gary;SEASHELLS;9998.0;9
-2;8957.0;Charlie;Pablo;SEASHELLS;9998.0;4
-2;8959.0;Paris;Charlie;SEASHELLS;10002.0;1
-2;8973.0;Paris;Charlie;SEASHELLS;10002.0;1
-2;8986.0;Charlie;Gary;SEASHELLS;9996.0;11
-2;8986.0;Caesar;Gary;SEASHELLS;9996.0;1
-2;8991.0;Paris;Camilla;SEASHELLS;10002.0;1
-2;8993.0;Pablo;Camilla;SEASHELLS;10002.0;5
-2;9002.0;Caesar;Paris;SEASHELLS;9996.0;1
-2;9017.0;Charlie;Paris;SEASHELLS;9998.0;1
-2;9018.0;Caesar;Penelope;SEASHELLS;9996.0;1
-2;9018.0;Charlie;Penelope;SEASHELLS;9996.0;5
-2;9020.0;Paris;Charlie;SEASHELLS;10002.0;1
-2;9025.0;Paris;Caesar;SEASHELLS;10004.0;1
-2;9025.0;Paris;Charlie;SEASHELLS;10002.0;1
-2;9026.0;Paris;Camilla;SEASHELLS;10002.0;1
-2;9032.0;Pablo;Camilla;SEASHELLS;10002.0;4
-2;9034.0;Charlie;Paris;SEASHELLS;9995.0;1
-2;9035.0;Charlie;Paris;SEASHELLS;9998.0;1
-2;9037.0;Camilla;Paris;SEASHELLS;9998.0;1
-2;9045.0;Camilla;Gina;SEASHELLS;9998.0;1
-2;9046.0;Penelope;Caesar;SEASHELLS;10004.0;2
-2;9048.0;Charlie;Paris;SEASHELLS;9998.0;1
-2;9050.0;Charlie;Penelope;SEASHELLS;9995.0;4
-2;9052.0;Charlie;Paris;SEASHELLS;9995.0;1
-2;9058.0;Penelope;Charlie;SEASHELLS;10004.0;6
-2;9058.0;Penelope;Caesar;SEASHELLS;10004.0;1
-2;9059.0;Paris;Caesar;SEASHELLS;10004.0;2
-2;9066.0;Gary;Pablo;SEASHELLS;9998.0;1
-2;9072.0;Camilla;Paris;SEASHELLS;9998.0;2
-2;9074.0;Paris;Caesar;SEASHELLS;10004.0;1
-2;9075.0;Paris;Caesar;SEASHELLS;10004.0;1
-2;9087.0;Paris;Camilla;SEASHELLS;10002.0;2
-2;9093.0;Charlie;Penelope;SEASHELLS;9995.0;3
-2;9099.0;Paris;Charlie;SEASHELLS;10002.0;1
-2;9101.0;Paris;Charlie;SEASHELLS;10002.0;1
-2;9111.0;Penelope;Caesar;SEASHELLS;10004.0;2
-2;9111.0;Penelope;Charlie;SEASHELLS;10004.0;6
-2;9120.0;Paris;Caesar;SEASHELLS;10004.0;1
-2;9123.0;Penelope;Caesar;SEASHELLS;10004.0;1
-2;9123.0;Penelope;Charlie;SEASHELLS;10004.0;7
-2;9137.0;Pablo;Camilla;SEASHELLS;10002.0;2
-2;9141.0;Gary;Charlie;SEASHELLS;10005.0;12
-2;9149.0;Pablo;Charlie;SEASHELLS;10002.0;4
-2;9155.0;Charlie;Paris;SEASHELLS;9996.0;1
-2;9155.0;Caesar;Paris;SEASHELLS;9996.0;1
-2;9166.0;Caesar;Paris;SEASHELLS;10000.0;1
-2;9175.0;Paris;Gina;SEASHELLS;10002.0;1
-2;9176.0;Charlie;Paris;SEASHELLS;9998.0;1
-2;9178.0;Charlie;Gina;SEASHELLS;9998.0;6
-2;9182.0;Paris;Camilla;SEASHELLS;10002.0;2
-2;9186.0;Camilla;Paris;SEASHELLS;9998.0;2
-2;9189.0;Caesar;Penelope;SEASHELLS;9996.0;2
-2;9190.0;Camilla;Paris;SEASHELLS;9998.0;1
-2;9193.0;Paris;Caesar;SEASHELLS;10004.0;1
-2;9194.0;Charlie;Paris;SEASHELLS;9998.0;1
-2;9199.0;Charlie;Pablo;SEASHELLS;9998.0;1
-2;9201.0;Charlie;Paris;SEASHELLS;9995.0;1
-2;9202.0;Pablo;Charlie;SEASHELLS;10002.0;4
-2;9206.0;Caesar;Paris;SEASHELLS;9998.0;1
-2;9206.0;Penelope;Charlie;SEASHELLS;10005.0;6
-2;9209.0;Paris;Charlie;SEASHELLS;10005.0;1
-2;9221.0;Caesar;Paris;SEASHELLS;9998.0;1
-2;9225.0;Paris;Caesar;SEASHELLS;10004.0;1
-2;9229.0;Caesar;Paris;SEASHELLS;9996.0;1
-2;9230.0;Paris;Caesar;SEASHELLS;10004.0;1
-2;9234.0;Caesar;Penelope;SEASHELLS;9996.0;1
-2;9237.0;Caesar;Paris;SEASHELLS;9996.0;2
-2;9239.0;Caesar;Paris;SEASHELLS;9996.0;1
-2;9247.0;Camilla;Pablo;SEASHELLS;9998.0;1
-2;9247.0;Charlie;Paris;SEASHELLS;9998.0;1
-2;9250.0;Caesar;Paris;SEASHELLS;9996.0;1
-2;9251.0;Caesar;Paris;SEASHELLS;9996.0;2
-2;9253.0;Gary;Caesar;SEASHELLS;10004.0;2
-2;9261.0;Gary;Camilla;SEASHELLS;10002.0;9
-2;9262.0;Charlie;Paris;SEASHELLS;9998.0;1
-2;9270.0;Pablo;Camilla;SEASHELLS;10002.0;3
-2;9272.0;Caesar;Paris;SEASHELLS;9996.0;2
-2;9276.0;Paris;Charlie;SEASHELLS;10002.0;1
-2;9276.0;Pablo;Charlie;SEASHELLS;10002.0;3
-2;9282.0;Caesar;Penelope;SEASHELLS;9996.0;2
-2;9282.0;Charlie;Penelope;SEASHELLS;9996.0;4
-2;9288.0;Charlie;Penelope;SEASHELLS;9995.0;6
-2;9290.0;Charlie;Pablo;SEASHELLS;9998.0;2
-2;9291.0;Camilla;Gary;SEASHELLS;9998.0;9
-2;9291.0;Camilla;Paris;SEASHELLS;9998.0;1
-2;9291.0;Charlie;Gary;SEASHELLS;9998.0;2
-2;9294.0;Gary;Charlie;SEASHELLS;10005.0;12
-2;9294.0;Penelope;Charlie;SEASHELLS;10005.0;4
-2;9297.0;Gina;Paris;SEASHELLS;10002.0;2
-2;9307.0;Camilla;Penelope;SEASHELLS;9998.0;7
-2;9312.0;Paris;Caesar;SEASHELLS;10004.0;1
-2;9317.0;Charlie;Paris;SEASHELLS;9998.0;1
-2;9326.0;Paris;Charlie;SEASHELLS;10002.0;1
-2;9330.0;Paris;Camilla;SEASHELLS;10002.0;1
-2;9331.0;Caesar;Paris;SEASHELLS;9996.0;2
-2;9340.0;Paris;Charlie;SEASHELLS;10002.0;1
-2;9340.0;Penelope;Caesar;SEASHELLS;10004.0;1
-2;9340.0;Penelope;Charlie;SEASHELLS;10004.0;7
-2;9341.0;Gina;Camilla;SEASHELLS;10002.0;6
-2;9341.0;Paris;Charlie;SEASHELLS;10005.0;1
-2;9347.0;Camilla;Paris;SEASHELLS;9998.0;1
-2;9356.0;Charlie;Paris;SEASHELLS;9998.0;1
-2;9365.0;Charlie;Gina;SEASHELLS;9998.0;6
-2;9367.0;Gina;Camilla;SEASHELLS;10002.0;6
