day;timestamp;bid_price_1;bid_volume_1;bid_price_2;bid_volume_2;bid_price_3;bid_volume_3;ask_price_1;ask_volume_1;ask_price_2;ask_volume_2;ask_price_3;ask_volume_3;mid_price;profit_and_loss
1;30001.0;20999.0;61.0;0.0;0.0;0.0;0.0;21001.0;61.0;0.0;0.0;0.0;0.0;21000.0;0.0
1;30002.0;21002.0;56.0;0.0;0.0;0.0;0.0;21004.0;56.0;0.0;0.0;0.0;0.0;21003.0;0.0
1;30003.0;21008.0;26.0;21007.0;36.0;0.0;0.0;21009.0;62.0;0.0;0.0;0.0;0.0;21008.5;0.0
1;30004.0;21000.0;54.0;0.0;0.0;0.0;0.0;21001.0;16.0;21002.0;38.0;0.0;0.0;21000.5;0.0
1;30005.0;21000.0;15.0;20999.0;46.0;0.0;0.0;21001.0;61.0;0.0;0.0;0.0;0.0;21000.5;0.0
1;30006.0;21003.0;20.0;21002.0;34.0;0.0;0.0;21004.0;54.0;0.0;0.0;0.0;0.0;21003.5;0.0
1;30007.0;21007.0;18.0;21006.0;39.0;0.0;0.0;21008.0;57.0;0.0;0.0;0.0;0.0;21007.5;0.0
1;30008.0;21008.0;73.0;0.0;0.0;0.0;0.0;21010.0;73.0;0.0;0.0;0.0;0.0;21009.0;0.0
1;30009.0;21013.0;22.0;21012.0;45.0;0.0;0.0;21014.0;67.0;0.0;0.0;0.0;0.0;21013.5;0.0
1;30010.0;21014.0;20.0;21013.0;30.0;0.0;0.0;21015.0;50.0;0.0;0.0;0.0;0.0;21014.5;0.0
1;30011.0;21015.0;66.0;0.0;0.0;0.0;0.0;21017.0;66.0;0.0;0.0;0.0;0.0;21016.0;0.0
1;30012.0;21016.0;23.0;21015.0;44.0;0.0;0.0;21017.0;67.0;0.0;0.0;0.0;0.0;21016.5;-5.640625
1;30013.0;21013.0;16.0;21012.0;48.0;0.0;0.0;21014.0;64.0;0.0;0.0;0.0;0.0;21013.5;25.53125
1;30014.0;21010.0;75.0;0.0;0.0;0.0;0.0;21012.0;75.0;0.0;0.0;0.0;0.0;21011.0;47.828125
1;30015.0;21011.0;76.0;0.0;0.0;0.0;0.0;21013.0;76.0;0.0;0.0;0.0;0.0;21012.0;37.96875
1;30016.0;21009.0;78.0;0.0;0.0;0.0;0.0;21010.0;7.0;21011.0;78.0;0.0;0.0;21009.5;53.265625
1;30017.0;21013.0;50.0;0.0;0.0;0.0;0.0;21015.0;50.0;0.0;0.0;0.0;0.0;21014.0;20.015625
1;30018.0;21017.0;59.0;0.0;0.0;0.0;0.0;21018.0;22.0;21019.0;37.0;0.0;0.0;21017.5;-13.765625
1;30019.0;21022.0;64.0;0.0;0.0;0.0;0.0;21024.0;64.0;0.0;0.0;0.0;0.0;21023.0;-60.828125
1;30020.0;21022.0;79.0;0.0;0.0;0.0;0.0;21023.0;29.0;21024.0;50.0;0.0;0.0;21022.5;-60.046875
1;30021.0;21026.0;67.0;0.0;0.0;0.0;0.0;21028.0;67.0;0.0;0.0;0.0;0.0;21027.0;-103.84375
1;30022.0;21023.0;57.0;0.0;0.0;0.0;0.0;21024.0;8.0;21025.0;57.0;0.0;0.0;21023.5;-74.71875
1;30023.0;21021.0;68.0;0.0;0.0;0.0;0.0;21022.0;26.0;21023.0;42.0;0.0;0.0;21021.5;-48.4375
1;30024.0;21021.0;61.0;0.0;0.0;0.0;0.0;21023.0;61.0;0.0;0.0;0.0;0.0;21022.0;-53.90625
1;30025.0;21022.0;52.0;0.0;0.0;0.0;0.0;21024.0;52.0;0.0;0.0;0.0;0.0;21023.0;-65.25
1;30026.0;21017.0;60.0;0.0;0.0;0.0;0.0;21019.0;60.0;0.0;0.0;0.0;0.0;21018.0;0.125
1;30027.0;21012.0;61.0;0.0;0.0;0.0;0.0;21013.0;5.0;21014.0;61.0;0.0;0.0;21012.5;70.8125
1;30028.0;21013.0;49.0;0.0;0.0;0.0;0.0;21015.0;49.0;0.0;0.0;0.0;0.0;21014.0;56.5
1;30029.0;21011.0;57.0;0.0;0.0;0.0;0.0;21012.0;23.0;21013.0;34.0;0.0;0.0;21011.5;108.84375
1;30030.0;21014.0;69.0;0.0;0.0;0.0;0.0;21016.0;69.0;0.0;0.0;0.0;0.0;21015.0;42.1875
1;30031.0;21016.0;16.0;21015.0;44.0;0.0;0.0;21017.0;60.0;0.0;0.0;0.0;0.0;21016.5;20.5625
1;30032.0;21016.0;52.0;0.0;0.0;0.0;0.0;21018.0;52.0;0.0;0.0;0.0;0.0;21017.0;3.75
1;30033.0;21017.0;78.0;0.0;0.0;0.0;0.0;21018.0;29.0;21019.0;49.0;0.0;0.0;21017.5;-7.625
1;30034.0;21020.0;16.0;21019.0;46.0;0.0;0.0;21021.0;62.0;0.0;0.0;0.0;0.0;21020.5;-56.96875
1;30035.0;21019.0;65.0;0.0;0.0;0.0;0.0;21021.0;65.0;0.0;0.0;0.0;0.0;21020.0;-48.3125
1;30036.0;21022.0;76.0;0.0;0.0;0.0;0.0;21024.0;76.0;0.0;0.0;0.0;0.0;21023.0;-108.21875
1;30037.0;21021.0;29.0;21020.0;39.0;0.0;0.0;21022.0;68.0;0.0;0.0;0.0;0.0;21021.5;-73.84375
1;30038.0;21020.0;65.0;0.0;0.0;0.0;0.0;21022.0;65.0;0.0;0.0;0.0;0.0;21021.0;-59.84375
1;30039.0;21018.0;77.0;0.0;0.0;0.0;0.0;21020.0;77.0;0.0;0.0;0.0;0.0;21019.0;-18.03125
1;30040.0;21020.0;66.0;0.0;0.0;0.0;0.0;21021.0;27.0;21022.0;39.0;0.0;0.0;21020.5;-54.375
1;30041.0;21020.0;66.0;0.0;0.0;0.0;0.0;21021.0;16.0;21022.0;50.0;0.0;0.0;21020.5;-56.375
1;30042.0;21017.0;72.0;0.0;0.0;0.0;0.0;21019.0;72.0;0.0;0.0;0.0;0.0;21018.0;-3.375
1;30043.0;21023.0;62.0;0.0;0.0;0.0;0.0;21025.0;62.0;0.0;0.0;0.0;0.0;21024.0;-125.65625
1;30044.0;21022.0;63.0;0.0;0.0;0.0;0.0;21024.0;63.0;0.0;0.0;0.0;0.0;21023.0;-103.15625
1;30045.0;21022.0;16.0;21021.0;35.0;0.0;0.0;21023.0;16.0;21024.0;35.0;0.0;0.0;21022.5;-95.875
1;30046.0;21023.0;65.0;0.0;0.0;0.0;0.0;21024.0;29.0;21025.0;36.0;0.0;0.0;21023.5;-119.75
1;30047.0;21028.0;60.0;0.0;0.0;0.0;0.0;21029.0;23.0;21030.0;37.0;0.0;0.0;21028.5;-226.5
1;30048.0;21028.0;18.0;21027.0;47.0;0.0;0.0;21029.0;65.0;0.0;0.0;0.0;0.0;21028.5;-217.1875
1;30049.0;21030.0;27.0;21029.0;33.0;0.0;0.0;21031.0;60.0;0.0;0.0;0.0;0.0;21030.5;-260.0
1;30050.0;21030.0;66.0;0.0;0.0;0.0;0.0;21031.0;27.0;21032.0;39.0;0.0;0.0;21030.5;-265.84375
1;30051.0;21026.0;15.0;21025.0;36.0;0.0;0.0;21027.0;51.0;0.0;0.0;0.0;0.0;21026.5;-176.0625
1;30052.0;21028.0;77.0;0.0;0.0;0.0;0.0;21029.0;29.0;21030.0;48.0;0.0;0.0;21028.5;-224.28125
1;30053.0;21031.0;72.0;0.0;0.0;0.0;0.0;21032.0;25.0;21033.0;47.0;0.0;0.0;21031.5;-286.5625
1;30054.0;21030.0;62.0;0.0;0.0;0.0;0.0;21032.0;62.0;0.0;0.0;0.0;0.0;21031.0;-271.65625
1;30055.0;21030.0;60.0;0.0;0.0;0.0;0.0;21032.0;60.0;0.0;0.0;0.0;0.0;21031.0;-270.5
1;30056.0;21026.0;21.0;21025.0;33.0;0.0;0.0;21027.0;54.0;0.0;0.0;0.0;0.0;21026.5;-178.40625
1;30057.0;21021.0;61.0;0.0;0.0;0.0;0.0;21023.0;61.0;0.0;0.0;0.0;0.0;21022.0;-85.0
1;30058.0;21020.0;59.0;0.0;0.0;0.0;0.0;21022.0;59.0;0.0;0.0;0.0;0.0;21021.0;-60.84375
1;30059.0;21022.0;74.0;0.0;0.0;0.0;0.0;21023.0;30.0;21024.0;44.0;0.0;0.0;21022.5;-98.90625
1;30060.0;21021.0;17.0;21020.0;33.0;0.0;0.0;21022.0;50.0;0.0;0.0;0.0;0.0;21021.5;-70.0
1;30061.0;21021.0;65.0;0.0;0.0;0.0;0.0;21023.0;65.0;0.0;0.0;0.0;0.0;21022.0;-87.625
1;30062.0;21024.0;53.0;0.0;0.0;0.0;0.0;21026.0;53.0;0.0;0.0;0.0;0.0;21025.0;-146.65625
1;30063.0;21024.0;67.0;0.0;0.0;0.0;0.0;21026.0;67.0;0.0;0.0;0.0;0.0;21025.0;-152.25
1;30064.0;21026.0;58.0;0.0;0.0;0.0;0.0;21028.0;58.0;0.0;0.0;0.0;0.0;21027.0;-187.21875
1;30065.0;21030.0;64.0;0.0;0.0;0.0;0.0;21032.0;64.0;0.0;0.0;0.0;0.0;21031.0;-275.59375
1;30066.0;21027.0;15.0;21026.0;40.0;0.0;0.0;21028.0;55.0;0.0;0.0;0.0;0.0;21027.5;-199.15625
1;30067.0;21029.0;60.0;0.0;0.0;0.0;0.0;21030.0;23.0;21031.0;34.0;0.0;0.0;21029.5;-244.46875
1;30068.0;21023.0;57.0;0.0;0.0;0.0;0.0;21024.0;6.0;21025.0;57.0;0.0;0.0;21023.5;-128.9375
1;30069.0;21025.0;26.0;21024.0;45.0;0.0;0.0;21026.0;71.0;0.0;0.0;0.0;0.0;21025.5;-155.09375
1;30070.0;21025.0;43.0;0.0;0.0;0.0;0.0;21027.0;51.0;0.0;0.0;0.0;0.0;21026.0;-174.6875
1;30071.0;21024.0;27.0;21023.0;36.0;0.0;0.0;21025.0;63.0;0.0;0.0;0.0;0.0;21024.5;-125.0625
1;30072.0;21020.0;61.0;0.0;0.0;0.0;0.0;21022.0;61.0;0.0;0.0;0.0;0.0;21021.0;-18.0625
1;30073.0;21020.0;49.0;0.0;0.0;0.0;0.0;21022.0;49.0;0.0;0.0;0.0;0.0;21021.0;-11.625
1;30074.0;21019.0;66.0;0.0;0.0;0.0;0.0;21020.0;22.0;21021.0;44.0;0.0;0.0;21019.5;29.4375
1;30075.0;21019.0;56.0;0.0;0.0;0.0;0.0;21021.0;56.0;0.0;0.0;0.0;0.0;21020.0;20.0625
1;30076.0;21017.0;22.0;21016.0;43.0;0.0;0.0;21018.0;65.0;0.0;0.0;0.0;0.0;21017.5;113.9375
1;30077.0;21018.0;70.0;0.0;0.0;0.0;0.0;21020.0;70.0;0.0;0.0;0.0;0.0;21019.0;58.6875
1;30078.0;21015.0;53.0;0.0;0.0;0.0;0.0;21017.0;53.0;0.0;0.0;0.0;0.0;21016.0;164.625
1;30079.0;21014.0;61.0;0.0;0.0;0.0;0.0;21016.0;61.0;0.0;0.0;0.0;0.0;21015.0;196.0
1;30080.0;21013.0;77.0;0.0;0.0;0.0;0.0;21015.0;77.0;0.0;0.0;0.0;0.0;21014.0;236.25
1;30081.0;21017.0;55.0;0.0;0.0;0.0;0.0;21018.0;18.0;21019.0;37.0;0.0;0.0;21017.5;107.4375
1;30082.0;21013.0;23.0;21012.0;31.0;0.0;0.0;21014.0;54.0;0.0;0.0;0.0;0.0;21013.5;260.25
1;30083.0;21011.0;55.0;0.0;0.0;0.0;0.0;21013.0;55.0;0.0;0.0;0.0;0.0;21012.0;307.75
1;30084.0;21015.0;27.0;21014.0;43.0;0.0;0.0;21016.0;70.0;0.0;0.0;0.0;0.0;21015.5;170.4375
1;30085.0;21013.0;29.0;21012.0;48.0;0.0;0.0;21014.0;29.0;21015.0;48.0;0.0;0.0;21013.5;247.5
1;30086.0;21009.0;75.0;0.0;0.0;0.0;0.0;21011.0;75.0;0.0;0.0;0.0;0.0;21010.0;392.3125
1;30087.0;21010.0;67.0;0.0;0.0;0.0;0.0;21011.0;20.0;21012.0;38.0;0.0;0.0;21010.5;359.8125
1;30088.0;21009.0;56.0;0.0;0.0;0.0;0.0;21011.0;56.0;0.0;0.0;0.0;0.0;21010.0;393.9375
1;30089.0;21012.0;24.0;21011.0;30.0;0.0;0.0;21013.0;54.0;0.0;0.0;0.0;0.0;21012.5;297.125
1;30090.0;21009.0;63.0;0.0;0.0;0.0;0.0;21010.0;15.0;21011.0;48.0;0.0;0.0;21009.5;404.75
1;30091.0;21009.0;70.0;0.0;0.0;0.0;0.0;21011.0;70.0;0.0;0.0;0.0;0.0;21010.0;382.9375
1;30092.0;21011.0;59.0;0.0;0.0;0.0;0.0;21013.0;59.0;0.0;0.0;0.0;0.0;21012.0;305.75
1;30093.0;21014.0;69.0;0.0;0.0;0.0;0.0;21016.0;69.0;0.0;0.0;0.0;0.0;21015.0;185.5
1;30094.0;21011.0;67.0;0.0;0.0;0.0;0.0;21013.0;67.0;0.0;0.0;0.0;0.0;21012.0;314.75
1;30095.0;21015.0;56.0;0.0;0.0;0.0;0.0;21017.0;56.0;0.0;0.0;0.0;0.0;21016.0;124.5
1;30096.0;21013.0;22.0;21012.0;39.0;0.0;0.0;21014.0;61.0;0.0;0.0;0.0;0.0;21013.5;243.0
1;30097.0;21008.0;58.0;0.0;0.0;0.0;0.0;21010.0;58.0;0.0;0.0;0.0;0.0;21009.0;461.9375
1;30098.0;21005.0;70.0;0.0;0.0;0.0;0.0;21007.0;70.0;0.0;0.0;0.0;0.0;21006.0;598.5625
1;30099.0;21006.0;78.0;0.0;0.0;0.0;0.0;21007.0;29.0;21008.0;49.0;0.0;0.0;21006.5;577.0625
1;30100.0;21005.0;60.0;0.0;0.0;0.0;0.0;21006.0;26.0;21007.0;34.0;0.0;0.0;21005.5;623.5
1;30101.0;21006.0;64.0;0.0;0.0;0.0;0.0;21008.0;64.0;0.0;0.0;0.0;0.0;21007.0;561.0625
1;30102.0;21008.0;27.0;21007.0;49.0;0.0;0.0;21009.0;76.0;0.0;0.0;0.0;0.0;21008.5;490.9375
1;30103.0;21009.0;26.0;21008.0;39.0;0.0;0.0;21010.0;65.0;0.0;0.0;0.0;0.0;21009.5;446.0625
1;30104.0;21008.0;22.0;21007.0;38.0;0.0;0.0;21009.0;22.0;21010.0;38.0;0.0;0.0;21008.5;482.8125
1;30105.0;21013.0;70.0;0.0;0.0;0.0;0.0;21014.0;25.0;21015.0;45.0;0.0;0.0;21013.5;224.5
1;30106.0;21007.0;16.0;21006.0;43.0;0.0;0.0;21008.0;59.0;0.0;0.0;0.0;0.0;21007.5;541.1875
1;30107.0;21002.0;17.0;21001.0;34.0;0.0;0.0;21003.0;51.0;0.0;0.0;0.0;0.0;21002.5;817.875
1;30108.0;21000.0;65.0;0.0;0.0;0.0;0.0;21001.0;16.0;21002.0;49.0;0.0;0.0;21000.5;898.125
1;30109.0;20996.0;59.0;0.0;0.0;0.0;0.0;20998.0;59.0;0.0;0.0;0.0;0.0;20997.0;1095.875
1;30110.0;20989.0;68.0;0.0;0.0;0.0;0.0;20990.0;25.0;20991.0;43.0;0.0;0.0;20989.5;1498.0
1;30111.0;20987.0;25.0;20986.0;46.0;0.0;0.0;20988.0;71.0;0.0;0.0;0.0;0.0;20987.5;1623.375
1;30112.0;20984.0;66.0;0.0;0.0;0.0;0.0;20986.0;66.0;0.0;0.0;0.0;0.0;20985.0;1741.625
1;30113.0;20977.0;65.0;0.0;0.0;0.0;0.0;20979.0;65.0;0.0;0.0;0.0;0.0;20978.0;2126.625
1;30114.0;20980.0;20.0;20979.0;34.0;0.0;0.0;20981.0;20.0;20982.0;34.0;0.0;0.0;20980.5;1992.375
1;30115.0;20984.0;22.0;20983.0;41.0;0.0;0.0;20985.0;63.0;0.0;0.0;0.0;0.0;20984.5;1788.875
1;30116.0;20987.0;49.0;0.0;0.0;0.0;0.0;20989.0;49.0;0.0;0.0;0.0;0.0;20988.0;1595.625
1;30117.0;20986.0;28.0;20985.0;38.0;0.0;0.0;20987.0;66.0;0.0;0.0;0.0;0.0;20986.5;1676.0
1;30118.0;20986.0;75.0;0.0;0.0;0.0;0.0;20987.0;28.0;20988.0;47.0;0.0;0.0;20986.5;1653.375
1;30119.0;20983.0;19.0;20982.0;40.0;0.0;0.0;20984.0;19.0;20985.0;40.0;0.0;0.0;20983.5;1829.875
1;30120.0;20983.0;64.0;0.0;0.0;0.0;0.0;20985.0;64.0;0.0;0.0;0.0;0.0;20984.0;1798.0
1;30121.0;20981.0;61.0;0.0;0.0;0.0;0.0;20983.0;61.0;0.0;0.0;0.0;0.0;20982.0;1904.5
1;30122.0;20983.0;19.0;20982.0;34.0;0.0;0.0;20984.0;53.0;0.0;0.0;0.0;0.0;20983.5;1840.625
1;30123.0;20982.0;27.0;20981.0;32.0;0.0;0.0;20983.0;59.0;0.0;0.0;0.0;0.0;20982.5;1895.125
1;30124.0;20985.0;24.0;20984.0;33.0;0.0;0.0;20986.0;57.0;0.0;0.0;0.0;0.0;20985.5;1730.0
1;30125.0;20987.0;64.0;0.0;0.0;0.0;0.0;20988.0;22.0;20989.0;42.0;0.0;0.0;20987.5;1598.25
1;30126.0;20991.0;16.0;20990.0;48.0;0.0;0.0;20992.0;64.0;0.0;0.0;0.0;0.0;20991.5;1400.625
1;30127.0;20986.0;59.0;0.0;0.0;0.0;0.0;20987.0;29.0;20988.0;30.0;0.0;0.0;20986.5;1658.0
1;30128.0;20981.0;23.0;20980.0;34.0;0.0;0.0;20982.0;57.0;0.0;0.0;0.0;0.0;20981.5;1949.625
1;30129.0;20982.0;30.0;20981.0;47.0;0.0;0.0;20983.0;77.0;0.0;0.0;0.0;0.0;20982.5;1885.375
1;30130.0;20980.0;76.0;0.0;0.0;0.0;0.0;20981.0;27.0;20982.0;49.0;0.0;0.0;20980.5;1978.375
1;30131.0;20981.0;48.0;0.0;0.0;0.0;0.0;20983.0;48.0;0.0;0.0;0.0;0.0;20982.0;1915.25
1;30132.0;20982.0;76.0;0.0;0.0;0.0;0.0;20983.0;29.0;20984.0;47.0;0.0;0.0;20982.5;1868.0
1;30133.0;20983.0;10.0;20982.0;41.0;0.0;0.0;20984.0;59.0;0.0;0.0;0.0;0.0;20983.5;1837.375
1;30134.0;20985.0;63.0;0.0;0.0;0.0;0.0;20987.0;63.0;0.0;0.0;0.0;0.0;20986.0;1654.75
1;30135.0;20987.0;57.0;0.0;0.0;0.0;0.0;20988.0;18.0;20989.0;39.0;0.0;0.0;20987.5;1545.375
1;30136.0;20988.0;66.0;0.0;0.0;0.0;0.0;20990.0;66.0;0.0;0.0;0.0;0.0;20989.0;1448.0
1;30137.0;20986.0;24.0;20985.0;43.0;0.0;0.0;20987.0;67.0;0.0;0.0;0.0;0.0;20986.5;1638.5
1;30138.0;20991.0;16.0;20990.0;33.0;0.0;0.0;20992.0;49.0;0.0;0.0;0.0;0.0;20991.5;1273.0
1;30139.0;20991.0;65.0;0.0;0.0;0.0;0.0;20992.0;23.0;20993.0;42.0;0.0;0.0;20991.5;1247.0
1;30140.0;20994.0;73.0;0.0;0.0;0.0;0.0;20996.0;73.0;0.0;0.0;0.0;0.0;20995.0;1012.5
1;30141.0;20995.0;57.0;0.0;0.0;0.0;0.0;20997.0;57.0;0.0;0.0;0.0;0.0;20996.0;943.875
1;30142.0;20999.0;22.0;20998.0;35.0;0.0;0.0;21000.0;22.0;21001.0;35.0;0.0;0.0;20999.5;674.875
1;30143.0;20999.0;66.0;0.0;0.0;0.0;0.0;21001.0;66.0;0.0;0.0;0.0;0.0;21000.0;643.0
1;30144.0;21000.0;58.0;0.0;0.0;0.0;0.0;21001.0;17.0;21002.0;41.0;0.0;0.0;21000.5;597.5
1;30145.0;21000.0;68.0;0.0;0.0;0.0;0.0;21002.0;68.0;0.0;0.0;0.0;0.0;21001.0;569.0
1;30146.0;20998.0;71.0;0.0;0.0;0.0;0.0;21000.0;71.0;0.0;0.0;0.0;0.0;20999.0;720.25
1;30147.0;20997.0;28.0;20996.0;36.0;0.0;0.0;20998.0;64.0;0.0;0.0;0.0;0.0;20997.5;842.5
1;30148.0;20996.0;66.0;0.0;0.0;0.0;0.0;20997.0;19.0;20998.0;47.0;0.0;0.0;20996.5;874.5
1;30149.0;20996.0;15.0;20995.0;49.0;0.0;0.0;20997.0;64.0;0.0;0.0;0.0;0.0;20996.5;900.0
1;30150.0;20993.0;61.0;0.0;0.0;0.0;0.0;20994.0;22.0;20995.0;39.0;0.0;0.0;20993.5;1109.5
1;30151.0;21000.0;29.0;20999.0;50.0;0.0;0.0;21001.0;79.0;0.0;0.0;0.0;0.0;21000.5;572.5
1;30152.0;20997.0;58.0;0.0;0.0;0.0;0.0;20998.0;26.0;20999.0;32.0;0.0;0.0;20997.5;796.25
1;30153.0;20996.0;49.0;0.0;0.0;0.0;0.0;20997.0;16.0;20998.0;33.0;0.0;0.0;20996.5;866.375
1;30154.0;21003.0;50.0;0.0;0.0;0.0;0.0;21004.0;17.0;21005.0;33.0;0.0;0.0;21003.5;312.25
1;30155.0;21001.0;66.0;0.0;0.0;0.0;0.0;21003.0;66.0;0.0;0.0;0.0;0.0;21002.0;467.375
1;30156.0;21003.0;59.0;0.0;0.0;0.0;0.0;21005.0;59.0;0.0;0.0;0.0;0.0;21004.0;285.5
1;30157.0;21005.0;64.0;0.0;0.0;0.0;0.0;21007.0;64.0;0.0;0.0;0.0;0.0;21006.0;128.5
1;30158.0;21005.0;20.0;21004.0;42.0;0.0;0.0;21006.0;62.0;0.0;0.0;0.0;0.0;21005.5;179.0
1;30159.0;21000.0;65.0;0.0;0.0;0.0;0.0;21002.0;65.0;0.0;0.0;0.0;0.0;21001.0;530.5
1;30160.0;20996.0;49.0;0.0;0.0;0.0;0.0;20997.0;18.0;20998.0;31.0;0.0;0.0;20996.5;911.0
1;30161.0;20996.0;69.0;0.0;0.0;0.0;0.0;20997.0;25.0;20998.0;44.0;0.0;0.0;20996.5;913.75
1;30162.0;20997.0;59.0;0.0;0.0;0.0;0.0;20999.0;59.0;0.0;0.0;0.0;0.0;20998.0;811.75
1;30163.0;20991.0;61.0;0.0;0.0;0.0;0.0;20992.0;19.0;20993.0;42.0;0.0;0.0;20991.5;1339.5
1;30164.0;20991.0;59.0;0.0;0.0;0.0;0.0;20993.0;59.0;0.0;0.0;0.0;0.0;20992.0;1303.125
1;30165.0;20989.0;63.0;0.0;0.0;0.0;0.0;20991.0;63.0;0.0;0.0;0.0;0.0;20990.0;1463.75
1;30166.0;20992.0;52.0;0.0;0.0;0.0;0.0;20993.0;17.0;20994.0;35.0;0.0;0.0;20992.5;1245.875
1;30167.0;20992.0;72.0;0.0;0.0;0.0;0.0;20994.0;72.0;0.0;0.0;0.0;0.0;20993.0;1203.75
1;30168.0;20990.0;62.0;0.0;0.0;0.0;0.0;20992.0;62.0;0.0;0.0;0.0;0.0;20991.0;1400.375
1;30169.0;20989.0;55.0;0.0;0.0;0.0;0.0;20990.0;20.0;20991.0;35.0;0.0;0.0;20989.5;1504.75
1;30170.0;20989.0;78.0;0.0;0.0;0.0;0.0;20990.0;30.0;20991.0;48.0;0.0;0.0;20989.5;1493.75
1;30171.0;20993.0;76.0;0.0;0.0;0.0;0.0;20994.0;26.0;20995.0;50.0;0.0;0.0;20993.5;1164.625
1;30172.0;21002.0;19.0;21001.0;48.0;0.0;0.0;21003.0;19.0;21004.0;48.0;0.0;0.0;21002.5;419.875
1;30173.0;21003.0;65.0;0.0;0.0;0.0;0.0;21004.0;29.0;21005.0;36.0;0.0;0.0;21003.5;331.0
1;30174.0;21003.0;69.0;0.0;0.0;0.0;0.0;21005.0;63.0;0.0;0.0;0.0;0.0;21004.0;300.0
1;30175.0;21005.0;51.0;0.0;0.0;0.0;0.0;21007.0;51.0;0.0;0.0;0.0;0.0;21006.0;126.625
1;30176.0;21005.0;73.0;0.0;0.0;0.0;0.0;21007.0;73.0;0.0;0.0;0.0;0.0;21006.0;116.25
1;30177.0;21007.0;64.0;0.0;0.0;0.0;0.0;21009.0;64.0;0.0;0.0;0.0;0.0;21008.0;-56.625
1;30178.0;21009.0;19.0;21008.0;45.0;0.0;0.0;21010.0;29.0;21011.0;45.0;0.0;0.0;21009.5;-175.625
1;30179.0;21009.0;65.0;0.0;0.0;0.0;0.0;21010.0;25.0;21011.0;40.0;0.0;0.0;21009.5;-198.625
1;30180.0;21007.0;75.0;0.0;0.0;0.0;0.0;21008.0;29.0;21009.0;46.0;0.0;0.0;21007.5;-4.375
1;30181.0;21008.0;28.0;21007.0;47.0;0.0;0.0;21009.0;75.0;0.0;0.0;0.0;0.0;21008.5;-78.75
1;30182.0;21011.0;17.0;21010.0;36.0;0.0;0.0;21012.0;53.0;0.0;0.0;0.0;0.0;21011.5;-364.375
1;30183.0;21011.0;62.0;0.0;0.0;0.0;0.0;21012.0;27.0;21013.0;35.0;0.0;0.0;21011.5;-411.75
1;30184.0;21016.0;21.0;21015.0;45.0;0.0;0.0;21017.0;66.0;0.0;0.0;0.0;0.0;21016.5;-874.25
1;30185.0;21019.0;16.0;21018.0;36.0;0.0;0.0;21020.0;52.0;0.0;0.0;0.0;0.0;21019.5;-1172.5
1;30186.0;21019.0;17.0;21018.0;44.0;0.0;0.0;21020.0;61.0;0.0;0.0;0.0;0.0;21019.5;-1161.375
1;30187.0;21024.0;70.0;0.0;0.0;0.0;0.0;21025.0;27.0;21026.0;43.0;0.0;0.0;21024.5;-1689.875
1;30188.0;21021.0;59.0;0.0;0.0;0.0;0.0;21022.0;17.0;21023.0;42.0;0.0;0.0;21021.5;-1381.25
1;30189.0;21025.0;26.0;21024.0;49.0;0.0;0.0;21026.0;75.0;0.0;0.0;0.0;0.0;21025.5;-1765.5
1;30190.0;21030.0;66.0;0.0;0.0;0.0;0.0;21032.0;66.0;0.0;0.0;0.0;0.0;21031.0;-2357.75
1;30191.0;21030.0;74.0;0.0;0.0;0.0;0.0;21031.0;26.0;21032.0;48.0;0.0;0.0;21030.5;-2310.75
1;30192.0;21030.0;73.0;0.0;0.0;0.0;0.0;21031.0;30.0;21032.0;43.0;0.0;0.0;21030.5;-2310.5
1;30193.0;21033.0;68.0;0.0;0.0;0.0;0.0;21034.0;30.0;21035.0;38.0;0.0;0.0;21033.5;-2625.75
1;30194.0;21037.0;58.0;0.0;0.0;0.0;0.0;21039.0;58.0;0.0;0.0;0.0;0.0;21038.0;-3091.5
1;30195.0;21039.0;51.0;0.0;0.0;0.0;0.0;21040.0;18.0;21041.0;33.0;0.0;0.0;21039.5;-3258.0
1;30196.0;21040.0;60.0;0.0;0.0;0.0;0.0;21041.0;19.0;21042.0;41.0;0.0;0.0;21040.5;-3364.5
1;30197.0;21043.0;69.0;0.0;0.0;0.0;0.0;21044.0;24.0;21045.0;45.0;0.0;0.0;21043.5;-3690.75
1;30198.0;21044.0;59.0;0.0;0.0;0.0;0.0;21046.0;59.0;0.0;0.0;0.0;0.0;21045.0;-3810.0
1;30199.0;21041.0;62.0;0.0;0.0;0.0;0.0;21042.0;25.0;21043.0;37.0;0.0;0.0;21041.5;-3462.5
1;30200.0;21041.0;29.0;21040.0;50.0;0.0;0.0;21042.0;79.0;0.0;0.0;0.0;0.0;21041.5;-3438.25
1;30201.0;21041.0;65.0;0.0;0.0;0.0;0.0;21042.0;19.0;21043.0;46.0;0.0;0.0;21041.5;-3471.0
1;30202.0;21037.0;63.0;0.0;0.0;0.0;0.0;21038.0;18.0;21039.0;45.0;0.0;0.0;21037.5;-3023.0
1;30203.0;21039.0;18.0;21038.0;36.0;0.0;0.0;21040.0;54.0;0.0;0.0;0.0;0.0;21039.5;-3195.75
1;30204.0;21037.0;27.0;21036.0;50.0;0.0;0.0;21038.0;77.0;0.0;0.0;0.0;0.0;21037.5;-2983.75
1;30205.0;21039.0;60.0;0.0;0.0;0.0;0.0;21041.0;60.0;0.0;0.0;0.0;0.0;21040.0;-3273.75
1;30206.0;21035.0;61.0;0.0;0.0;0.0;0.0;21037.0;61.0;0.0;0.0;0.0;0.0;21036.0;-2809.0
1;30207.0;21033.0;63.0;0.0;0.0;0.0;0.0;21034.0;22.0;21035.0;41.0;0.0;0.0;21033.5;-2539.5
1;30208.0;21029.0;76.0;0.0;0.0;0.0;0.0;21030.0;27.0;21031.0;42.0;0.0;0.0;21029.5;-2085.25
1;30209.0;21033.0;66.0;0.0;0.0;0.0;0.0;21034.0;17.0;21035.0;49.0;0.0;0.0;21033.5;-2558.25
1;30210.0;21037.0;69.0;0.0;0.0;0.0;0.0;21038.0;26.0;21039.0;43.0;0.0;0.0;21037.5;-3027.75
1;30211.0;21042.0;20.0;21041.0;40.0;0.0;0.0;21043.0;60.0;0.0;0.0;0.0;0.0;21042.5;-3576.25
1;30212.0;21046.0;66.0;0.0;0.0;0.0;0.0;21048.0;66.0;0.0;0.0;0.0;0.0;21047.0;-4127.75
1;30213.0;21049.0;65.0;0.0;0.0;0.0;0.0;21051.0;65.0;0.0;0.0;0.0;0.0;21050.0;-4481.5
1;30214.0;21052.0;51.0;0.0;0.0;0.0;0.0;21054.0;51.0;0.0;0.0;0.0;0.0;21053.0;-4831.75
1;30215.0;21048.0;22.0;21047.0;43.0;0.0;0.0;21049.0;65.0;0.0;0.0;0.0;0.0;21048.5;-4281.5
1;30216.0;21049.0;62.0;0.0;0.0;0.0;0.0;21050.0;24.0;21051.0;38.0;0.0;0.0;21049.5;-4435.25
1;30217.0;21048.0;25.0;21047.0;38.0;0.0;0.0;21049.0;25.0;21050.0;38.0;0.0;0.0;21048.5;-4300.0
1;30218.0;21047.0;64.0;0.0;0.0;0.0;0.0;21049.0;64.0;0.0;0.0;0.0;0.0;21048.0;-4226.25
1;30219.0;21044.0;63.0;0.0;0.0;0.0;0.0;21045.0;20.0;21046.0;43.0;0.0;0.0;21044.5;-3830.0
1;30220.0;21048.0;61.0;0.0;0.0;0.0;0.0;21049.0;18.0;21050.0;43.0;0.0;0.0;21048.5;-4338.25
1;30221.0;21049.0;73.0;0.0;0.0;0.0;0.0;21050.0;28.0;21051.0;45.0;0.0;0.0;21049.5;-4435.5
1;30222.0;21045.0;62.0;0.0;0.0;0.0;0.0;21046.0;28.0;21047.0;34.0;0.0;0.0;21045.5;-3947.5
1;30223.0;21047.0;29.0;21046.0;39.0;0.0;0.0;21048.0;68.0;0.0;0.0;0.0;0.0;21047.5;-4169.0
1;30224.0;21047.0;20.0;21046.0;49.0;0.0;0.0;21048.0;20.0;21049.0;49.0;0.0;0.0;21047.5;-4177.75
1;30225.0;21044.0;65.0;0.0;0.0;0.0;0.0;21045.0;21.0;21046.0;44.0;0.0;0.0;21044.5;-3834.75
1;30226.0;21043.0;53.0;0.0;0.0;0.0;0.0;21045.0;53.0;0.0;0.0;0.0;0.0;21044.0;-3755.75
1;30227.0;21041.0;61.0;0.0;0.0;0.0;0.0;21043.0;61.0;0.0;0.0;0.0;0.0;21042.0;-3501.25
1;30228.0;21035.0;21.0;21034.0;33.0;0.0;0.0;21036.0;21.0;21037.0;33.0;0.0;0.0;21035.5;-2692.75
1;30229.0;21030.0;76.0;0.0;0.0;0.0;0.0;21032.0;76.0;0.0;0.0;0.0;0.0;21031.0;-2158.75
1;30230.0;21032.0;72.0;0.0;0.0;0.0;0.0;21033.0;27.0;21034.0;45.0;0.0;0.0;21032.5;-2355.0
1;30231.0;21033.0;63.0;0.0;0.0;0.0;0.0;21035.0;63.0;0.0;0.0;0.0;0.0;21034.0;-2488.5
1;30232.0;21034.0;66.0;0.0;0.0;0.0;0.0;21035.0;23.0;21036.0;43.0;0.0;0.0;21034.5;-2592.0
1;30233.0;21031.0;15.0;21030.0;31.0;0.0;0.0;21032.0;46.0;0.0;0.0;0.0;0.0;21031.5;-2169.0
1;30234.0;21029.0;68.0;0.0;0.0;0.0;0.0;21030.0;20.0;21031.0;48.0;0.0;0.0;21029.5;-1952.75
1;30235.0;21029.0;57.0;0.0;0.0;0.0;0.0;21030.0;23.0;21031.0;34.0;0.0;0.0;21029.5;-1975.25
1;30236.0;21031.0;68.0;0.0;0.0;0.0;0.0;21032.0;23.0;21033.0;45.0;0.0;0.0;21031.5;-2223.5
1;30237.0;21029.0;27.0;21028.0;47.0;0.0;0.0;21030.0;74.0;0.0;0.0;0.0;0.0;21029.5;-1917.75
1;30238.0;21025.0;61.0;0.0;0.0;0.0;0.0;21027.0;61.0;0.0;0.0;0.0;0.0;21026.0;-1519.25
1;30239.0;21029.0;20.0;21028.0;30.0;0.0;0.0;21030.0;50.0;0.0;0.0;0.0;0.0;21029.5;-1946.25
1;30240.0;21029.0;73.0;0.0;0.0;0.0;0.0;21030.0;25.0;21031.0;48.0;0.0;0.0;21029.5;-1970.25
1;30241.0;21028.0;54.0;0.0;0.0;0.0;0.0;21029.0;24.0;21030.0;30.0;0.0;0.0;21028.5;-1825.5
1;30242.0;21026.0;23.0;21025.0;32.0;0.0;0.0;21027.0;55.0;0.0;0.0;0.0;0.0;21026.5;-1545.75
1;30243.0;21024.0;22.0;21023.0;45.0;0.0;0.0;21025.0;67.0;0.0;0.0;0.0;0.0;21024.5;-1297.5
1;30244.0;21028.0;55.0;0.0;0.0;0.0;0.0;21030.0;55.0;0.0;0.0;0.0;0.0;21029.0;-1891.75
1;30245.0;21031.0;61.0;0.0;0.0;0.0;0.0;21033.0;61.0;0.0;0.0;0.0;0.0;21032.0;-2262.5
1;30246.0;21030.0;64.0;0.0;0.0;0.0;0.0;21031.0;26.0;21032.0;38.0;0.0;0.0;21030.5;-2102.0
1;30247.0;21026.0;53.0;0.0;0.0;0.0;0.0;21028.0;53.0;0.0;0.0;0.0;0.0;21027.0;-1622.0
1;30248.0;21031.0;56.0;0.0;0.0;0.0;0.0;21033.0;56.0;0.0;0.0;0.0;0.0;21032.0;-2259.25
1;30249.0;21036.0;18.0;21035.0;43.0;0.0;0.0;21037.0;61.0;0.0;0.0;0.0;0.0;21036.5;-2857.75
1;30250.0;21039.0;66.0;0.0;0.0;0.0;0.0;21041.0;66.0;0.0;0.0;0.0;0.0;21040.0;-3316.25
1;30251.0;21042.0;15.0;21041.0;38.0;0.0;0.0;21043.0;53.0;0.0;0.0;0.0;0.0;21042.5;-3636.25
1;30252.0;21036.0;65.0;0.0;0.0;0.0;0.0;21038.0;65.0;0.0;0.0;0.0;0.0;21037.0;-2914.25
1;30253.0;21032.0;70.0;0.0;0.0;0.0;0.0;21034.0;70.0;0.0;0.0;0.0;0.0;21033.0;-2420.0
1;30254.0;21034.0;48.0;0.0;0.0;0.0;0.0;21035.0;16.0;21036.0;32.0;0.0;0.0;21034.5;-2634.25
1;30255.0;21033.0;60.0;0.0;0.0;0.0;0.0;21035.0;60.0;0.0;0.0;0.0;0.0;21034.0;-2524.0
1;30256.0;21034.0;72.0;0.0;0.0;0.0;0.0;21035.0;28.0;21036.0;44.0;0.0;0.0;21034.5;-2620.25
1;30257.0;21032.0;64.0;0.0;0.0;0.0;0.0;21034.0;64.0;0.0;0.0;0.0;0.0;21033.0;-2418.5
1;30258.0;21030.0;53.0;0.0;0.0;0.0;0.0;21032.0;53.0;0.0;0.0;0.0;0.0;21031.0;-2166.0
1;30259.0;21032.0;51.0;0.0;0.0;0.0;0.0;21033.0;17.0;21034.0;34.0;0.0;0.0;21032.5;-2389.75
1;30260.0;21031.0;60.0;0.0;0.0;0.0;0.0;21032.0;19.0;21033.0;41.0;0.0;0.0;21031.5;-2229.75
1;30261.0;21031.0;66.0;0.0;0.0;0.0;0.0;21032.0;27.0;21033.0;39.0;0.0;0.0;21031.5;-2226.0
1;30262.0;21032.0;27.0;21031.0;46.0;0.0;0.0;21033.0;73.0;0.0;0.0;0.0;0.0;21032.5;-2327.5
1;30263.0;21032.0;69.0;0.0;0.0;0.0;0.0;21034.0;69.0;0.0;0.0;0.0;0.0;21033.0;-2419.25
1;30264.0;21036.0;20.0;21035.0;30.0;0.0;0.0;21037.0;50.0;0.0;0.0;0.0;0.0;21036.5;-2884.0
1;30265.0;21040.0;15.0;21039.0;34.0;0.0;0.0;21041.0;49.0;0.0;0.0;0.0;0.0;21040.5;-3433.0
1;30266.0;21036.0;28.0;21035.0;41.0;0.0;0.0;21037.0;69.0;0.0;0.0;0.0;0.0;21036.5;-2881.0
1;30267.0;21035.0;17.0;21034.0;48.0;0.0;0.0;21036.0;17.0;21037.0;48.0;0.0;0.0;21035.5;-2771.25
1;30268.0;21033.0;59.0;0.0;0.0;0.0;0.0;21034.0;16.0;21035.0;43.0;0.0;0.0;21033.5;-2508.75
1;30269.0;21035.0;64.0;0.0;0.0;0.0;0.0;21036.0;20.0;21037.0;44.0;0.0;0.0;21035.5;-2810.5
1;30270.0;21032.0;60.0;0.0;0.0;0.0;0.0;21033.0;16.0;21034.0;44.0;0.0;0.0;21032.5;-2378.25
1;30271.0;21034.0;65.0;0.0;0.0;0.0;0.0;21036.0;65.0;0.0;0.0;0.0;0.0;21035.0;-2688.0
1;30272.0;21036.0;67.0;0.0;0.0;0.0;0.0;21038.0;67.0;0.0;0.0;0.0;0.0;21037.0;-2967.5
1;30273.0;21038.0;61.0;0.0;0.0;0.0;0.0;21039.0;29.0;21040.0;32.0;0.0;0.0;21038.5;-3198.0
1;30274.0;21035.0;77.0;0.0;0.0;0.0;0.0;21036.0;28.0;21037.0;49.0;0.0;0.0;21035.5;-2792.25
1;30275.0;21035.0;3.0;21034.0;65.0;0.0;0.0;21036.0;65.0;0.0;0.0;0.0;0.0;21035.5;-2700.0
1;30276.0;21031.0;54.0;0.0;0.0;0.0;0.0;21033.0;54.0;0.0;0.0;0.0;0.0;21032.0;-2244.0
1;30277.0;21032.0;66.0;0.0;0.0;0.0;0.0;21034.0;66.0;0.0;0.0;0.0;0.0;21033.0;-2408.0
1;30278.0;21035.0;68.0;0.0;0.0;0.0;0.0;21037.0;68.0;0.0;0.0;0.0;0.0;21036.0;-2806.25
1;30279.0;21031.0;29.0;21030.0;50.0;0.0;0.0;21032.0;79.0;0.0;0.0;0.0;0.0;21031.5;-2165.0
1;30280.0;21028.0;56.0;0.0;0.0;0.0;0.0;21030.0;56.0;0.0;0.0;0.0;0.0;21029.0;-1815.0
1;30281.0;21028.0;20.0;21027.0;44.0;0.0;0.0;21029.0;64.0;0.0;0.0;0.0;0.0;21028.5;-1744.0
1;30282.0;21026.0;63.0;0.0;0.0;0.0;0.0;21028.0;63.0;0.0;0.0;0.0;0.0;21027.0;-1518.0
1;30283.0;21030.0;53.0;0.0;0.0;0.0;0.0;21032.0;53.0;0.0;0.0;0.0;0.0;21031.0;-2141.75
1;30284.0;21030.0;65.0;0.0;0.0;0.0;0.0;21031.0;22.0;21032.0;43.0;0.0;0.0;21030.5;-2078.25
1;30285.0;21031.0;25.0;21030.0;32.0;0.0;0.0;21032.0;57.0;0.0;0.0;0.0;0.0;21031.5;-2181.5
1;30286.0;21028.0;16.0;21027.0;43.0;0.0;0.0;21029.0;59.0;0.0;0.0;0.0;0.0;21028.5;-1708.5
1;30287.0;21032.0;63.0;0.0;0.0;0.0;0.0;21033.0;21.0;21034.0;42.0;0.0;0.0;21032.5;-2358.0
1;30288.0;21032.0;62.0;0.0;0.0;0.0;0.0;21034.0;62.0;0.0;0.0;0.0;0.0;21033.0;-2425.0
1;30289.0;21035.0;26.0;21034.0;30.0;0.0;0.0;21036.0;56.0;0.0;0.0;0.0;0.0;21035.5;-2749.75
1;30290.0;21035.0;73.0;0.0;0.0;0.0;0.0;21036.0;30.0;21037.0;43.0;0.0;0.0;21035.5;-2784.0
1;30291.0;21029.0;16.0;21028.0;50.0;0.0;0.0;21030.0;66.0;0.0;0.0;0.0;0.0;21029.5;-1884.75
1;30292.0;21024.0;50.0;0.0;0.0;0.0;0.0;21025.0;18.0;21026.0;32.0;0.0;0.0;21024.5;-1207.0
1;30293.0;21020.0;58.0;0.0;0.0;0.0;0.0;21022.0;58.0;0.0;0.0;0.0;0.0;21021.0;-660.25
1;30294.0;21022.0;25.0;21021.0;35.0;0.0;0.0;21023.0;60.0;0.0;0.0;0.0;0.0;21022.5;-856.75
1;30295.0;21020.0;60.0;0.0;0.0;0.0;0.0;21022.0;60.0;0.0;0.0;0.0;0.0;21021.0;-639.0
1;30296.0;21021.0;73.0;0.0;0.0;0.0;0.0;21023.0;73.0;0.0;0.0;0.0;0.0;21022.0;-817.75
1;30297.0;21022.0;69.0;0.0;0.0;0.0;0.0;21024.0;69.0;0.0;0.0;0.0;0.0;21023.0;-936.25
1;30298.0;21023.0;69.0;0.0;0.0;0.0;0.0;21024.0;19.0;21025.0;50.0;0.0;0.0;21023.5;-1039.5
1;30299.0;21026.0;23.0;21025.0;44.0;0.0;0.0;21027.0;67.0;0.0;0.0;0.0;0.0;21026.5;-1425.5
1;30300.0;21026.0;80.0;0.0;0.0;0.0;0.0;21027.0;30.0;21028.0;50.0;0.0;0.0;21026.5;-1500.5
1;30301.0;21021.0;56.0;0.0;0.0;0.0;0.0;21023.0;56.0;0.0;0.0;0.0;0.0;21022.0;-804.25
1;30302.0;21019.0;69.0;0.0;0.0;0.0;0.0;21021.0;69.0;0.0;0.0;0.0;0.0;21020.0;-515.5
1;30303.0;21024.0;64.0;0.0;0.0;0.0;0.0;21026.0;64.0;0.0;0.0;0.0;0.0;21025.0;-1214.75
1;30304.0;21021.0;76.0;0.0;0.0;0.0;0.0;21022.0;29.0;21023.0;47.0;0.0;0.0;21021.5;-759.75
1;30305.0;21025.0;62.0;0.0;0.0;0.0;0.0;21026.0;25.0;21027.0;37.0;0.0;0.0;21025.5;-1333.5
1;30306.0;21030.0;17.0;21029.0;35.0;0.0;0.0;21031.0;52.0;0.0;0.0;0.0;0.0;21030.5;-2030.25
1;30307.0;21028.0;56.0;0.0;0.0;0.0;0.0;21029.0;15.0;21030.0;41.0;0.0;0.0;21028.5;-1777.5
1;30308.0;21029.0;52.0;0.0;0.0;0.0;0.0;21030.0;22.0;21031.0;30.0;0.0;0.0;21029.5;-1921.5
1;30309.0;21025.0;51.0;0.0;0.0;0.0;0.0;21026.0;21.0;21027.0;30.0;0.0;0.0;21025.5;-1327.5
1;30310.0;21027.0;67.0;0.0;0.0;0.0;0.0;21029.0;67.0;0.0;0.0;0.0;0.0;21028.0;-1652.25
1;30311.0;21025.0;64.0;0.0;0.0;0.0;0.0;21026.0;27.0;21027.0;37.0;0.0;0.0;21025.5;-1320.5
1;30312.0;21021.0;61.0;0.0;0.0;0.0;0.0;21022.0;30.0;21023.0;31.0;0.0;0.0;21021.5;-761.75
1;30313.0;21020.0;56.0;0.0;0.0;0.0;0.0;21021.0;22.0;21022.0;34.0;0.0;0.0;21020.5;-593.0
1;30314.0;21019.0;22.0;21018.0;42.0;0.0;0.0;21020.0;64.0;0.0;0.0;0.0;0.0;21019.5;-396.25
1;30315.0;21017.0;22.0;21016.0;33.0;0.0;0.0;21018.0;22.0;21019.0;33.0;0.0;0.0;21017.5;-144.0
1;30316.0;21017.0;58.0;0.0;0.0;0.0;0.0;21019.0;58.0;0.0;0.0;0.0;0.0;21018.0;-226.75
1;30317.0;21017.0;67.0;0.0;0.0;0.0;0.0;21018.0;19.0;21019.0;48.0;0.0;0.0;21017.5;-153.0
1;30318.0;21015.0;49.0;0.0;0.0;0.0;0.0;21016.0;18.0;21017.0;31.0;0.0;0.0;21015.5;132.75
1;30319.0;21018.0;26.0;21017.0;43.0;0.0;0.0;21019.0;69.0;0.0;0.0;0.0;0.0;21018.5;-272.0
1;30320.0;21025.0;15.0;21024.0;39.0;0.0;0.0;21026.0;54.0;0.0;0.0;0.0;0.0;21025.5;-1337.0
1;30321.0;21025.0;54.0;0.0;0.0;0.0;0.0;21026.0;24.0;21027.0;30.0;0.0;0.0;21025.5;-1364.25
1;30322.0;21023.0;66.0;0.0;0.0;0.0;0.0;21024.0;30.0;21025.0;36.0;0.0;0.0;21023.5;-1052.75
1;30323.0;21020.0;76.0;0.0;0.0;0.0;0.0;21021.0;26.0;21022.0;50.0;0.0;0.0;21020.5;-614.5
1;30324.0;21022.0;29.0;21021.0;41.0;0.0;0.0;21023.0;70.0;0.0;0.0;0.0;0.0;21022.5;-872.5
1;30325.0;21021.0;63.0;0.0;0.0;0.0;0.0;21022.0;27.0;21023.0;36.0;0.0;0.0;21021.5;-758.25
1;30326.0;21021.0;67.0;0.0;0.0;0.0;0.0;21022.0;27.0;21023.0;40.0;0.0;0.0;21021.5;-763.25
1;30327.0;21015.0;58.0;0.0;0.0;0.0;0.0;21017.0;58.0;0.0;0.0;0.0;0.0;21016.0;115.75
1;30328.0;21012.0;25.0;21011.0;33.0;0.0;0.0;21013.0;25.0;21014.0;33.0;0.0;0.0;21012.5;615.0
1;30329.0;21008.0;60.0;0.0;0.0;0.0;0.0;21010.0;60.0;0.0;0.0;0.0;0.0;21009.0;1127.5
1;30330.0;21011.0;54.0;0.0;0.0;0.0;0.0;21013.0;54.0;0.0;0.0;0.0;0.0;21012.0;706.75
1;30331.0;21010.0;55.0;0.0;0.0;0.0;0.0;21012.0;55.0;0.0;0.0;0.0;0.0;21011.0;830.5
1;30332.0;21003.0;71.0;0.0;0.0;0.0;0.0;21004.0;24.0;21005.0;47.0;0.0;0.0;21003.5;1953.75
1;30333.0;21004.0;56.0;0.0;0.0;0.0;0.0;21006.0;56.0;0.0;0.0;0.0;0.0;21005.0;1737.75
1;30334.0;21008.0;23.0;21007.0;30.0;0.0;0.0;21009.0;53.0;0.0;0.0;0.0;0.0;21008.5;1228.25
1;30335.0;21012.0;22.0;21011.0;36.0;0.0;0.0;21013.0;58.0;0.0;0.0;0.0;0.0;21012.5;641.25
1;30336.0;21003.0;69.0;0.0;0.0;0.0;0.0;21005.0;69.0;0.0;0.0;0.0;0.0;21004.0;1939.0
1;30337.0;21004.0;20.0;21003.0;42.0;0.0;0.0;21005.0;20.0;21006.0;42.0;0.0;0.0;21004.5;1869.75
1;30338.0;21006.0;54.0;0.0;0.0;0.0;0.0;21008.0;54.0;0.0;0.0;0.0;0.0;21007.0;1496.0
1;30339.0;21008.0;54.0;0.0;0.0;0.0;0.0;21009.0;22.0;21010.0;32.0;0.0;0.0;21008.5;1217.25
1;30340.0;21007.0;68.0;0.0;0.0;0.0;0.0;21009.0;68.0;0.0;0.0;0.0;0.0;21008.0;1328.25
1;30341.0;21002.0;58.0;0.0;0.0;0.0;0.0;21003.0;19.0;21004.0;39.0;0.0;0.0;21002.5;2163.5
1;30342.0;21001.0;15.0;21000.0;33.0;0.0;0.0;21002.0;48.0;0.0;0.0;0.0;0.0;21001.5;2365.75
1;30343.0;21000.0;20.0;20999.0;30.0;0.0;0.0;21001.0;50.0;0.0;0.0;0.0;0.0;21000.5;2517.0
1;30344.0;21001.0;55.0;0.0;0.0;0.0;0.0;21003.0;55.0;0.0;0.0;0.0;0.0;21002.0;2253.0
1;30345.0;21003.0;55.0;0.0;0.0;0.0;0.0;21005.0;55.0;0.0;0.0;0.0;0.0;21004.0;1958.5
1;30346.0;21003.0;24.0;21002.0;43.0;0.0;0.0;21004.0;67.0;0.0;0.0;0.0;0.0;21003.5;2072.5
1;30347.0;21005.0;49.0;0.0;0.0;0.0;0.0;21006.0;18.0;21007.0;31.0;0.0;0.0;21005.5;1682.25
1;30348.0;21002.0;59.0;0.0;0.0;0.0;0.0;21003.0;29.0;21004.0;30.0;0.0;0.0;21002.5;2172.75
1;30349.0;21000.0;76.0;0.0;0.0;0.0;0.0;21001.0;26.0;21002.0;50.0;0.0;0.0;21000.5;2490.25
1;30350.0;21000.0;16.0;20999.0;46.0;0.0;0.0;21001.0;16.0;21002.0;46.0;0.0;0.0;21000.5;2506.5
1;30351.0;21001.0;52.0;0.0;0.0;0.0;0.0;21003.0;52.0;0.0;0.0;0.0;0.0;21002.0;2242.5
1;30352.0;21001.0;27.0;21000.0;43.0;0.0;0.0;21002.0;70.0;0.0;0.0;0.0;0.0;21001.5;2393.0
1;30353.0;21004.0;69.0;0.0;0.0;0.0;0.0;21006.0;69.0;0.0;0.0;0.0;0.0;21005.0;1825.25
1;30354.0;21005.0;74.0;0.0;0.0;0.0;0.0;21007.0;74.0;0.0;0.0;0.0;0.0;21006.0;1636.5
1;30355.0;21003.0;23.0;21002.0;47.0;0.0;0.0;21004.0;70.0;0.0;0.0;0.0;0.0;21003.5;2077.5
1;30356.0;21003.0;26.0;21002.0;49.0;0.0;0.0;21004.0;75.0;0.0;0.0;0.0;0.0;21003.5;2039.75
1;30357.0;21000.0;59.0;0.0;0.0;0.0;0.0;21002.0;59.0;0.0;0.0;0.0;0.0;21001.0;2452.0
1;30358.0;20997.0;63.0;0.0;0.0;0.0;0.0;20999.0;63.0;0.0;0.0;0.0;0.0;20998.0;2899.0
1;30359.0;20993.0;54.0;0.0;0.0;0.0;0.0;20995.0;54.0;0.0;0.0;0.0;0.0;20994.0;3564.0
1;30360.0;20997.0;56.0;0.0;0.0;0.0;0.0;20999.0;56.0;0.0;0.0;0.0;0.0;20998.0;2915.0
1;30361.0;21000.0;57.0;0.0;0.0;0.0;0.0;21001.0;26.0;21002.0;31.0;0.0;0.0;21000.5;2493.25
1;30362.0;20995.0;56.0;0.0;0.0;0.0;0.0;20997.0;56.0;0.0;0.0;0.0;0.0;20996.0;3248.25
1;30363.0;20998.0;63.0;0.0;0.0;0.0;0.0;21000.0;63.0;0.0;0.0;0.0;0.0;20999.0;2725.25
1;30364.0;21001.0;57.0;0.0;0.0;0.0;0.0;21003.0;57.0;0.0;0.0;0.0;0.0;21002.0;2273.75
1;30365.0;21000.0;54.0;0.0;0.0;0.0;0.0;21002.0;54.0;0.0;0.0;0.0;0.0;21001.0;2446.75
1;30366.0;21002.0;22.0;21001.0;40.0;0.0;0.0;21003.0;62.0;0.0;0.0;0.0;0.0;21002.5;2209.25
1;30367.0;21008.0;74.0;0.0;0.0;0.0;0.0;21010.0;74.0;0.0;0.0;0.0;0.0;21009.0;1145.5
1;30368.0;21009.0;74.0;0.0;0.0;0.0;0.0;21010.0;24.0;21011.0;50.0;0.0;0.0;21009.5;1002.75
1;30369.0;21010.0;64.0;0.0;0.0;0.0;0.0;21012.0;64.0;0.0;0.0;0.0;0.0;21011.0;798.0
1;30370.0;21013.0;65.0;0.0;0.0;0.0;0.0;21015.0;65.0;0.0;0.0;0.0;0.0;21014.0;250.75
1;30371.0;21010.0;53.0;0.0;0.0;0.0;0.0;21012.0;53.0;0.0;0.0;0.0;0.0;21011.0;758.75
1;30372.0;21007.0;18.0;21006.0;30.0;0.0;0.0;21008.0;48.0;0.0;0.0;0.0;0.0;21007.5;1379.5
1;30373.0;21003.0;29.0;21002.0;47.0;0.0;0.0;21004.0;76.0;0.0;0.0;0.0;0.0;21003.5;2070.5
1;30374.0;21002.0;69.0;0.0;0.0;0.0;0.0;21004.0;69.0;0.0;0.0;0.0;0.0;21003.0;2110.25
1;30375.0;21005.0;51.0;0.0;0.0;0.0;0.0;21006.0;17.0;21007.0;34.0;0.0;0.0;21005.5;1685.0
1;30376.0;21002.0;53.0;0.0;0.0;0.0;0.0;21003.0;7.0;21004.0;53.0;0.0;0.0;21002.5;2106.5
1;30377.0;20998.0;57.0;0.0;0.0;0.0;0.0;21000.0;57.0;0.0;0.0;0.0;0.0;20999.0;2778.0
1;30378.0;20999.0;78.0;0.0;0.0;0.0;0.0;21000.0;28.0;21001.0;50.0;0.0;0.0;20999.5;2674.75
1;30379.0;20998.0;50.0;0.0;0.0;0.0;0.0;20999.0;16.0;21000.0;34.0;0.0;0.0;20998.5;2852.25
1;30380.0;21000.0;75.0;0.0;0.0;0.0;0.0;21001.0;25.0;21002.0;50.0;0.0;0.0;21000.5;2537.0
1;30381.0;21000.0;23.0;20999.0;31.0;0.0;0.0;21001.0;54.0;0.0;0.0;0.0;0.0;21000.5;2588.25
1;30382.0;20999.0;55.0;0.0;0.0;0.0;0.0;21000.0;17.0;21001.0;38.0;0.0;0.0;20999.5;2664.75
1;30383.0;20999.0;77.0;0.0;0.0;0.0;0.0;21000.0;29.0;21001.0;48.0;0.0;0.0;20999.5;2690.25
1;30384.0;20999.0;72.0;0.0;0.0;0.0;0.0;21001.0;72.0;0.0;0.0;0.0;0.0;21000.0;2653.75
1;30385.0;20996.0;59.0;0.0;0.0;0.0;0.0;20998.0;59.0;0.0;0.0;0.0;0.0;20997.0;3120.0
1;30386.0;20993.0;75.0;0.0;0.0;0.0;0.0;20995.0;75.0;0.0;0.0;0.0;0.0;20994.0;3676.0
1;30387.0;20998.0;59.0;0.0;0.0;0.0;0.0;20999.0;15.0;21000.0;44.0;0.0;0.0;20998.5;2832.5
1;30388.0;21007.0;48.0;0.0;0.0;0.0;0.0;21009.0;48.0;0.0;0.0;0.0;0.0;21008.0;1210.75
1;30389.0;21011.0;24.0;21010.0;41.0;0.0;0.0;21012.0;65.0;0.0;0.0;0.0;0.0;21011.5;606.5
1;30390.0;21006.0;63.0;0.0;0.0;0.0;0.0;21007.0;16.0;21008.0;47.0;0.0;0.0;21006.5;1433.25
1;30391.0;21006.0;68.0;0.0;0.0;0.0;0.0;21008.0;68.0;0.0;0.0;0.0;0.0;21007.0;1395.25
1;30392.0;21010.0;28.0;21009.0;42.0;0.0;0.0;21011.0;70.0;0.0;0.0;0.0;0.0;21010.5;733.75
1;30393.0;21005.0;67.0;0.0;0.0;0.0;0.0;21007.0;67.0;0.0;0.0;0.0;0.0;21006.0;1576.75
1;30394.0;21004.0;66.0;0.0;0.0;0.0;0.0;21005.0;26.0;21006.0;40.0;0.0;0.0;21004.5;1812.5
1;30395.0;21003.0;30.0;21002.0;50.0;0.0;0.0;21004.0;23.0;21005.0;50.0;0.0;0.0;21003.5;2005.5
1;30396.0;21000.0;54.0;0.0;0.0;0.0;0.0;21002.0;54.0;0.0;0.0;0.0;0.0;21001.0;2469.75
1;30397.0;20998.0;65.0;0.0;0.0;0.0;0.0;20999.0;22.0;21000.0;43.0;0.0;0.0;20998.5;2891.75
1;30398.0;21001.0;64.0;0.0;0.0;0.0;0.0;21003.0;64.0;0.0;0.0;0.0;0.0;21002.0;2321.75
1;30399.0;21000.0;53.0;0.0;0.0;0.0;0.0;21001.0;17.0;21002.0;36.0;0.0;0.0;21000.5;2536.25
1;30400.0;20999.0;60.0;0.0;0.0;0.0;0.0;21001.0;60.0;0.0;0.0;0.0;0.0;21000.0;2630.5
1;30401.0;21005.0;19.0;21004.0;49.0;0.0;0.0;21006.0;68.0;0.0;0.0;0.0;0.0;21005.5;1682.5
1;30402.0;21002.0;55.0;0.0;0.0;0.0;0.0;21004.0;55.0;0.0;0.0;0.0;0.0;21003.0;2109.75
1;30403.0;20997.0;65.0;0.0;0.0;0.0;0.0;20998.0;16.0;20999.0;49.0;0.0;0.0;20997.5;3107.25
1;30404.0;20999.0;61.0;0.0;0.0;0.0;0.0;21000.0;25.0;21001.0;36.0;0.0;0.0;20999.5;2731.75
1;30405.0;21005.0;67.0;0.0;0.0;0.0;0.0;21006.0;25.0;21007.0;42.0;0.0;0.0;21005.5;1624.5
1;30406.0;21006.0;27.0;21005.0;33.0;0.0;0.0;21007.0;60.0;0.0;0.0;0.0;0.0;21006.5;1483.0
1;30407.0;21007.0;26.0;21006.0;41.0;0.0;0.0;21008.0;67.0;0.0;0.0;0.0;0.0;21007.5;1290.0
1;30408.0;21003.0;67.0;0.0;0.0;0.0;0.0;21005.0;67.0;0.0;0.0;0.0;0.0;21004.0;1952.0
1;30409.0;21001.0;29.0;21000.0;34.0;0.0;0.0;21002.0;63.0;0.0;0.0;0.0;0.0;21001.5;2426.0
1;30410.0;21005.0;76.0;0.0;0.0;0.0;0.0;21006.0;27.0;21007.0;49.0;0.0;0.0;21005.5;1612.75
1;30411.0;21009.0;22.0;21008.0;31.0;0.0;0.0;21010.0;53.0;0.0;0.0;0.0;0.0;21009.5;892.0
1;30412.0;21011.0;22.0;21010.0;39.0;0.0;0.0;21012.0;61.0;0.0;0.0;0.0;0.0;21011.5;540.0
1;30413.0;21009.0;61.0;0.0;0.0;0.0;0.0;21010.0;17.0;21011.0;44.0;0.0;0.0;21009.5;866.25
1;30414.0;21006.0;29.0;21005.0;42.0;0.0;0.0;21007.0;71.0;0.0;0.0;0.0;0.0;21006.5;1496.0
1;30415.0;21003.0;27.0;21002.0;43.0;0.0;0.0;21004.0;70.0;0.0;0.0;0.0;0.0;21003.5;2047.5
1;30416.0;20999.0;53.0;0.0;0.0;0.0;0.0;21001.0;53.0;0.0;0.0;0.0;0.0;21000.0;2669.75
1;30417.0;21001.0;55.0;0.0;0.0;0.0;0.0;21003.0;55.0;0.0;0.0;0.0;0.0;21002.0;2311.0
1;30418.0;20999.0;58.0;0.0;0.0;0.0;0.0;21000.0;23.0;21001.0;35.0;0.0;0.0;20999.5;2725.5
1;30419.0;20998.0;26.0;20997.0;30.0;0.0;0.0;20999.0;56.0;0.0;0.0;0.0;0.0;20998.5;2981.25
1;30420.0;21000.0;27.0;20999.0;35.0;0.0;0.0;21001.0;27.0;21002.0;35.0;0.0;0.0;21000.5;2584.5
1;30421.0;21002.0;74.0;0.0;0.0;0.0;0.0;21003.0;30.0;21004.0;44.0;0.0;0.0;21002.5;2201.0
1;30422.0;21002.0;50.0;0.0;0.0;0.0;0.0;21003.0;18.0;21004.0;32.0;0.0;0.0;21002.5;2163.0
1;30423.0;21003.0;79.0;0.0;0.0;0.0;0.0;21005.0;79.0;0.0;0.0;0.0;0.0;21004.0;1891.0
1;30424.0;21004.0;19.0;21003.0;47.0;0.0;0.0;21005.0;66.0;0.0;0.0;0.0;0.0;21004.5;1881.75
1;30425.0;20998.0;59.0;0.0;0.0;0.0;0.0;20999.0;26.0;21000.0;33.0;0.0;0.0;20998.5;2959.0
1;30426.0;20998.0;25.0;20997.0;44.0;0.0;0.0;20999.0;69.0;0.0;0.0;0.0;0.0;20998.5;2999.5
1;30427.0;20996.0;50.0;0.0;0.0;0.0;0.0;20998.0;50.0;0.0;0.0;0.0;0.0;20997.0;3240.5
1;30428.0;20995.0;62.0;0.0;0.0;0.0;0.0;20997.0;62.0;0.0;0.0;0.0;0.0;20996.0;3442.0
1;30429.0;20996.0;69.0;0.0;0.0;0.0;0.0;20998.0;69.0;0.0;0.0;0.0;0.0;20997.0;3304.5
1;30430.0;20994.0;59.0;0.0;0.0;0.0;0.0;20996.0;59.0;0.0;0.0;0.0;0.0;20995.0;3627.25
1;30431.0;20998.0;56.0;0.0;0.0;0.0;0.0;20999.0;17.0;21000.0;39.0;0.0;0.0;20998.5;2932.5
1;30432.0;20998.0;24.0;20997.0;46.0;0.0;0.0;20999.0;70.0;0.0;0.0;0.0;0.0;20998.5;3030.75
1;30433.0;20998.0;57.0;0.0;0.0;0.0;0.0;20999.0;24.0;21000.0;33.0;0.0;0.0;20998.5;2937.5
1;30434.0;20999.0;53.0;0.0;0.0;0.0;0.0;21000.0;22.0;21001.0;31.0;0.0;0.0;20999.5;2750.75
1;30435.0;20998.0;62.0;0.0;0.0;0.0;0.0;21000.0;62.0;0.0;0.0;0.0;0.0;20999.0;2850.25
1;30436.0;21000.0;64.0;0.0;0.0;0.0;0.0;21002.0;64.0;0.0;0.0;0.0;0.0;21001.0;2483.0
1;30437.0;21003.0;18.0;21002.0;35.0;0.0;0.0;21004.0;53.0;0.0;0.0;0.0;0.0;21003.5;2053.75
1;30438.0;21004.0;80.0;0.0;0.0;0.0;0.0;21006.0;80.0;0.0;0.0;0.0;0.0;21005.0;1696.25
1;30439.0;21002.0;56.0;0.0;0.0;0.0;0.0;21004.0;56.0;0.0;0.0;0.0;0.0;21003.0;2102.25
1;30440.0;21000.0;15.0;20999.0;36.0;0.0;0.0;21001.0;51.0;0.0;0.0;0.0;0.0;21000.5;2621.75
1;30441.0;20998.0;46.0;0.0;0.0;0.0;0.0;20999.0;16.0;21000.0;30.0;0.0;0.0;20998.5;2973.5
1;30442.0;20998.0;28.0;20997.0;30.0;0.0;0.0;20999.0;28.0;21000.0;30.0;0.0;0.0;20998.5;2979.25
1;30443.0;20992.0;65.0;0.0;0.0;0.0;0.0;20994.0;65.0;0.0;0.0;0.0;0.0;20993.0;4053.75
1;30444.0;20990.0;27.0;20989.0;34.0;0.0;0.0;20991.0;27.0;20992.0;34.0;0.0;0.0;20990.5;4546.25
1;30445.0;20986.0;58.0;0.0;0.0;0.0;0.0;20988.0;58.0;0.0;0.0;0.0;0.0;20987.0;5213.75
1;30446.0;20984.0;74.0;0.0;0.0;0.0;0.0;20986.0;74.0;0.0;0.0;0.0;0.0;20985.0;5611.0
1;30447.0;20982.0;23.0;20981.0;33.0;0.0;0.0;20983.0;56.0;0.0;0.0;0.0;0.0;20982.5;6150.25
1;30448.0;20984.0;61.0;0.0;0.0;0.0;0.0;20985.0;25.0;20986.0;36.0;0.0;0.0;20984.5;5703.25
1;30449.0;20985.0;72.0;0.0;0.0;0.0;0.0;20986.0;24.0;20987.0;48.0;0.0;0.0;20985.5;5464.5
1;30450.0;20988.0;24.0;20987.0;33.0;0.0;0.0;20989.0;24.0;20990.0;33.0;0.0;0.0;20988.5;4935.75
1;30451.0;20985.0;51.0;0.0;0.0;0.0;0.0;20986.0;16.0;20987.0;35.0;0.0;0.0;20985.5;5512.75
1;30452.0;20983.0;9.0;20982.0;62.0;0.0;0.0;20984.0;62.0;0.0;0.0;0.0;0.0;20983.5;5971.0
1;30453.0;20982.0;19.0;20981.0;32.0;0.0;0.0;20983.0;51.0;0.0;0.0;0.0;0.0;20982.5;6155.75
1;30454.0;20986.0;60.0;0.0;0.0;0.0;0.0;20988.0;60.0;0.0;0.0;0.0;0.0;20987.0;5228.75
1;30455.0;20991.0;72.0;0.0;0.0;0.0;0.0;20993.0;72.0;0.0;0.0;0.0;0.0;20992.0;4288.25
1;30456.0;20989.0;70.0;0.0;0.0;0.0;0.0;20991.0;70.0;0.0;0.0;0.0;0.0;20990.0;4652.75
1;30457.0;20991.0;68.0;0.0;0.0;0.0;0.0;20992.0;28.0;20993.0;40.0;0.0;0.0;20991.5;4307.0
1;30458.0;20997.0;79.0;0.0;0.0;0.0;0.0;20999.0;79.0;0.0;0.0;0.0;0.0;20998.0;3097.5
1;30459.0;20994.0;47.0;0.0;0.0;0.0;0.0;20996.0;47.0;0.0;0.0;0.0;0.0;20995.0;3691.5
1;30460.0;20994.0;15.0;20993.0;37.0;0.0;0.0;20995.0;52.0;0.0;0.0;0.0;0.0;20994.5;3808.75
1;30461.0;20997.0;70.0;0.0;0.0;0.0;0.0;20999.0;70.0;0.0;0.0;0.0;0.0;20998.0;3078.75
1;30462.0;20999.0;66.0;0.0;0.0;0.0;0.0;21001.0;66.0;0.0;0.0;0.0;0.0;21000.0;2675.5
1;30463.0;20996.0;63.0;0.0;0.0;0.0;0.0;20998.0;63.0;0.0;0.0;0.0;0.0;20997.0;3247.75
1;30464.0;21001.0;53.0;0.0;0.0;0.0;0.0;21002.0;21.0;21003.0;32.0;0.0;0.0;21001.5;2391.0
1;30465.0;21004.0;28.0;21003.0;48.0;0.0;0.0;21005.0;76.0;0.0;0.0;0.0;0.0;21004.5;1830.75
1;30466.0;21006.0;20.0;21005.0;33.0;0.0;0.0;21007.0;53.0;0.0;0.0;0.0;0.0;21006.5;1436.75
1;30467.0;21002.0;64.0;0.0;0.0;0.0;0.0;21003.0;21.0;21004.0;43.0;0.0;0.0;21002.5;2158.75
1;30468.0;21002.0;21.0;21001.0;42.0;0.0;0.0;21003.0;63.0;0.0;0.0;0.0;0.0;21002.5;2259.25
1;30469.0;21005.0;75.0;0.0;0.0;0.0;0.0;21007.0;75.0;0.0;0.0;0.0;0.0;21006.0;1497.0
1;30470.0;21007.0;27.0;21006.0;49.0;0.0;0.0;21008.0;76.0;0.0;0.0;0.0;0.0;21007.5;1215.5
1;30471.0;21009.0;55.0;0.0;0.0;0.0;0.0;21010.0;16.0;21011.0;39.0;0.0;0.0;21009.5;754.0
1;30472.0;21008.0;70.0;0.0;0.0;0.0;0.0;21010.0;70.0;0.0;0.0;0.0;0.0;21009.0;914.0
1;30473.0;21013.0;27.0;21012.0;34.0;0.0;0.0;21014.0;61.0;0.0;0.0;0.0;0.0;21013.5;32.5
1;30474.0;21012.0;61.0;0.0;0.0;0.0;0.0;21013.0;22.0;21014.0;39.0;0.0;0.0;21012.5;177.5
1;30475.0;21015.0;29.0;21014.0;46.0;0.0;0.0;21016.0;75.0;0.0;0.0;0.0;0.0;21015.5;-360.0
1;30476.0;21015.0;60.0;0.0;0.0;0.0;0.0;21017.0;60.0;0.0;0.0;0.0;0.0;21016.0;-546.0
1;30477.0;21013.0;29.0;21012.0;47.0;0.0;0.0;21014.0;76.0;0.0;0.0;0.0;0.0;21013.5;23.0
1;30478.0;21017.0;53.0;0.0;0.0;0.0;0.0;21018.0;22.0;21019.0;31.0;0.0;0.0;21017.5;-844.0
1;30479.0;21013.0;55.0;0.0;0.0;0.0;0.0;21015.0;55.0;0.0;0.0;0.0;0.0;21014.0;-101.5
1;30480.0;21011.0;68.0;0.0;0.0;0.0;0.0;21013.0;68.0;0.0;0.0;0.0;0.0;21012.0;334.0
1;30481.0;21012.0;17.0;21011.0;49.0;0.0;0.0;21013.0;66.0;0.0;0.0;0.0;0.0;21012.5;254.5
1;30482.0;21007.0;55.0;0.0;0.0;0.0;0.0;21009.0;55.0;0.0;0.0;0.0;0.0;21008.0;1096.5
1;30483.0;21002.0;54.0;0.0;0.0;0.0;0.0;21004.0;54.0;0.0;0.0;0.0;0.0;21003.0;2175.0
1;30484.0;21002.0;23.0;21001.0;39.0;0.0;0.0;21003.0;62.0;0.0;0.0;0.0;0.0;21002.5;2250.0
1;30485.0;21000.0;55.0;0.0;0.0;0.0;0.0;21002.0;55.0;0.0;0.0;0.0;0.0;21001.0;2510.0
1;30486.0;21000.0;29.0;20999.0;41.0;0.0;0.0;21001.0;70.0;0.0;0.0;0.0;0.0;21000.5;2679.5
1;30487.0;21001.0;59.0;0.0;0.0;0.0;0.0;21002.0;25.0;21003.0;34.0;0.0;0.0;21001.5;2388.5
1;30488.0;21008.0;19.0;21007.0;50.0;0.0;0.0;21009.0;69.0;0.0;0.0;0.0;0.0;21008.5;1052.5
1;30489.0;21006.0;56.0;0.0;0.0;0.0;0.0;21008.0;56.0;0.0;0.0;0.0;0.0;21007.0;1310.0
1;30490.0;21013.0;46.0;0.0;0.0;0.0;0.0;21015.0;46.0;0.0;0.0;0.0;0.0;21014.0;-144.0
1;30491.0;21014.0;61.0;0.0;0.0;0.0;0.0;21016.0;61.0;0.0;0.0;0.0;0.0;21015.0;-279.5
1;30492.0;21014.0;16.0;21013.0;31.0;0.0;0.0;21015.0;16.0;21016.0;31.0;0.0;0.0;21014.5;-211.5
1;30493.0;21006.0;62.0;0.0;0.0;0.0;0.0;21007.0;25.0;21008.0;37.0;0.0;0.0;21006.5;1414.0
1;30494.0;21001.0;51.0;0.0;0.0;0.0;0.0;21003.0;51.0;0.0;0.0;0.0;0.0;21002.0;2341.0
1;30495.0;21002.0;47.0;0.0;0.0;0.0;0.0;21003.0;15.0;21004.0;32.0;0.0;0.0;21002.5;2199.0
1;30496.0;21004.0;15.0;21003.0;47.0;0.0;0.0;21005.0;62.0;0.0;0.0;0.0;0.0;21004.5;1882.5
1;30497.0;21001.0;56.0;0.0;0.0;0.0;0.0;21002.0;21.0;21003.0;35.0;0.0;0.0;21001.5;2397.0
1;30498.0;21002.0;63.0;0.0;0.0;0.0;0.0;21003.0;17.0;21004.0;46.0;0.0;0.0;21002.5;2235.0
1;30499.0;21004.0;80.0;0.0;0.0;0.0;0.0;21006.0;80.0;0.0;0.0;0.0;0.0;21005.0;1718.5
1;30500.0;21003.0;24.0;21002.0;42.0;0.0;0.0;21004.0;66.0;0.0;0.0;0.0;0.0;21003.5;2077.5
1;30501.0;20998.0;20.0;20997.0;38.0;0.0;0.0;20999.0;20.0;21000.0;38.0;0.0;0.0;20998.5;3068.0
1;30502.0;20995.0;72.0;0.0;0.0;0.0;0.0;20996.0;24.0;20997.0;48.0;0.0;0.0;20995.5;3677.5
1;30503.0;20994.0;56.0;0.0;0.0;0.0;0.0;20995.0;28.0;20996.0;36.0;0.0;0.0;20994.5;3878.0
1;30504.0;20995.0;29.0;20994.0;46.0;0.0;0.0;20996.0;75.0;0.0;0.0;0.0;0.0;20995.5;3726.5
1;30505.0;20997.0;23.0;20996.0;47.0;0.0;0.0;20998.0;70.0;0.0;0.0;0.0;0.0;20997.5;3271.0
1;30506.0;20994.0;55.0;0.0;0.0;0.0;0.0;20995.0;19.0;20996.0;36.0;0.0;0.0;20994.5;3872.5
1;30507.0;20994.0;74.0;0.0;0.0;0.0;0.0;20995.0;30.0;20996.0;44.0;0.0;0.0;20994.5;3877.5
1;30508.0;20993.0;53.0;0.0;0.0;0.0;0.0;20994.0;15.0;20995.0;38.0;0.0;0.0;20993.5;4067.0
1;30509.0;20993.0;47.0;0.0;0.0;0.0;0.0;20994.0;15.0;20995.0;32.0;0.0;0.0;20993.5;4072.0
1;30510.0;20996.0;64.0;0.0;0.0;0.0;0.0;20997.0;19.0;20998.0;45.0;0.0;0.0;20996.5;3400.5
1;30511.0;21000.0;25.0;20999.0;49.0;0.0;0.0;21001.0;74.0;0.0;0.0;0.0;0.0;21000.5;2603.5
1;30512.0;20998.0;52.0;0.0;0.0;0.0;0.0;21000.0;52.0;0.0;0.0;0.0;0.0;20999.0;2933.5
1;30513.0;20996.0;54.0;0.0;0.0;0.0;0.0;20998.0;54.0;0.0;0.0;0.0;0.0;20997.0;3346.0
1;30514.0;20994.0;57.0;0.0;0.0;0.0;0.0;20996.0;57.0;0.0;0.0;0.0;0.0;20995.0;3811.0
1;30515.0;20992.0;64.0;0.0;0.0;0.0;0.0;20994.0;64.0;0.0;0.0;0.0;0.0;20993.0;4172.0
1;30516.0;20991.0;61.0;0.0;0.0;0.0;0.0;20993.0;61.0;0.0;0.0;0.0;0.0;20992.0;4461.5
1;30517.0;20991.0;26.0;20990.0;44.0;0.0;0.0;20992.0;70.0;0.0;0.0;0.0;0.0;20991.5;4594.5
1;30518.0;20989.0;53.0;0.0;0.0;0.0;0.0;20990.0;22.0;20991.0;31.0;0.0;0.0;20989.5;4940.5
1;30519.0;20986.0;30.0;20985.0;37.0;0.0;0.0;20987.0;67.0;0.0;0.0;0.0;0.0;20986.5;5646.5
1;30520.0;20982.0;70.0;0.0;0.0;0.0;0.0;20984.0;70.0;0.0;0.0;0.0;0.0;20983.0;6413.0
1;30521.0;20982.0;77.0;0.0;0.0;0.0;0.0;20984.0;77.0;0.0;0.0;0.0;0.0;20983.0;6401.5
1;30522.0;20989.0;67.0;0.0;0.0;0.0;0.0;20991.0;67.0;0.0;0.0;0.0;0.0;20990.0;4877.0
1;30523.0;20991.0;27.0;20990.0;47.0;0.0;0.0;20992.0;74.0;0.0;0.0;0.0;0.0;20991.5;4546.5
1;30524.0;20993.0;30.0;20992.0;37.0;0.0;0.0;20994.0;67.0;0.0;0.0;0.0;0.0;20993.5;4158.0
1;30525.0;20993.0;77.0;0.0;0.0;0.0;0.0;20995.0;77.0;0.0;0.0;0.0;0.0;20994.0;3959.5
1;30526.0;20993.0;58.0;0.0;0.0;0.0;0.0;20994.0;23.0;20995.0;35.0;0.0;0.0;20993.5;4084.5
1;30527.0;20999.0;28.0;20998.0;43.0;0.0;0.0;21000.0;71.0;0.0;0.0;0.0;0.0;20999.5;2837.0
1;30528.0;20998.0;15.0;20997.0;47.0;0.0;0.0;20999.0;62.0;0.0;0.0;0.0;0.0;20998.5;3059.0
1;30529.0;20995.0;30.0;20994.0;44.0;0.0;0.0;20996.0;74.0;0.0;0.0;0.0;0.0;20995.5;3701.0
1;30530.0;20991.0;70.0;0.0;0.0;0.0;0.0;20992.0;23.0;20993.0;47.0;0.0;0.0;20991.5;4508.0
1;30531.0;20991.0;70.0;0.0;0.0;0.0;0.0;20993.0;70.0;0.0;0.0;0.0;0.0;20992.0;4413.0
1;30532.0;20988.0;74.0;0.0;0.0;0.0;0.0;20990.0;74.0;0.0;0.0;0.0;0.0;20989.0;5077.5
1;30533.0;20986.0;30.0;20985.0;37.0;0.0;0.0;20987.0;67.0;0.0;0.0;0.0;0.0;20986.5;5660.0
1;30534.0;20983.0;55.0;0.0;0.0;0.0;0.0;20984.0;15.0;20985.0;40.0;0.0;0.0;20983.5;6240.0
1;30535.0;20979.0;62.0;0.0;0.0;0.0;0.0;20981.0;59.0;0.0;0.0;0.0;0.0;20980.0;7106.0
1;30536.0;20980.0;20.0;20979.0;37.0;0.0;0.0;20981.0;57.0;0.0;0.0;0.0;0.0;20980.5;7021.5
1;30537.0;20975.0;26.0;20974.0;37.0;0.0;0.0;20976.0;63.0;0.0;0.0;0.0;0.0;20975.5;8120.0
1;30538.0;20981.0;76.0;0.0;0.0;0.0;0.0;20982.0;26.0;20983.0;50.0;0.0;0.0;20981.5;6682.5
1;30539.0;20973.0;61.0;0.0;0.0;0.0;0.0;20974.0;23.0;20975.0;38.0;0.0;0.0;20973.5;8473.5
1;30540.0;20969.0;30.0;20968.0;35.0;0.0;0.0;20970.0;65.0;0.0;0.0;0.0;0.0;20969.5;9388.5
1;30541.0;20969.0;75.0;0.0;0.0;0.0;0.0;20970.0;30.0;20971.0;45.0;0.0;0.0;20969.5;9369.5
1;30542.0;20970.0;63.0;0.0;0.0;0.0;0.0;20971.0;27.0;20972.0;36.0;0.0;0.0;20970.5;9122.5
1;30543.0;20969.0;77.0;0.0;0.0;0.0;0.0;20970.0;30.0;20971.0;47.0;0.0;0.0;20969.5;9361.0
1;30544.0;20970.0;29.0;20969.0;33.0;0.0;0.0;20971.0;62.0;0.0;0.0;0.0;0.0;20970.5;9196.5
1;30545.0;20970.0;57.0;0.0;0.0;0.0;0.0;20971.0;27.0;20972.0;30.0;0.0;0.0;20970.5;9100.0
1;30546.0;20970.0;56.0;0.0;0.0;0.0;0.0;20972.0;56.0;0.0;0.0;0.0;0.0;20971.0;9032.5
1;30547.0;20972.0;49.0;0.0;0.0;0.0;0.0;20973.0;17.0;20974.0;32.0;0.0;0.0;20972.5;8658.5
1;30548.0;20973.0;29.0;20972.0;46.0;0.0;0.0;20974.0;75.0;0.0;0.0;0.0;0.0;20973.5;8510.0
1;30549.0;20972.0;77.0;0.0;0.0;0.0;0.0;20974.0;77.0;0.0;0.0;0.0;0.0;20973.0;8582.5
1;30550.0;20972.0;65.0;0.0;0.0;0.0;0.0;20973.0;28.0;20974.0;37.0;0.0;0.0;20972.5;8684.5
1;30551.0;20974.0;70.0;0.0;0.0;0.0;0.0;20976.0;70.0;0.0;0.0;0.0;0.0;20975.0;8099.0
1;30552.0;20974.0;62.0;0.0;0.0;0.0;0.0;20975.0;18.0;20976.0;44.0;0.0;0.0;20974.5;8226.5
1;30553.0;20976.0;28.0;20975.0;40.0;0.0;0.0;20977.0;68.0;0.0;0.0;0.0;0.0;20976.5;7848.0
1;30554.0;20980.0;58.0;0.0;0.0;0.0;0.0;20982.0;58.0;0.0;0.0;0.0;0.0;20981.0;6792.5
1;30555.0;20981.0;54.0;0.0;0.0;0.0;0.0;20983.0;54.0;0.0;0.0;0.0;0.0;20982.0;6527.0
1;30556.0;20985.0;16.0;20984.0;37.0;0.0;0.0;20986.0;16.0;20987.0;37.0;0.0;0.0;20985.5;5703.5
1;30557.0;20984.0;17.0;20983.0;31.0;0.0;0.0;20985.0;48.0;0.0;0.0;0.0;0.0;20984.5;5995.5
1;30558.0;20984.0;70.0;0.0;0.0;0.0;0.0;20986.0;70.0;0.0;0.0;0.0;0.0;20985.0;5807.5
1;30559.0;20986.0;57.0;0.0;0.0;0.0;0.0;20987.0;20.0;20988.0;37.0;0.0;0.0;20986.5;5454.5
1;30560.0;20987.0;28.0;20986.0;33.0;0.0;0.0;20988.0;61.0;0.0;0.0;0.0;0.0;20987.5;5293.0
1;30561.0;20988.0;58.0;0.0;0.0;0.0;0.0;20989.0;28.0;20990.0;30.0;0.0;0.0;20988.5;4961.0
1;30562.0;20992.0;59.0;0.0;0.0;0.0;0.0;20993.0;28.0;20994.0;31.0;0.0;0.0;20992.5;3995.5
1;30563.0;20991.0;60.0;0.0;0.0;0.0;0.0;20993.0;60.0;0.0;0.0;0.0;0.0;20992.0;4208.0
1;30564.0;20989.0;60.0;0.0;0.0;0.0;0.0;20991.0;60.0;0.0;0.0;0.0;0.0;20990.0;4663.5
1;30565.0;20990.0;63.0;0.0;0.0;0.0;0.0;20992.0;63.0;0.0;0.0;0.0;0.0;20991.0;4437.5
1;30566.0;20986.0;69.0;0.0;0.0;0.0;0.0;20987.0;22.0;20988.0;47.0;0.0;0.0;20986.5;5432.5
1;30567.0;20986.0;61.0;0.0;0.0;0.0;0.0;20987.0;17.0;20988.0;44.0;0.0;0.0;20986.5;5442.5
1;30568.0;20989.0;57.0;0.0;0.0;0.0;0.0;20991.0;57.0;0.0;0.0;0.0;0.0;20990.0;4628.5
1;30569.0;20989.0;62.0;0.0;0.0;0.0;0.0;20991.0;62.0;0.0;0.0;0.0;0.0;20990.0;4638.0
1;30570.0;20991.0;50.0;0.0;0.0;0.0;0.0;20992.0;19.0;20993.0;31.0;0.0;0.0;20991.5;4266.5
1;30571.0;20992.0;56.0;0.0;0.0;0.0;0.0;20993.0;18.0;20994.0;38.0;0.0;0.0;20992.5;4006.0
1;30572.0;20995.0;58.0;0.0;0.0;0.0;0.0;20997.0;58.0;0.0;0.0;0.0;0.0;20996.0;3186.5
1;30573.0;20997.0;57.0;0.0;0.0;0.0;0.0;20998.0;19.0;20999.0;38.0;0.0;0.0;20997.5;2842.0
1;30574.0;20998.0;22.0;20997.0;41.0;0.0;0.0;20999.0;63.0;0.0;0.0;0.0;0.0;20998.5;2706.0
1;30575.0;20988.0;55.0;0.0;0.0;0.0;0.0;20989.0;17.0;20990.0;38.0;0.0;0.0;20988.5;4985.5
1;30576.0;20986.0;72.0;0.0;0.0;0.0;0.0;20988.0;72.0;0.0;0.0;0.0;0.0;20987.0;5347.5
1;30577.0;20988.0;59.0;0.0;0.0;0.0;0.0;20990.0;59.0;0.0;0.0;0.0;0.0;20989.0;4866.0
1;30578.0;20988.0;57.0;0.0;0.0;0.0;0.0;20989.0;18.0;20990.0;39.0;0.0;0.0;20988.5;4971.0
1;30579.0;20986.0;18.0;20985.0;46.0;0.0;0.0;20987.0;64.0;0.0;0.0;0.0;0.0;20986.5;5501.0
1;30580.0;20988.0;76.0;0.0;0.0;0.0;0.0;20990.0;76.0;0.0;0.0;0.0;0.0;20989.0;4884.0
1;30581.0;20986.0;15.0;20985.0;44.0;0.0;0.0;20987.0;59.0;0.0;0.0;0.0;0.0;20986.5;5513.0
1;30582.0;20985.0;23.0;20984.0;33.0;0.0;0.0;20986.0;56.0;0.0;0.0;0.0;0.0;20985.5;5767.5
1;30583.0;20986.0;48.0;0.0;0.0;0.0;0.0;20988.0;48.0;0.0;0.0;0.0;0.0;20987.0;5302.5
1;30584.0;20985.0;72.0;0.0;0.0;0.0;0.0;20986.0;27.0;20987.0;45.0;0.0;0.0;20985.5;5689.0
1;30585.0;20985.0;54.0;0.0;0.0;0.0;0.0;20987.0;54.0;0.0;0.0;0.0;0.0;20986.0;5591.5
1;30586.0;20985.0;76.0;0.0;0.0;0.0;0.0;20987.0;76.0;0.0;0.0;0.0;0.0;20986.0;5631.0
1;30587.0;20981.0;75.0;0.0;0.0;0.0;0.0;20983.0;75.0;0.0;0.0;0.0;0.0;20982.0;6507.5
1;30588.0;20980.0;48.0;0.0;0.0;0.0;0.0;20981.0;15.0;20982.0;33.0;0.0;0.0;20980.5;6911.0
1;30589.0;20979.0;16.0;20978.0;33.0;0.0;0.0;20980.0;49.0;0.0;0.0;0.0;0.0;20979.5;7203.5
1;30590.0;20977.0;15.0;20976.0;37.0;0.0;0.0;20978.0;52.0;0.0;0.0;0.0;0.0;20977.5;7697.5
1;30591.0;20980.0;29.0;20979.0;42.0;0.0;0.0;20981.0;71.0;0.0;0.0;0.0;0.0;20980.5;6963.5
1;30592.0;20979.0;50.0;0.0;0.0;0.0;0.0;20981.0;50.0;0.0;0.0;0.0;0.0;20980.0;7020.5
1;30593.0;20977.0;56.0;0.0;0.0;0.0;0.0;20979.0;56.0;0.0;0.0;0.0;0.0;20978.0;7515.0
1;30594.0;20973.0;75.0;0.0;0.0;0.0;0.0;20975.0;75.0;0.0;0.0;0.0;0.0;20974.0;8541.5
1;30595.0;20972.0;49.0;0.0;0.0;0.0;0.0;20973.0;17.0;20974.0;32.0;0.0;0.0;20972.5;8815.5
1;30596.0;20976.0;26.0;20975.0;49.0;0.0;0.0;20977.0;75.0;0.0;0.0;0.0;0.0;20976.5;7937.5
1;30597.0;20975.0;29.0;20974.0;47.0;0.0;0.0;20976.0;76.0;0.0;0.0;0.0;0.0;20975.5;8202.0
1;30598.0;20977.0;23.0;20976.0;38.0;0.0;0.0;20978.0;61.0;0.0;0.0;0.0;0.0;20977.5;7716.0
1;30599.0;20978.0;24.0;20977.0;36.0;0.0;0.0;20979.0;60.0;0.0;0.0;0.0;0.0;20978.5;7444.5
1;30600.0;20976.0;61.0;0.0;0.0;0.0;0.0;20977.0;23.0;20978.0;38.0;0.0;0.0;20976.5;7865.5
1;30601.0;20973.0;73.0;0.0;0.0;0.0;0.0;20974.0;27.0;20975.0;46.0;0.0;0.0;20973.5;8595.0
1;30602.0;20974.0;67.0;0.0;0.0;0.0;0.0;20976.0;67.0;0.0;0.0;0.0;0.0;20975.0;8255.0
1;30603.0;20969.0;56.0;0.0;0.0;0.0;0.0;20971.0;56.0;0.0;0.0;0.0;0.0;20970.0;9542.0
1;30604.0;20971.0;29.0;20970.0;42.0;0.0;0.0;20972.0;71.0;0.0;0.0;0.0;0.0;20971.5;9176.0
1;30605.0;20967.0;70.0;0.0;0.0;0.0;0.0;20968.0;21.0;20969.0;49.0;0.0;0.0;20967.5;10114.0
1;30606.0;20969.0;77.0;0.0;0.0;0.0;0.0;20971.0;77.0;0.0;0.0;0.0;0.0;20970.0;9528.5
1;30607.0;20968.0;70.0;0.0;0.0;0.0;0.0;20969.0;26.0;20970.0;44.0;0.0;0.0;20968.5;9870.0
1;30608.0;20967.0;63.0;0.0;0.0;0.0;0.0;20969.0;63.0;0.0;0.0;0.0;0.0;20968.0;9984.0
1;30609.0;20970.0;52.0;0.0;0.0;0.0;0.0;20972.0;52.0;0.0;0.0;0.0;0.0;20971.0;9249.5
1;30610.0;20967.0;62.0;0.0;0.0;0.0;0.0;20969.0;62.0;0.0;0.0;0.0;0.0;20968.0;10039.5
1;30611.0;20967.0;71.0;0.0;0.0;0.0;0.0;20969.0;71.0;0.0;0.0;0.0;0.0;20968.0;10046.5
1;30612.0;20966.0;69.0;0.0;0.0;0.0;0.0;20968.0;69.0;0.0;0.0;0.0;0.0;20967.0;10326.0
1;30613.0;20967.0;66.0;0.0;0.0;0.0;0.0;20969.0;66.0;0.0;0.0;0.0;0.0;20968.0;9990.0
1;30614.0;20969.0;57.0;0.0;0.0;0.0;0.0;20971.0;57.0;0.0;0.0;0.0;0.0;20970.0;9497.0
1;30615.0;20970.0;68.0;0.0;0.0;0.0;0.0;20971.0;29.0;20972.0;39.0;0.0;0.0;20970.5;9324.0
1;30616.0;20970.0;50.0;0.0;0.0;0.0;0.0;20972.0;50.0;0.0;0.0;0.0;0.0;20971.0;9209.5
1;30617.0;20969.0;62.0;0.0;0.0;0.0;0.0;20971.0;62.0;0.0;0.0;0.0;0.0;20970.0;9553.0
1;30618.0;20971.0;23.0;20970.0;46.0;0.0;0.0;20972.0;23.0;20973.0;46.0;0.0;0.0;20971.5;9136.5
1;30619.0;20970.0;64.0;0.0;0.0;0.0;0.0;20971.0;24.0;20972.0;40.0;0.0;0.0;20970.5;9351.5
1;30620.0;20970.0;53.0;0.0;0.0;0.0;0.0;20972.0;53.0;0.0;0.0;0.0;0.0;20971.0;9292.0
1;30621.0;20971.0;15.0;20970.0;42.0;0.0;0.0;20972.0;57.0;0.0;0.0;0.0;0.0;20971.5;9189.0
1;30622.0;20966.0;52.0;0.0;0.0;0.0;0.0;20968.0;52.0;0.0;0.0;0.0;0.0;20967.0;10247.5
1;30623.0;20963.0;55.0;0.0;0.0;0.0;0.0;20964.0;16.0;20965.0;39.0;0.0;0.0;20963.5;11132.0
1;30624.0;20964.0;16.0;20963.0;41.0;0.0;0.0;20965.0;57.0;0.0;0.0;0.0;0.0;20964.5;11001.0
1;30625.0;20963.0;70.0;0.0;0.0;0.0;0.0;20965.0;70.0;0.0;0.0;0.0;0.0;20964.0;11048.5
1;30626.0;20967.0;73.0;0.0;0.0;0.0;0.0;20968.0;24.0;20969.0;49.0;0.0;0.0;20967.5;10139.5
1;30627.0;20960.0;21.0;20959.0;44.0;0.0;0.0;20961.0;65.0;0.0;0.0;0.0;0.0;20960.5;11998.0
1;30628.0;20960.0;70.0;0.0;0.0;0.0;0.0;20962.0;70.0;0.0;0.0;0.0;0.0;20961.0;11871.5
1;30629.0;20963.0;59.0;0.0;0.0;0.0;0.0;20965.0;59.0;0.0;0.0;0.0;0.0;20964.0;11065.0
1;30630.0;20963.0;67.0;0.0;0.0;0.0;0.0;20965.0;67.0;0.0;0.0;0.0;0.0;20964.0;11025.0
1;30631.0;20966.0;20.0;20965.0;48.0;0.0;0.0;20967.0;68.0;0.0;0.0;0.0;0.0;20966.5;10457.0
1;30632.0;20966.0;20.0;20965.0;46.0;0.0;0.0;20967.0;66.0;0.0;0.0;0.0;0.0;20966.5;10471.5
1;30633.0;20965.0;56.0;0.0;0.0;0.0;0.0;20967.0;56.0;0.0;0.0;0.0;0.0;20966.0;10543.0
1;30634.0;20968.0;26.0;20967.0;45.0;0.0;0.0;20969.0;71.0;0.0;0.0;0.0;0.0;20968.5;9875.0
1;30635.0;20964.0;73.0;0.0;0.0;0.0;0.0;20965.0;25.0;20966.0;48.0;0.0;0.0;20964.5;10899.0
1;30636.0;20957.0;79.0;0.0;0.0;0.0;0.0;20959.0;79.0;0.0;0.0;0.0;0.0;20958.0;12652.5
1;30637.0;20959.0;28.0;20958.0;46.0;0.0;0.0;20960.0;74.0;0.0;0.0;0.0;0.0;20959.5;12312.0
1;30638.0;20959.0;58.0;0.0;0.0;0.0;0.0;20960.0;21.0;20961.0;37.0;0.0;0.0;20959.5;12245.5
1;30639.0;20959.0;66.0;0.0;0.0;0.0;0.0;20960.0;17.0;20961.0;49.0;0.0;0.0;20959.5;12183.5
1;30640.0;20960.0;15.0;20959.0;47.0;0.0;0.0;20961.0;15.0;20962.0;47.0;0.0;0.0;20960.5;11987.0
1;30641.0;20962.0;28.0;20961.0;35.0;0.0;0.0;20963.0;63.0;0.0;0.0;0.0;0.0;20962.5;11525.5
1;30642.0;20960.0;51.0;0.0;0.0;0.0;0.0;20962.0;51.0;0.0;0.0;0.0;0.0;20961.0;11912.5
1;30643.0;20961.0;61.0;0.0;0.0;0.0;0.0;20963.0;61.0;0.0;0.0;0.0;0.0;20962.0;11571.0
1;30644.0;20962.0;68.0;0.0;0.0;0.0;0.0;20964.0;68.0;0.0;0.0;0.0;0.0;20963.0;11352.0
1;30645.0;20959.0;18.0;20958.0;43.0;0.0;0.0;20960.0;61.0;0.0;0.0;0.0;0.0;20959.5;12269.0
1;30646.0;20958.0;63.0;0.0;0.0;0.0;0.0;20960.0;63.0;0.0;0.0;0.0;0.0;20959.0;12410.0
1;30647.0;20959.0;61.0;0.0;0.0;0.0;0.0;20960.0;18.0;20961.0;43.0;0.0;0.0;20959.5;12222.0
1;30648.0;20957.0;23.0;20956.0;38.0;0.0;0.0;20958.0;61.0;0.0;0.0;0.0;0.0;20957.5;12859.0
1;30649.0;20959.0;66.0;0.0;0.0;0.0;0.0;20961.0;66.0;0.0;0.0;0.0;0.0;20960.0;12071.5
1;30650.0;20959.0;24.0;20958.0;32.0;0.0;0.0;20960.0;56.0;0.0;0.0;0.0;0.0;20959.5;12327.0
1;30651.0;20961.0;27.0;20960.0;38.0;0.0;0.0;20962.0;27.0;20963.0;38.0;0.0;0.0;20961.5;11723.5
1;30652.0;20965.0;59.0;0.0;0.0;0.0;0.0;20966.0;18.0;20967.0;41.0;0.0;0.0;20965.5;10613.0
1;30653.0;20961.0;24.0;20960.0;45.0;0.0;0.0;20962.0;69.0;0.0;0.0;0.0;0.0;20961.5;11781.0
1;30654.0;20957.0;20.0;20956.0;37.0;0.0;0.0;20958.0;57.0;0.0;0.0;0.0;0.0;20957.5;12830.0
1;30655.0;20958.0;70.0;0.0;0.0;0.0;0.0;20960.0;70.0;0.0;0.0;0.0;0.0;20959.0;12388.5
1;30656.0;20958.0;22.0;20957.0;41.0;0.0;0.0;20959.0;63.0;0.0;0.0;0.0;0.0;20958.5;12553.0
1;30657.0;20959.0;65.0;0.0;0.0;0.0;0.0;20961.0;65.0;0.0;0.0;0.0;0.0;20960.0;12166.0
1;30658.0;20964.0;66.0;0.0;0.0;0.0;0.0;20965.0;29.0;20966.0;37.0;0.0;0.0;20964.5;10832.0
1;30659.0;20963.0;24.0;20962.0;30.0;0.0;0.0;20964.0;54.0;0.0;0.0;0.0;0.0;20963.5;11224.5
1;30660.0;20965.0;56.0;0.0;0.0;0.0;0.0;20966.0;20.0;20967.0;36.0;0.0;0.0;20965.5;10564.0
1;30661.0;20964.0;57.0;0.0;0.0;0.0;0.0;20966.0;57.0;0.0;0.0;0.0;0.0;20965.0;10778.0
1;30662.0;20962.0;53.0;0.0;0.0;0.0;0.0;20964.0;53.0;0.0;0.0;0.0;0.0;20963.0;11295.0
1;30663.0;20964.0;28.0;20963.0;48.0;0.0;0.0;20965.0;76.0;0.0;0.0;0.0;0.0;20964.5;10935.0
1;30664.0;20964.0;59.0;0.0;0.0;0.0;0.0;20966.0;59.0;0.0;0.0;0.0;0.0;20965.0;10743.0
1;30665.0;20967.0;65.0;0.0;0.0;0.0;0.0;20969.0;65.0;0.0;0.0;0.0;0.0;20968.0;9907.5
1;30666.0;20968.0;56.0;0.0;0.0;0.0;0.0;20970.0;56.0;0.0;0.0;0.0;0.0;20969.0;9671.5
1;30667.0;20971.0;54.0;0.0;0.0;0.0;0.0;20972.0;21.0;20973.0;33.0;0.0;0.0;20971.5;8994.5
1;30668.0;20972.0;63.0;0.0;0.0;0.0;0.0;20974.0;63.0;0.0;0.0;0.0;0.0;20973.0;8591.0
1;30669.0;20967.0;47.0;0.0;0.0;0.0;0.0;20969.0;47.0;0.0;0.0;0.0;0.0;20968.0;9934.0
1;30670.0;20966.0;62.0;0.0;0.0;0.0;0.0;20968.0;62.0;0.0;0.0;0.0;0.0;20967.0;10223.5
1;30671.0;20965.0;71.0;0.0;0.0;0.0;0.0;20967.0;71.0;0.0;0.0;0.0;0.0;20966.0;10481.5
1;30672.0;20968.0;54.0;0.0;0.0;0.0;0.0;20969.0;19.0;20970.0;35.0;0.0;0.0;20968.5;9786.5
1;30673.0;20965.0;72.0;0.0;0.0;0.0;0.0;20966.0;28.0;20967.0;44.0;0.0;0.0;20965.5;10613.0
1;30674.0;20966.0;10.0;20965.0;66.0;0.0;0.0;20967.0;66.0;0.0;0.0;0.0;0.0;20966.5;10469.0
1;30675.0;20964.0;61.0;0.0;0.0;0.0;0.0;20966.0;61.0;0.0;0.0;0.0;0.0;20965.0;10795.5
1;30676.0;20959.0;72.0;0.0;0.0;0.0;0.0;20960.0;24.0;20961.0;48.0;0.0;0.0;20959.5;12223.5
1;30677.0;20958.0;58.0;0.0;0.0;0.0;0.0;20960.0;58.0;0.0;0.0;0.0;0.0;20959.0;12345.0
1;30678.0;20960.0;63.0;0.0;0.0;0.0;0.0;20962.0;63.0;0.0;0.0;0.0;0.0;20961.0;11847.0
1;30679.0;20959.0;65.0;0.0;0.0;0.0;0.0;20961.0;65.0;0.0;0.0;0.0;0.0;20960.0;12136.0
1;30680.0;20962.0;72.0;0.0;0.0;0.0;0.0;20963.0;27.0;20964.0;45.0;0.0;0.0;20962.5;11410.0
1;30681.0;20963.0;57.0;0.0;0.0;0.0;0.0;20964.0;20.0;20965.0;37.0;0.0;0.0;20963.5;11108.0
1;30682.0;20964.0;70.0;0.0;0.0;0.0;0.0;20965.0;23.0;20966.0;47.0;0.0;0.0;20964.5;10862.5
1;30683.0;20962.0;73.0;0.0;0.0;0.0;0.0;20964.0;73.0;0.0;0.0;0.0;0.0;20963.0;11265.0
1;30684.0;20962.0;55.0;0.0;0.0;0.0;0.0;20963.0;22.0;20964.0;33.0;0.0;0.0;20962.5;11394.0
1;30685.0;20963.0;63.0;0.0;0.0;0.0;0.0;20965.0;63.0;0.0;0.0;0.0;0.0;20964.0;11027.0
1;30686.0;20963.0;48.0;0.0;0.0;0.0;0.0;20965.0;48.0;0.0;0.0;0.0;0.0;20964.0;11009.5
1;30687.0;20960.0;57.0;0.0;0.0;0.0;0.0;20961.0;19.0;20962.0;38.0;0.0;0.0;20960.5;11979.0
1;30688.0;20959.0;65.0;0.0;0.0;0.0;0.0;20961.0;65.0;0.0;0.0;0.0;0.0;20960.0;12116.5
1;30689.0;20961.0;21.0;20960.0;33.0;0.0;0.0;20962.0;54.0;0.0;0.0;0.0;0.0;20961.5;11803.0
1;30690.0;20964.0;19.0;20963.0;43.0;0.0;0.0;20965.0;62.0;0.0;0.0;0.0;0.0;20964.5;10918.0
1;30691.0;20966.0;48.0;0.0;0.0;0.0;0.0;20968.0;48.0;0.0;0.0;0.0;0.0;20967.0;10256.0
1;30692.0;20963.0;58.0;0.0;0.0;0.0;0.0;20965.0;58.0;0.0;0.0;0.0;0.0;20964.0;11029.0
1;30693.0;20965.0;58.0;0.0;0.0;0.0;0.0;20967.0;58.0;0.0;0.0;0.0;0.0;20966.0;10481.0
1;30694.0;20961.0;16.0;20960.0;46.0;0.0;0.0;20962.0;62.0;0.0;0.0;0.0;0.0;20961.5;11747.0
1;30695.0;20959.0;61.0;0.0;0.0;0.0;0.0;20960.0;23.0;20961.0;38.0;0.0;0.0;20959.5;12266.0
1;30696.0;20956.0;63.0;0.0;0.0;0.0;0.0;20958.0;63.0;0.0;0.0;0.0;0.0;20957.0;12919.0
1;30697.0;20961.0;62.0;0.0;0.0;0.0;0.0;20962.0;19.0;20963.0;43.0;0.0;0.0;20961.5;11698.0
1;30698.0;20963.0;62.0;0.0;0.0;0.0;0.0;20964.0;27.0;20965.0;35.0;0.0;0.0;20963.5;11148.5
1;30699.0;20964.0;19.0;20963.0;41.0;0.0;0.0;20965.0;60.0;0.0;0.0;0.0;0.0;20964.5;10910.0
1;30700.0;20962.0;59.0;0.0;0.0;0.0;0.0;20963.0;25.0;20964.0;34.0;0.0;0.0;20962.5;11408.5
1;30701.0;20966.0;26.0;20965.0;50.0;0.0;0.0;20967.0;76.0;0.0;0.0;0.0;0.0;20966.5;10413.5
1;30702.0;20965.0;17.0;20964.0;40.0;0.0;0.0;20966.0;17.0;20967.0;40.0;0.0;0.0;20965.5;10610.5
1;30703.0;20966.0;64.0;0.0;0.0;0.0;0.0;20968.0;64.0;0.0;0.0;0.0;0.0;20967.0;10230.0
1;30704.0;20969.0;70.0;0.0;0.0;0.0;0.0;20971.0;70.0;0.0;0.0;0.0;0.0;20970.0;9337.5
1;30705.0;20969.0;21.0;20968.0;39.0;0.0;0.0;20970.0;60.0;0.0;0.0;0.0;0.0;20969.5;9577.0
1;30706.0;20970.0;72.0;0.0;0.0;0.0;0.0;20972.0;72.0;0.0;0.0;0.0;0.0;20971.0;9138.0
1;30707.0;20964.0;63.0;0.0;0.0;0.0;0.0;20966.0;63.0;0.0;0.0;0.0;0.0;20965.0;10730.0
1;30708.0;20966.0;61.0;0.0;0.0;0.0;0.0;20967.0;17.0;20968.0;44.0;0.0;0.0;20966.5;10260.0
1;30709.0;20961.0;61.0;0.0;0.0;0.0;0.0;20963.0;61.0;0.0;0.0;0.0;0.0;20962.0;11622.5
1;30710.0;20962.0;53.0;0.0;0.0;0.0;0.0;20964.0;53.0;0.0;0.0;0.0;0.0;20963.0;11285.5
1;30711.0;20963.0;49.0;0.0;0.0;0.0;0.0;20965.0;49.0;0.0;0.0;0.0;0.0;20964.0;11038.0
1;30712.0;20965.0;18.0;20964.0;38.0;0.0;0.0;20966.0;56.0;0.0;0.0;0.0;0.0;20965.5;10641.0
1;30713.0;20971.0;69.0;0.0;0.0;0.0;0.0;20973.0;69.0;0.0;0.0;0.0;0.0;20972.0;8740.5
1;30714.0;20964.0;71.0;0.0;0.0;0.0;0.0;20966.0;71.0;0.0;0.0;0.0;0.0;20965.0;10768.5
1;30715.0;20966.0;17.0;20965.0;34.0;0.0;0.0;20967.0;51.0;0.0;0.0;0.0;0.0;20966.5;10385.5
1;30716.0;20964.0;64.0;0.0;0.0;0.0;0.0;20966.0;64.0;0.0;0.0;0.0;0.0;20965.0;10701.0
1;30717.0;20967.0;22.0;20966.0;37.0;0.0;0.0;20968.0;59.0;0.0;0.0;0.0;0.0;20967.5;10073.0
1;30718.0;20968.0;21.0;20967.0;40.0;0.0;0.0;20969.0;61.0;0.0;0.0;0.0;0.0;20968.5;9806.5
1;30719.0;20968.0;63.0;0.0;0.0;0.0;0.0;20969.0;19.0;20970.0;44.0;0.0;0.0;20968.5;9709.5
1;30720.0;20967.0;18.0;20966.0;46.0;0.0;0.0;20968.0;64.0;0.0;0.0;0.0;0.0;20967.5;10110.0
1;30721.0;20965.0;27.0;20964.0;49.0;0.0;0.0;20966.0;76.0;0.0;0.0;0.0;0.0;20965.5;10679.5
1;30722.0;20966.0;17.0;20965.0;48.0;0.0;0.0;20967.0;65.0;0.0;0.0;0.0;0.0;20966.5;10377.5
1;30723.0;20961.0;71.0;0.0;0.0;0.0;0.0;20963.0;71.0;0.0;0.0;0.0;0.0;20962.0;11599.0
1;30724.0;20964.0;71.0;0.0;0.0;0.0;0.0;20966.0;71.0;0.0;0.0;0.0;0.0;20965.0;10708.0
1;30725.0;20963.0;17.0;20962.0;35.0;0.0;0.0;20964.0;17.0;20965.0;35.0;0.0;0.0;20963.5;11164.5
1;30726.0;20964.0;67.0;0.0;0.0;0.0;0.0;20966.0;67.0;0.0;0.0;0.0;0.0;20965.0;10774.0
1;30727.0;20961.0;30.0;20960.0;35.0;0.0;0.0;20962.0;30.0;20963.0;35.0;0.0;0.0;20961.5;11728.0
1;30728.0;20962.0;66.0;0.0;0.0;0.0;0.0;20964.0;66.0;0.0;0.0;0.0;0.0;20963.0;11337.0
1;30729.0;20962.0;17.0;20961.0;32.0;0.0;0.0;20963.0;49.0;0.0;0.0;0.0;0.0;20962.5;11511.0
1;30730.0;20964.0;60.0;0.0;0.0;0.0;0.0;20965.0;22.0;20966.0;38.0;0.0;0.0;20964.5;10862.0
1;30731.0;20967.0;57.0;0.0;0.0;0.0;0.0;20969.0;57.0;0.0;0.0;0.0;0.0;20968.0;9842.0
1;30732.0;20966.0;52.0;0.0;0.0;0.0;0.0;20967.0;19.0;20968.0;33.0;0.0;0.0;20966.5;10268.5
1;30733.0;20966.0;48.0;0.0;0.0;0.0;0.0;20968.0;48.0;0.0;0.0;0.0;0.0;20967.0;10164.5
1;30734.0;20967.0;51.0;0.0;0.0;0.0;0.0;20969.0;51.0;0.0;0.0;0.0;0.0;20968.0;9947.0
1;30735.0;20971.0;69.0;0.0;0.0;0.0;0.0;20973.0;69.0;0.0;0.0;0.0;0.0;20972.0;8736.5
1;30736.0;20968.0;23.0;20967.0;44.0;0.0;0.0;20969.0;67.0;0.0;0.0;0.0;0.0;20968.5;9779.0
1;30737.0;20969.0;66.0;0.0;0.0;0.0;0.0;20971.0;66.0;0.0;0.0;0.0;0.0;20970.0;9272.0
1;30738.0;20970.0;26.0;20969.0;36.0;0.0;0.0;20971.0;62.0;0.0;0.0;0.0;0.0;20970.5;9267.5
1;30739.0;20966.0;55.0;0.0;0.0;0.0;0.0;20968.0;55.0;0.0;0.0;0.0;0.0;20967.0;10231.0
1;30740.0;20965.0;74.0;0.0;0.0;0.0;0.0;20967.0;74.0;0.0;0.0;0.0;0.0;20966.0;10480.0
1;30741.0;20963.0;73.0;0.0;0.0;0.0;0.0;20965.0;73.0;0.0;0.0;0.0;0.0;20964.0;11005.5
1;30742.0;20967.0;19.0;20966.0;48.0;0.0;0.0;20968.0;67.0;0.0;0.0;0.0;0.0;20967.5;10078.0
1;30743.0;20964.0;51.0;0.0;0.0;0.0;0.0;20965.0;15.0;20966.0;36.0;0.0;0.0;20964.5;10826.5
1;30744.0;20967.0;58.0;0.0;0.0;0.0;0.0;20968.0;20.0;20969.0;38.0;0.0;0.0;20967.5;9968.5
1;30745.0;20966.0;25.0;20965.0;40.0;0.0;0.0;20967.0;25.0;20968.0;40.0;0.0;0.0;20966.5;10320.0
1;30746.0;20968.0;62.0;0.0;0.0;0.0;0.0;20969.0;16.0;20970.0;46.0;0.0;0.0;20968.5;9738.5
1;30747.0;20963.0;67.0;0.0;0.0;0.0;0.0;20964.0;18.0;20965.0;49.0;0.0;0.0;20963.5;11111.5
1;30748.0;20961.0;77.0;0.0;0.0;0.0;0.0;20962.0;29.0;20963.0;48.0;0.0;0.0;20961.5;11718.5
1;30749.0;20961.0;74.0;0.0;0.0;0.0;0.0;20963.0;74.0;0.0;0.0;0.0;0.0;20962.0;11557.5
1;30750.0;20959.0;61.0;0.0;0.0;0.0;0.0;20960.0;24.0;20961.0;37.0;0.0;0.0;20959.5;12290.0
1;30751.0;20954.0;65.0;0.0;0.0;0.0;0.0;20955.0;3.0;20956.0;65.0;0.0;0.0;20954.5;13554.0
1;30752.0;20955.0;25.0;20954.0;43.0;0.0;0.0;20956.0;68.0;0.0;0.0;0.0;0.0;20955.5;13510.0
1;30753.0;20957.0;73.0;0.0;0.0;0.0;0.0;20958.0;23.0;20959.0;50.0;0.0;0.0;20957.5;12829.0
1;30754.0;20957.0;48.0;0.0;0.0;0.0;0.0;20959.0;48.0;0.0;0.0;0.0;0.0;20958.0;12792.5
1;30755.0;20957.0;25.0;20956.0;49.0;0.0;0.0;20958.0;74.0;0.0;0.0;0.0;0.0;20957.5;12941.0
1;30756.0;20958.0;60.0;0.0;0.0;0.0;0.0;20959.0;16.0;20960.0;44.0;0.0;0.0;20958.5;12573.5
1;30757.0;20957.0;19.0;20956.0;44.0;0.0;0.0;20958.0;63.0;0.0;0.0;0.0;0.0;20957.5;12901.0
1;30758.0;20959.0;64.0;0.0;0.0;0.0;0.0;20961.0;64.0;0.0;0.0;0.0;0.0;20960.0;12085.0
1;30759.0;20963.0;25.0;20962.0;35.0;0.0;0.0;20964.0;25.0;20965.0;35.0;0.0;0.0;20963.5;11117.5
1;30760.0;20959.0;57.0;0.0;0.0;0.0;0.0;20961.0;57.0;0.0;0.0;0.0;0.0;20960.0;12171.5
1;30761.0;20962.0;51.0;0.0;0.0;0.0;0.0;20964.0;51.0;0.0;0.0;0.0;0.0;20963.0;11252.0
1;30762.0;20964.0;69.0;0.0;0.0;0.0;0.0;20966.0;69.0;0.0;0.0;0.0;0.0;20965.0;10642.0
1;30763.0;20965.0;54.0;0.0;0.0;0.0;0.0;20967.0;54.0;0.0;0.0;0.0;0.0;20966.0;10365.5
1;30764.0;20967.0;52.0;0.0;0.0;0.0;0.0;20969.0;52.0;0.0;0.0;0.0;0.0;20968.0;9747.0
1;30765.0;20972.0;30.0;20971.0;42.0;0.0;0.0;20973.0;72.0;0.0;0.0;0.0;0.0;20972.5;8497.5
1;30766.0;20977.0;66.0;0.0;0.0;0.0;0.0;20979.0;66.0;0.0;0.0;0.0;0.0;20978.0;6826.0
1;30767.0;20982.0;66.0;0.0;0.0;0.0;0.0;20984.0;66.0;0.0;0.0;0.0;0.0;20983.0;5409.5
1;30768.0;20982.0;24.0;20981.0;47.0;0.0;0.0;20983.0;71.0;0.0;0.0;0.0;0.0;20982.5;5579.0
1;30769.0;20986.0;24.0;20985.0;43.0;0.0;0.0;20987.0;67.0;0.0;0.0;0.0;0.0;20986.5;4400.0
1;30770.0;20981.0;61.0;0.0;0.0;0.0;0.0;20982.0;27.0;20983.0;34.0;0.0;0.0;20981.5;5782.0
1;30771.0;20984.0;26.0;20983.0;31.0;0.0;0.0;20985.0;57.0;0.0;0.0;0.0;0.0;20984.5;4974.5
1;30772.0;20986.0;54.0;0.0;0.0;0.0;0.0;20987.0;19.0;20988.0;35.0;0.0;0.0;20986.5;4330.5
1;30773.0;20989.0;67.0;0.0;0.0;0.0;0.0;20990.0;30.0;20991.0;37.0;0.0;0.0;20989.5;3451.5
1;30774.0;20987.0;20.0;20986.0;36.0;0.0;0.0;20988.0;56.0;0.0;0.0;0.0;0.0;20987.5;4168.5
1;30775.0;20991.0;57.0;0.0;0.0;0.0;0.0;20992.0;18.0;20993.0;39.0;0.0;0.0;20991.5;2894.5
1;30776.0;20995.0;26.0;20994.0;49.0;0.0;0.0;20996.0;75.0;0.0;0.0;0.0;0.0;20995.5;1758.5
1;30777.0;20996.0;30.0;20995.0;48.0;0.0;0.0;20997.0;78.0;0.0;0.0;0.0;0.0;20996.5;1532.5
1;30778.0;20992.0;25.0;20991.0;30.0;0.0;0.0;20993.0;55.0;0.0;0.0;0.0;0.0;20992.5;2702.5
1;30779.0;20993.0;25.0;20992.0;36.0;0.0;0.0;20994.0;61.0;0.0;0.0;0.0;0.0;20993.5;2372.5
1;30780.0;20990.0;50.0;0.0;0.0;0.0;0.0;20992.0;50.0;0.0;0.0;0.0;0.0;20991.0;3051.0
1;30781.0;20986.0;74.0;0.0;0.0;0.0;0.0;20987.0;25.0;20988.0;49.0;0.0;0.0;20986.5;4344.5
1;30782.0;20984.0;68.0;0.0;0.0;0.0;0.0;20985.0;18.0;20986.0;50.0;0.0;0.0;20984.5;4912.5
1;30783.0;20991.0;66.0;0.0;0.0;0.0;0.0;20992.0;26.0;20993.0;40.0;0.0;0.0;20991.5;2857.5
1;30784.0;20987.0;53.0;0.0;0.0;0.0;0.0;20988.0;21.0;20989.0;32.0;0.0;0.0;20987.5;4080.5
1;30785.0;20986.0;65.0;0.0;0.0;0.0;0.0;20987.0;18.0;20988.0;47.0;0.0;0.0;20986.5;4344.5
1;30786.0;20987.0;21.0;20986.0;49.0;0.0;0.0;20988.0;70.0;0.0;0.0;0.0;0.0;20987.5;4148.0
1;30787.0;20989.0;70.0;0.0;0.0;0.0;0.0;20991.0;70.0;0.0;0.0;0.0;0.0;20990.0;3299.5
1;30788.0;20987.0;23.0;20986.0;34.0;0.0;0.0;20988.0;57.0;0.0;0.0;0.0;0.0;20987.5;4146.5
1;30789.0;20984.0;56.0;0.0;0.0;0.0;0.0;20985.0;23.0;20986.0;33.0;0.0;0.0;20984.5;4983.5
1;30790.0;20986.0;68.0;0.0;0.0;0.0;0.0;20988.0;68.0;0.0;0.0;0.0;0.0;20987.0;4195.5
1;30791.0;20987.0;59.0;0.0;0.0;0.0;0.0;20989.0;59.0;0.0;0.0;0.0;0.0;20988.0;3948.0
1;30792.0;20991.0;59.0;0.0;0.0;0.0;0.0;20992.0;23.0;20993.0;36.0;0.0;0.0;20991.5;2852.0
1;30793.0;20988.0;21.0;20987.0;42.0;0.0;0.0;20989.0;63.0;0.0;0.0;0.0;0.0;20988.5;3890.5
1;30794.0;20987.0;61.0;0.0;0.0;0.0;0.0;20989.0;61.0;0.0;0.0;0.0;0.0;20988.0;3985.0
1;30795.0;20990.0;56.0;0.0;0.0;0.0;0.0;20991.0;17.0;20992.0;39.0;0.0;0.0;20990.5;3153.0
1;30796.0;20990.0;66.0;0.0;0.0;0.0;0.0;20992.0;66.0;0.0;0.0;0.0;0.0;20991.0;3044.0
1;30797.0;20987.0;66.0;0.0;0.0;0.0;0.0;20988.0;24.0;20989.0;42.0;0.0;0.0;20987.5;4056.0
1;30798.0;20987.0;63.0;0.0;0.0;0.0;0.0;20988.0;6.0;20989.0;63.0;0.0;0.0;20987.5;3951.0
1;30799.0;20982.0;59.0;0.0;0.0;0.0;0.0;20983.0;27.0;20984.0;32.0;0.0;0.0;20982.5;5655.5
1;30800.0;20980.0;18.0;20979.0;46.0;0.0;0.0;20981.0;64.0;0.0;0.0;0.0;0.0;20980.5;6352.0
1;30801.0;20982.0;62.0;0.0;0.0;0.0;0.0;20983.0;17.0;20984.0;45.0;0.0;0.0;20982.5;5669.0
1;30802.0;20984.0;66.0;0.0;0.0;0.0;0.0;20986.0;66.0;0.0;0.0;0.0;0.0;20985.0;4873.5
1;30803.0;20986.0;22.0;20985.0;32.0;0.0;0.0;20987.0;54.0;0.0;0.0;0.0;0.0;20986.5;4521.0
1;30804.0;20987.0;72.0;0.0;0.0;0.0;0.0;20989.0;72.0;0.0;0.0;0.0;0.0;20988.0;3910.0
1;30805.0;20983.0;60.0;0.0;0.0;0.0;0.0;20984.0;27.0;20985.0;33.0;0.0;0.0;20983.5;5284.0
1;30806.0;20981.0;51.0;0.0;0.0;0.0;0.0;20983.0;51.0;0.0;0.0;0.0;0.0;20982.0;5887.5
1;30807.0;20984.0;55.0;0.0;0.0;0.0;0.0;20986.0;55.0;0.0;0.0;0.0;0.0;20985.0;4961.5
1;30808.0;20991.0;28.0;20990.0;41.0;0.0;0.0;20992.0;69.0;0.0;0.0;0.0;0.0;20991.5;2909.5
1;30809.0;20992.0;47.0;0.0;0.0;0.0;0.0;20993.0;16.0;20994.0;31.0;0.0;0.0;20992.5;2517.0
1;30810.0;20989.0;59.0;0.0;0.0;0.0;0.0;20991.0;59.0;0.0;0.0;0.0;0.0;20990.0;3362.0
1;30811.0;20986.0;74.0;0.0;0.0;0.0;0.0;20988.0;74.0;0.0;0.0;0.0;0.0;20987.0;4244.5
1;30812.0;20990.0;55.0;0.0;0.0;0.0;0.0;20991.0;22.0;20992.0;33.0;0.0;0.0;20990.5;3174.5
1;30813.0;20993.0;65.0;0.0;0.0;0.0;0.0;20994.0;24.0;20995.0;41.0;0.0;0.0;20993.5;2207.5
1;30814.0;20989.0;71.0;0.0;0.0;0.0;0.0;20991.0;71.0;0.0;0.0;0.0;0.0;20990.0;3322.0
1;30815.0;20990.0;16.0;20989.0;40.0;0.0;0.0;20991.0;56.0;0.0;0.0;0.0;0.0;20990.5;3210.5
1;30816.0;20994.0;15.0;20993.0;35.0;0.0;0.0;20995.0;50.0;0.0;0.0;0.0;0.0;20994.5;1967.0
1;30817.0;20998.0;19.0;20997.0;50.0;0.0;0.0;20999.0;69.0;0.0;0.0;0.0;0.0;20998.5;703.5
1;30818.0;20996.0;62.0;0.0;0.0;0.0;0.0;20998.0;62.0;0.0;0.0;0.0;0.0;20997.0;1190.0
1;30819.0;20996.0;28.0;20995.0;31.0;0.0;0.0;20997.0;59.0;0.0;0.0;0.0;0.0;20996.5;1364.5
1;30820.0;20997.0;63.0;0.0;0.0;0.0;0.0;20998.0;20.0;20999.0;43.0;0.0;0.0;20997.5;954.0
1;30821.0;20994.0;23.0;20993.0;41.0;0.0;0.0;20995.0;64.0;0.0;0.0;0.0;0.0;20994.5;1963.0
1;30822.0;20989.0;72.0;0.0;0.0;0.0;0.0;20990.0;26.0;20991.0;46.0;0.0;0.0;20989.5;3454.5
1;30823.0;20987.0;60.0;0.0;0.0;0.0;0.0;20988.0;26.0;20989.0;34.0;0.0;0.0;20987.5;4088.0
1;30824.0;20990.0;70.0;0.0;0.0;0.0;0.0;20992.0;70.0;0.0;0.0;0.0;0.0;20991.0;3003.5
1;30825.0;20994.0;28.0;20993.0;31.0;0.0;0.0;20995.0;59.0;0.0;0.0;0.0;0.0;20994.5;2029.5
1;30826.0;20995.0;68.0;0.0;0.0;0.0;0.0;20996.0;20.0;20997.0;48.0;0.0;0.0;20995.5;1612.0
1;30827.0;20991.0;64.0;0.0;0.0;0.0;0.0;20993.0;64.0;0.0;0.0;0.0;0.0;20992.0;2698.0
1;30828.0;20986.0;21.0;20985.0;36.0;0.0;0.0;20987.0;57.0;0.0;0.0;0.0;0.0;20986.5;4508.5
1;30829.0;20983.0;23.0;20982.0;30.0;0.0;0.0;20984.0;53.0;0.0;0.0;0.0;0.0;20983.5;5483.0
1;30830.0;20983.0;29.0;20982.0;39.0;0.0;0.0;20984.0;68.0;0.0;0.0;0.0;0.0;20983.5;5483.5
1;30831.0;20985.0;75.0;0.0;0.0;0.0;0.0;20987.0;75.0;0.0;0.0;0.0;0.0;20986.0;4585.0
1;30832.0;20983.0;30.0;20982.0;45.0;0.0;0.0;20984.0;75.0;0.0;0.0;0.0;0.0;20983.5;5436.0
1;30833.0;20983.0;20.0;20982.0;43.0;0.0;0.0;20984.0;63.0;0.0;0.0;0.0;0.0;20983.5;5419.0
1;30834.0;20977.0;67.0;0.0;0.0;0.0;0.0;20979.0;67.0;0.0;0.0;0.0;0.0;20978.0;7109.0
1;30835.0;20971.0;71.0;0.0;0.0;0.0;0.0;20972.0;30.0;20973.0;41.0;0.0;0.0;20971.5;9091.0
1;30836.0;20971.0;5.0;20970.0;47.0;0.0;0.0;20972.0;15.0;20973.0;47.0;0.0;0.0;20971.5;9157.5
1;30837.0;20967.0;68.0;0.0;0.0;0.0;0.0;20969.0;68.0;0.0;0.0;0.0;0.0;20968.0;10348.5
1;30838.0;20964.0;72.0;0.0;0.0;0.0;0.0;20965.0;23.0;20966.0;49.0;0.0;0.0;20964.5;11403.0
1;30839.0;20957.0;64.0;0.0;0.0;0.0;0.0;20958.0;17.0;20959.0;47.0;0.0;0.0;20957.5;13621.5
1;30840.0;20959.0;55.0;0.0;0.0;0.0;0.0;20961.0;55.0;0.0;0.0;0.0;0.0;20960.0;12950.5
1;30841.0;20954.0;22.0;20953.0;47.0;0.0;0.0;20955.0;69.0;0.0;0.0;0.0;0.0;20954.5;14736.0
1;30842.0;20954.0;4.0;20953.0;71.0;0.0;0.0;20955.0;71.0;0.0;0.0;0.0;0.0;20954.5;14818.5
1;30843.0;20949.0;21.0;20948.0;50.0;0.0;0.0;20950.0;71.0;0.0;0.0;0.0;0.0;20949.5;16338.0
1;30844.0;20947.0;61.0;0.0;0.0;0.0;0.0;20949.0;61.0;0.0;0.0;0.0;0.0;20948.0;16816.5
1;30845.0;20951.0;17.0;20950.0;43.0;0.0;0.0;20952.0;60.0;0.0;0.0;0.0;0.0;20951.5;15681.0
1;30846.0;20951.0;60.0;0.0;0.0;0.0;0.0;20952.0;27.0;20953.0;33.0;0.0;0.0;20951.5;15579.5
1;30847.0;20951.0;60.0;0.0;0.0;0.0;0.0;20952.0;23.0;20953.0;37.0;0.0;0.0;20951.5;15594.5
1;30848.0;20953.0;49.0;0.0;0.0;0.0;0.0;20955.0;49.0;0.0;0.0;0.0;0.0;20954.0;14882.0
1;30849.0;20954.0;49.0;0.0;0.0;0.0;0.0;20956.0;49.0;0.0;0.0;0.0;0.0;20955.0;14508.5
1;30850.0;20958.0;59.0;0.0;0.0;0.0;0.0;20959.0;25.0;20960.0;34.0;0.0;0.0;20958.5;13328.5
1;30851.0;20953.0;64.0;0.0;0.0;0.0;0.0;20955.0;64.0;0.0;0.0;0.0;0.0;20954.0;14824.5
1;30852.0;20957.0;52.0;0.0;0.0;0.0;0.0;20958.0;15.0;20959.0;37.0;0.0;0.0;20957.5;13669.5
1;30853.0;20957.0;27.0;20956.0;34.0;0.0;0.0;20958.0;61.0;0.0;0.0;0.0;0.0;20957.5;13726.0
1;30854.0;20953.0;49.0;0.0;0.0;0.0;0.0;20955.0;49.0;0.0;0.0;0.0;0.0;20954.0;14819.5
1;30855.0;20955.0;17.0;20954.0;40.0;0.0;0.0;20956.0;57.0;0.0;0.0;0.0;0.0;20955.5;14370.5
1;30856.0;20956.0;60.0;0.0;0.0;0.0;0.0;20957.0;20.0;20958.0;40.0;0.0;0.0;20956.5;13978.5
1;30857.0;20956.0;27.0;20955.0;33.0;0.0;0.0;20957.0;60.0;0.0;0.0;0.0;0.0;20956.5;14096.5
1;30858.0;20958.0;23.0;20957.0;33.0;0.0;0.0;20959.0;56.0;0.0;0.0;0.0;0.0;20958.5;13400.0
1;30859.0;20954.0;27.0;20953.0;46.0;0.0;0.0;20955.0;73.0;0.0;0.0;0.0;0.0;20954.5;14739.0
1;30860.0;20948.0;65.0;0.0;0.0;0.0;0.0;20950.0;65.0;0.0;0.0;0.0;0.0;20949.0;16401.5
1;30861.0;20946.0;52.0;0.0;0.0;0.0;0.0;20948.0;52.0;0.0;0.0;0.0;0.0;20947.0;17062.5
1;30862.0;20949.0;71.0;0.0;0.0;0.0;0.0;20951.0;71.0;0.0;0.0;0.0;0.0;20950.0;16137.5
1;30863.0;20951.0;20.0;20950.0;41.0;0.0;0.0;20952.0;61.0;0.0;0.0;0.0;0.0;20951.5;15735.5
1;30864.0;20950.0;54.0;0.0;0.0;0.0;0.0;20952.0;54.0;0.0;0.0;0.0;0.0;20951.0;15826.0
1;30865.0;20948.0;74.0;0.0;0.0;0.0;0.0;20950.0;74.0;0.0;0.0;0.0;0.0;20949.0;16510.0
1;30866.0;20948.0;53.0;0.0;0.0;0.0;0.0;20949.0;22.0;20950.0;31.0;0.0;0.0;20948.5;16606.5
1;30867.0;20951.0;58.0;0.0;0.0;0.0;0.0;20952.0;24.0;20953.0;34.0;0.0;0.0;20951.5;15588.5
1;30868.0;20949.0;63.0;0.0;0.0;0.0;0.0;20950.0;21.0;20951.0;42.0;0.0;0.0;20949.5;16198.5
1;30869.0;20947.0;78.0;0.0;0.0;0.0;0.0;20949.0;78.0;0.0;0.0;0.0;0.0;20948.0;16835.0
1;30870.0;20948.0;71.0;0.0;0.0;0.0;0.0;20950.0;71.0;0.0;0.0;0.0;0.0;20949.0;16498.5
1;30871.0;20950.0;29.0;20949.0;32.0;0.0;0.0;20951.0;29.0;20952.0;32.0;0.0;0.0;20950.5;15955.0
1;30872.0;20950.0;53.0;0.0;0.0;0.0;0.0;20951.0;18.0;20952.0;35.0;0.0;0.0;20950.5;15889.5
1;30873.0;20954.0;68.0;0.0;0.0;0.0;0.0;20955.0;24.0;20956.0;44.0;0.0;0.0;20954.5;14589.5
1;30874.0;20954.0;71.0;0.0;0.0;0.0;0.0;20956.0;71.0;0.0;0.0;0.0;0.0;20955.0;14455.5
1;30875.0;20951.0;61.0;0.0;0.0;0.0;0.0;20953.0;61.0;0.0;0.0;0.0;0.0;20952.0;15429.5
1;30876.0;20945.0;57.0;0.0;0.0;0.0;0.0;20946.0;17.0;20947.0;40.0;0.0;0.0;20945.5;17567.0
1;30877.0;20948.0;72.0;0.0;0.0;0.0;0.0;20950.0;72.0;0.0;0.0;0.0;0.0;20949.0;16498.5
1;30878.0;20948.0;26.0;20947.0;30.0;0.0;0.0;20949.0;56.0;0.0;0.0;0.0;0.0;20948.5;16695.5
1;30879.0;20948.0;56.0;0.0;0.0;0.0;0.0;20950.0;56.0;0.0;0.0;0.0;0.0;20949.0;16421.0
1;30880.0;20950.0;28.0;20949.0;47.0;0.0;0.0;20951.0;75.0;0.0;0.0;0.0;0.0;20950.5;16019.5
1;30881.0;20953.0;70.0;0.0;0.0;0.0;0.0;20955.0;70.0;0.0;0.0;0.0;0.0;20954.0;14760.0
1;30882.0;20956.0;57.0;0.0;0.0;0.0;0.0;20958.0;57.0;0.0;0.0;0.0;0.0;20957.0;13787.0
1;30883.0;20959.0;58.0;0.0;0.0;0.0;0.0;20961.0;67.0;0.0;0.0;0.0;0.0;20960.0;12846.5
1;30884.0;20960.0;52.0;0.0;0.0;0.0;0.0;20961.0;18.0;20962.0;34.0;0.0;0.0;20960.5;12576.5
1;30885.0;20959.0;75.0;0.0;0.0;0.0;0.0;20961.0;75.0;0.0;0.0;0.0;0.0;20960.0;12800.0
1;30886.0;20960.0;66.0;0.0;0.0;0.0;0.0;20962.0;66.0;0.0;0.0;0.0;0.0;20961.0;12535.0
1;30887.0;20958.0;27.0;20957.0;50.0;0.0;0.0;20959.0;27.0;20960.0;50.0;0.0;0.0;20958.5;13330.5
1;30888.0;20959.0;74.0;0.0;0.0;0.0;0.0;20960.0;29.0;20961.0;45.0;0.0;0.0;20959.5;12962.0
1;30889.0;20962.0;59.0;0.0;0.0;0.0;0.0;20963.0;26.0;20964.0;33.0;0.0;0.0;20962.5;11902.0
1;30890.0;20964.0;76.0;0.0;0.0;0.0;0.0;20966.0;76.0;0.0;0.0;0.0;0.0;20965.0;11182.0
1;30891.0;20965.0;22.0;20964.0;39.0;0.0;0.0;20966.0;61.0;0.0;0.0;0.0;0.0;20965.5;11019.0
1;30892.0;20962.0;65.0;0.0;0.0;0.0;0.0;20964.0;65.0;0.0;0.0;0.0;0.0;20963.0;11861.5
1;30893.0;20960.0;21.0;20959.0;40.0;0.0;0.0;20961.0;61.0;0.0;0.0;0.0;0.0;20960.5;12710.5
1;30894.0;20958.0;30.0;20957.0;39.0;0.0;0.0;20959.0;69.0;0.0;0.0;0.0;0.0;20958.5;13405.5
1;30895.0;20956.0;73.0;0.0;0.0;0.0;0.0;20958.0;73.0;0.0;0.0;0.0;0.0;20957.0;13787.0
1;30896.0;20958.0;26.0;20957.0;43.0;0.0;0.0;20959.0;26.0;20960.0;43.0;0.0;0.0;20958.5;13337.5
1;30897.0;20959.0;75.0;0.0;0.0;0.0;0.0;20961.0;75.0;0.0;0.0;0.0;0.0;20960.0;12843.0
1;30898.0;20961.0;56.0;0.0;0.0;0.0;0.0;20962.0;23.0;20963.0;33.0;0.0;0.0;20961.5;12266.0
1;30899.0;20964.0;63.0;0.0;0.0;0.0;0.0;20965.0;29.0;20966.0;34.0;0.0;0.0;20964.5;11262.0
1;30900.0;20961.0;55.0;0.0;0.0;0.0;0.0;20963.0;55.0;0.0;0.0;0.0;0.0;20962.0;12205.0
1;30901.0;20961.0;15.0;20960.0;36.0;0.0;0.0;20962.0;51.0;0.0;0.0;0.0;0.0;20961.5;12399.5
1;30902.0;20962.0;78.0;0.0;0.0;0.0;0.0;20964.0;78.0;0.0;0.0;0.0;0.0;20963.0;11869.0
1;30903.0;20964.0;63.0;0.0;0.0;0.0;0.0;20966.0;63.0;0.0;0.0;0.0;0.0;20965.0;11078.5
1;30904.0;20963.0;22.0;20962.0;39.0;0.0;0.0;20964.0;61.0;0.0;0.0;0.0;0.0;20963.5;11727.5
1;30905.0;20961.0;15.0;20960.0;39.0;0.0;0.0;20962.0;54.0;0.0;0.0;0.0;0.0;20961.5;12399.5
1;30906.0;20964.0;73.0;0.0;0.0;0.0;0.0;20965.0;26.0;20966.0;47.0;0.0;0.0;20964.5;11268.5
1;30907.0;20966.0;65.0;0.0;0.0;0.0;0.0;20967.0;20.0;20968.0;45.0;0.0;0.0;20966.5;10586.5
1;30908.0;20967.0;63.0;0.0;0.0;0.0;0.0;20969.0;63.0;0.0;0.0;0.0;0.0;20968.0;10136.0
1;30909.0;20966.0;77.0;0.0;0.0;0.0;0.0;20968.0;77.0;0.0;0.0;0.0;0.0;20967.0;10401.0
1;30910.0;20964.0;16.0;20963.0;46.0;0.0;0.0;20965.0;62.0;0.0;0.0;0.0;0.0;20964.5;11323.0
1;30911.0;20964.0;28.0;20963.0;38.0;0.0;0.0;20965.0;66.0;0.0;0.0;0.0;0.0;20964.5;11338.5
1;30912.0;20965.0;30.0;20964.0;40.0;0.0;0.0;20966.0;70.0;0.0;0.0;0.0;0.0;20965.5;11022.5
1;30913.0;20966.0;62.0;0.0;0.0;0.0;0.0;20968.0;62.0;0.0;0.0;0.0;0.0;20967.0;10519.0
1;30914.0;20969.0;30.0;20968.0;48.0;0.0;0.0;20970.0;78.0;0.0;0.0;0.0;0.0;20969.5;9654.5
1;30915.0;20969.0;51.0;0.0;0.0;0.0;0.0;20970.0;20.0;20971.0;31.0;0.0;0.0;20969.5;9530.5
1;30916.0;20973.0;18.0;20972.0;50.0;0.0;0.0;20974.0;68.0;0.0;0.0;0.0;0.0;20973.5;8283.0
1;30917.0;20972.0;27.0;20971.0;41.0;0.0;0.0;20973.0;68.0;0.0;0.0;0.0;0.0;20972.5;8601.0
1;30918.0;20973.0;17.0;20972.0;41.0;0.0;0.0;20974.0;58.0;0.0;0.0;0.0;0.0;20973.5;8251.0
1;30919.0;20973.0;67.0;0.0;0.0;0.0;0.0;20974.0;17.0;20975.0;50.0;0.0;0.0;20973.5;8172.0
1;30920.0;20968.0;73.0;0.0;0.0;0.0;0.0;20969.0;30.0;20970.0;43.0;0.0;0.0;20968.5;9934.0
1;30921.0;20964.0;56.0;0.0;0.0;0.0;0.0;20966.0;56.0;0.0;0.0;0.0;0.0;20965.0;11217.5
1;30922.0;20963.0;28.0;20962.0;34.0;0.0;0.0;20964.0;62.0;0.0;0.0;0.0;0.0;20963.5;11731.0
1;30923.0;20963.0;66.0;0.0;0.0;0.0;0.0;20964.0;25.0;20965.0;41.0;0.0;0.0;20963.5;11575.0
1;30924.0;20964.0;74.0;0.0;0.0;0.0;0.0;20965.0;29.0;20966.0;45.0;0.0;0.0;20964.5;11241.5
1;30925.0;20968.0;20.0;20967.0;36.0;0.0;0.0;20969.0;56.0;0.0;0.0;0.0;0.0;20968.5;9968.0
1;30926.0;20968.0;27.0;20967.0;37.0;0.0;0.0;20969.0;64.0;0.0;0.0;0.0;0.0;20968.5;9978.0
1;30927.0;20967.0;21.0;20966.0;45.0;0.0;0.0;20968.0;21.0;20969.0;45.0;0.0;0.0;20967.5;10299.5
1;30928.0;20968.0;26.0;20967.0;37.0;0.0;0.0;20969.0;63.0;0.0;0.0;0.0;0.0;20968.5;9977.0
1;30929.0;20964.0;64.0;0.0;0.0;0.0;0.0;20966.0;70.0;0.0;0.0;0.0;0.0;20965.0;11180.0
1;30930.0;20964.0;20.0;20963.0;48.0;0.0;0.0;20965.0;68.0;0.0;0.0;0.0;0.0;20964.5;11375.0
1;30931.0;20961.0;20.0;20960.0;35.0;0.0;0.0;20962.0;55.0;0.0;0.0;0.0;0.0;20961.5;12399.0
1;30932.0;20961.0;73.0;0.0;0.0;0.0;0.0;20962.0;25.0;20963.0;48.0;0.0;0.0;20961.5;12344.5
1;30933.0;20959.0;57.0;0.0;0.0;0.0;0.0;20960.0;26.0;20961.0;31.0;0.0;0.0;20959.5;13059.5
1;30934.0;20958.0;16.0;20957.0;33.0;0.0;0.0;20959.0;49.0;0.0;0.0;0.0;0.0;20958.5;13493.5
1;30935.0;20963.0;68.0;0.0;0.0;0.0;0.0;20964.0;19.0;20965.0;49.0;0.0;0.0;20963.5;11577.5
1;30936.0;20966.0;70.0;0.0;0.0;0.0;0.0;20968.0;70.0;0.0;0.0;0.0;0.0;20967.0;10472.0
1;30937.0;20973.0;49.0;0.0;0.0;0.0;0.0;20975.0;49.0;0.0;0.0;0.0;0.0;20974.0;7963.0
1;30938.0;20974.0;73.0;0.0;0.0;0.0;0.0;20975.0;26.0;20976.0;47.0;0.0;0.0;20974.5;7786.0
1;30939.0;20973.0;58.0;0.0;0.0;0.0;0.0;20975.0;58.0;0.0;0.0;0.0;0.0;20974.0;7981.5
1;30940.0;20971.0;62.0;0.0;0.0;0.0;0.0;20972.0;30.0;20973.0;32.0;0.0;0.0;20971.5;8794.5
1;30941.0;20971.0;52.0;0.0;0.0;0.0;0.0;20972.0;19.0;20973.0;33.0;0.0;0.0;20971.5;8845.5
1;30942.0;20966.0;22.0;20965.0;43.0;0.0;0.0;20967.0;65.0;0.0;0.0;0.0;0.0;20966.5;10638.0
1;30943.0;20966.0;64.0;0.0;0.0;0.0;0.0;20967.0;25.0;20968.0;39.0;0.0;0.0;20966.5;10567.0
1;30944.0;20964.0;75.0;0.0;0.0;0.0;0.0;20966.0;75.0;0.0;0.0;0.0;0.0;20965.0;11155.0
1;30945.0;20960.0;58.0;0.0;0.0;0.0;0.0;20962.0;58.0;0.0;0.0;0.0;0.0;20961.0;12531.0
1;30946.0;20955.0;60.0;0.0;0.0;0.0;0.0;20956.0;20.0;20957.0;40.0;0.0;0.0;20955.5;14376.5
1;30947.0;20952.0;55.0;0.0;0.0;0.0;0.0;20954.0;55.0;0.0;0.0;0.0;0.0;20953.0;15314.5
1;30948.0;20951.0;69.0;0.0;0.0;0.0;0.0;20953.0;69.0;0.0;0.0;0.0;0.0;20952.0;15752.5
1;30949.0;20951.0;61.0;0.0;0.0;0.0;0.0;20952.0;25.0;20953.0;36.0;0.0;0.0;20951.5;15817.0
1;30950.0;20946.0;57.0;0.0;0.0;0.0;0.0;20948.0;57.0;0.0;0.0;0.0;0.0;20947.0;17490.5
1;30951.0;20946.0;68.0;0.0;0.0;0.0;0.0;20947.0;27.0;20948.0;41.0;0.0;0.0;20946.5;17570.5
1;30952.0;20947.0;15.0;20946.0;44.0;0.0;0.0;20948.0;59.0;0.0;0.0;0.0;0.0;20947.5;17285.5
1;30953.0;20953.0;65.0;0.0;0.0;0.0;0.0;20954.0;26.0;20955.0;39.0;0.0;0.0;20953.5;15076.5
1;30954.0;20954.0;76.0;0.0;0.0;0.0;0.0;20955.0;30.0;20956.0;46.0;0.0;0.0;20954.5;14735.5
1;30955.0;20957.0;29.0;20956.0;46.0;0.0;0.0;20958.0;75.0;0.0;0.0;0.0;0.0;20957.5;13831.0
1;30956.0;20954.0;67.0;0.0;0.0;0.0;0.0;20956.0;67.0;0.0;0.0;0.0;0.0;20955.0;14585.5
1;30957.0;20954.0;65.0;0.0;0.0;0.0;0.0;20956.0;65.0;0.0;0.0;0.0;0.0;20955.0;14608.5
1;30958.0;20952.0;64.0;0.0;0.0;0.0;0.0;20954.0;64.0;0.0;0.0;0.0;0.0;20953.0;15371.5
1;30959.0;20950.0;30.0;20949.0;30.0;0.0;0.0;20951.0;30.0;20952.0;30.0;0.0;0.0;20950.5;16240.5
1;30960.0;20951.0;76.0;0.0;0.0;0.0;0.0;20953.0;76.0;0.0;0.0;0.0;0.0;20952.0;15754.5
1;30961.0;20950.0;65.0;0.0;0.0;0.0;0.0;20952.0;65.0;0.0;0.0;0.0;0.0;20951.0;16012.0
1;30962.0;20955.0;22.0;20954.0;38.0;0.0;0.0;20956.0;60.0;0.0;0.0;0.0;0.0;20955.5;14528.5
1;30963.0;20954.0;67.0;0.0;0.0;0.0;0.0;20956.0;67.0;0.0;0.0;0.0;0.0;20955.0;14575.0
1;30964.0;20956.0;22.0;20955.0;40.0;0.0;0.0;20957.0;62.0;0.0;0.0;0.0;0.0;20956.5;14152.5
1;30965.0;20952.0;64.0;0.0;0.0;0.0;0.0;20954.0;64.0;0.0;0.0;0.0;0.0;20953.0;15420.0
1;30966.0;20949.0;71.0;0.0;0.0;0.0;0.0;20951.0;71.0;0.0;0.0;0.0;0.0;20950.0;16466.0
1;30967.0;20951.0;78.0;0.0;0.0;0.0;0.0;20952.0;29.0;20953.0;49.0;0.0;0.0;20951.5;15794.5
1;30968.0;20949.0;58.0;0.0;0.0;0.0;0.0;20950.0;26.0;20951.0;32.0;0.0;0.0;20949.5;16513.5
1;30969.0;20953.0;25.0;20952.0;39.0;0.0;0.0;20954.0;64.0;0.0;0.0;0.0;0.0;20953.5;15214.5
1;30970.0;20950.0;52.0;0.0;0.0;0.0;0.0;20952.0;52.0;0.0;0.0;0.0;0.0;20951.0;16072.0
1;30971.0;20948.0;22.0;20947.0;41.0;0.0;0.0;20949.0;63.0;0.0;0.0;0.0;0.0;20948.5;16998.0
1;30972.0;20953.0;64.0;0.0;0.0;0.0;0.0;20955.0;64.0;0.0;0.0;0.0;0.0;20954.0;15022.0
1;30973.0;20948.0;66.0;0.0;0.0;0.0;0.0;20950.0;66.0;0.0;0.0;0.0;0.0;20949.0;16787.5
1;30974.0;20947.0;18.0;20946.0;43.0;0.0;0.0;20948.0;18.0;20949.0;43.0;0.0;0.0;20947.5;17326.0
1;30975.0;20948.0;66.0;0.0;0.0;0.0;0.0;20950.0;66.0;0.0;0.0;0.0;0.0;20949.0;16798.0
1;30976.0;20950.0;63.0;0.0;0.0;0.0;0.0;20951.0;20.0;20952.0;43.0;0.0;0.0;20950.5;16190.5
1;30977.0;20947.0;30.0;20946.0;30.0;0.0;0.0;20948.0;60.0;0.0;0.0;0.0;0.0;20947.5;17370.5
1;30978.0;20953.0;53.0;0.0;0.0;0.0;0.0;20954.0;18.0;20955.0;35.0;0.0;0.0;20953.5;15163.0
1;30979.0;20952.0;19.0;20951.0;44.0;0.0;0.0;20953.0;63.0;0.0;0.0;0.0;0.0;20952.5;15640.5
1;30980.0;20946.0;51.0;0.0;0.0;0.0;0.0;20947.0;16.0;20948.0;35.0;0.0;0.0;20946.5;17627.5
1;30981.0;20949.0;25.0;20948.0;50.0;0.0;0.0;20950.0;75.0;0.0;0.0;0.0;0.0;20949.5;16698.5
1;30982.0;20947.0;59.0;0.0;0.0;0.0;0.0;20949.0;59.0;0.0;0.0;0.0;0.0;20948.0;17208.0
1;30983.0;20947.0;48.0;0.0;0.0;0.0;0.0;20949.0;48.0;0.0;0.0;0.0;0.0;20948.0;17150.0
1;30984.0;20950.0;23.0;20949.0;36.0;0.0;0.0;20951.0;59.0;0.0;0.0;0.0;0.0;20950.5;16359.0
1;30985.0;20947.0;73.0;0.0;0.0;0.0;0.0;20948.0;26.0;20949.0;47.0;0.0;0.0;20947.5;17305.0
1;30986.0;20945.0;25.0;20944.0;35.0;0.0;0.0;20946.0;25.0;20947.0;35.0;0.0;0.0;20945.5;18061.0
1;30987.0;20944.0;73.0;0.0;0.0;0.0;0.0;20946.0;73.0;0.0;0.0;0.0;0.0;20945.0;18175.0
1;30988.0;20947.0;58.0;0.0;0.0;0.0;0.0;20948.0;26.0;20949.0;32.0;0.0;0.0;20947.5;17306.5
1;30989.0;20943.0;65.0;0.0;0.0;0.0;0.0;20944.0;26.0;20945.0;39.0;0.0;0.0;20943.5;18684.5
1;30990.0;20947.0;69.0;0.0;0.0;0.0;0.0;20949.0;69.0;0.0;0.0;0.0;0.0;20948.0;17188.5
1;30991.0;20948.0;75.0;0.0;0.0;0.0;0.0;20950.0;65.0;0.0;0.0;0.0;0.0;20949.0;16814.5
1;30992.0;20945.0;61.0;0.0;0.0;0.0;0.0;20946.0;23.0;20947.0;38.0;0.0;0.0;20945.5;17993.0
1;30993.0;20945.0;64.0;0.0;0.0;0.0;0.0;20946.0;22.0;20947.0;42.0;0.0;0.0;20945.5;17957.0
1;30994.0;20947.0;19.0;20946.0;48.0;0.0;0.0;20948.0;67.0;0.0;0.0;0.0;0.0;20947.5;17374.0
1;30995.0;20950.0;74.0;0.0;0.0;0.0;0.0;20952.0;74.0;0.0;0.0;0.0;0.0;20951.0;16101.5
1;30996.0;20953.0;23.0;20952.0;30.0;0.0;0.0;20954.0;53.0;0.0;0.0;0.0;0.0;20953.5;15209.0
1;30997.0;20956.0;50.0;0.0;0.0;0.0;0.0;20957.0;21.0;20958.0;36.0;0.0;0.0;20956.5;14028.5
1;30998.0;20956.0;29.0;20955.0;47.0;0.0;0.0;20957.0;76.0;0.0;0.0;0.0;0.0;20956.5;14187.5
1;30999.0;20958.0;24.0;20957.0;46.0;0.0;0.0;20959.0;70.0;0.0;0.0;0.0;0.0;20958.5;13408.0
1;31000.0;20950.0;75.0;0.0;0.0;0.0;0.0;20951.0;25.0;20952.0;50.0;0.0;0.0;20950.5;16270.5
1;31001.0;20953.0;28.0;20952.0;48.0;0.0;0.0;20954.0;28.0;20955.0;48.0;0.0;0.0;20953.5;15190.5
1;31002.0;20953.0;19.0;20952.0;37.0;0.0;0.0;20954.0;56.0;0.0;0.0;0.0;0.0;20953.5;15239.0
1;31003.0;20957.0;65.0;0.0;0.0;0.0;0.0;20959.0;65.0;0.0;0.0;0.0;0.0;20958.0;13532.0
1;31004.0;20956.0;30.0;20955.0;35.0;0.0;0.0;20957.0;65.0;0.0;0.0;0.0;0.0;20956.5;14172.5
1;31005.0;20954.0;52.0;0.0;0.0;0.0;0.0;20956.0;52.0;0.0;0.0;0.0;0.0;20955.0;14687.5
1;31006.0;20954.0;63.0;0.0;0.0;0.0;0.0;20956.0;63.0;0.0;0.0;0.0;0.0;20955.0;14648.5
1;31007.0;20957.0;17.0;20956.0;40.0;0.0;0.0;20958.0;57.0;0.0;0.0;0.0;0.0;20957.5;13763.0
1;31008.0;20958.0;23.0;20957.0;46.0;0.0;0.0;20959.0;69.0;0.0;0.0;0.0;0.0;20958.5;13403.0
1;31009.0;20961.0;29.0;20960.0;49.0;0.0;0.0;20962.0;78.0;0.0;0.0;0.0;0.0;20961.5;12280.0
1;31010.0;20961.0;17.0;20960.0;44.0;0.0;0.0;20962.0;61.0;0.0;0.0;0.0;0.0;20961.5;12223.0
1;31011.0;20964.0;25.0;20963.0;35.0;0.0;0.0;20965.0;60.0;0.0;0.0;0.0;0.0;20964.5;11083.0
1;31012.0;20972.0;61.0;0.0;0.0;0.0;0.0;20973.0;28.0;20974.0;33.0;0.0;0.0;20972.5;8025.5
1;31013.0;20976.0;21.0;20975.0;37.0;0.0;0.0;20977.0;58.0;0.0;0.0;0.0;0.0;20976.5;6666.0
1;31014.0;20977.0;48.0;0.0;0.0;0.0;0.0;20979.0;48.0;0.0;0.0;0.0;0.0;20978.0;5983.5
1;31015.0;20973.0;69.0;0.0;0.0;0.0;0.0;20975.0;69.0;0.0;0.0;0.0;0.0;20974.0;7566.5
1;31016.0;20975.0;46.0;0.0;0.0;0.0;0.0;20976.0;15.0;20977.0;31.0;0.0;0.0;20975.5;6866.5
1;31017.0;20978.0;58.0;0.0;0.0;0.0;0.0;20980.0;58.0;0.0;0.0;0.0;0.0;20979.0;5648.5
1;31018.0;20978.0;23.0;20977.0;38.0;0.0;0.0;20979.0;61.0;0.0;0.0;0.0;0.0;20978.5;5832.5
1;31019.0;20981.0;24.0;20980.0;44.0;0.0;0.0;20982.0;68.0;0.0;0.0;0.0;0.0;20981.5;4653.5
1;31020.0;20974.0;48.0;0.0;0.0;0.0;0.0;20976.0;48.0;0.0;0.0;0.0;0.0;20975.0;7089.0
1;31021.0;20972.0;57.0;0.0;0.0;0.0;0.0;20974.0;57.0;0.0;0.0;0.0;0.0;20973.0;7841.0
1;31022.0;20970.0;20.0;20969.0;42.0;0.0;0.0;20971.0;20.0;20972.0;42.0;0.0;0.0;20970.5;8892.0
1;31023.0;20971.0;57.0;0.0;0.0;0.0;0.0;20973.0;57.0;0.0;0.0;0.0;0.0;20972.0;8268.0
1;31024.0;20969.0;66.0;0.0;0.0;0.0;0.0;20971.0;66.0;0.0;0.0;0.0;0.0;20970.0;9176.5
1;31025.0;20966.0;53.0;0.0;0.0;0.0;0.0;20968.0;53.0;0.0;0.0;0.0;0.0;20967.0;10256.5
1;31026.0;20971.0;21.0;20970.0;42.0;0.0;0.0;20972.0;63.0;0.0;0.0;0.0;0.0;20971.5;8542.5
1;31027.0;20966.0;71.0;0.0;0.0;0.0;0.0;20968.0;71.0;0.0;0.0;0.0;0.0;20967.0;10197.5
1;31028.0;20968.0;61.0;0.0;0.0;0.0;0.0;20969.0;17.0;20970.0;44.0;0.0;0.0;20968.5;9602.0
1;31029.0;20971.0;70.0;0.0;0.0;0.0;0.0;20973.0;70.0;0.0;0.0;0.0;0.0;20972.0;8323.0
1;31030.0;20970.0;60.0;0.0;0.0;0.0;0.0;20972.0;60.0;0.0;0.0;0.0;0.0;20971.0;8622.5
1;31031.0;20968.0;58.0;0.0;0.0;0.0;0.0;20969.0;26.0;20970.0;32.0;0.0;0.0;20968.5;9655.5
1;31032.0;20967.0;62.0;0.0;0.0;0.0;0.0;20968.0;8.0;20969.0;62.0;0.0;0.0;20967.5;9861.5
1;31033.0;20966.0;20.0;20965.0;30.0;0.0;0.0;20967.0;50.0;0.0;0.0;0.0;0.0;20966.5;10517.0
1;31034.0;20963.0;72.0;0.0;0.0;0.0;0.0;20965.0;72.0;0.0;0.0;0.0;0.0;20964.0;11421.5
1;31035.0;20964.0;69.0;0.0;0.0;0.0;0.0;20965.0;27.0;20966.0;42.0;0.0;0.0;20964.5;11154.0
1;31036.0;20964.0;51.0;0.0;0.0;0.0;0.0;20965.0;21.0;20966.0;30.0;0.0;0.0;20964.5;11193.5
1;31037.0;20973.0;73.0;0.0;0.0;0.0;0.0;20974.0;25.0;20975.0;48.0;0.0;0.0;20973.5;7586.5
1;31038.0;20977.0;50.0;0.0;0.0;0.0;0.0;20978.0;16.0;20979.0;34.0;0.0;0.0;20977.5;6079.0
1;31039.0;20977.0;72.0;0.0;0.0;0.0;0.0;20979.0;72.0;0.0;0.0;0.0;0.0;20978.0;5850.5
1;31040.0;20979.0;55.0;0.0;0.0;0.0;0.0;20981.0;55.0;0.0;0.0;0.0;0.0;20980.0;5183.0
1;31041.0;20984.0;64.0;0.0;0.0;0.0;0.0;20985.0;26.0;20986.0;38.0;0.0;0.0;20984.5;3224.0
1;31042.0;20988.0;23.0;20987.0;43.0;0.0;0.0;20989.0;66.0;0.0;0.0;0.0;0.0;20988.5;1840.5
1;31043.0;20988.0;29.0;20987.0;46.0;0.0;0.0;20989.0;75.0;0.0;0.0;0.0;0.0;20988.5;1756.0
1;31044.0;20986.0;23.0;20985.0;45.0;0.0;0.0;20987.0;68.0;0.0;0.0;0.0;0.0;20986.5;2638.5
1;31045.0;20991.0;20.0;20990.0;46.0;0.0;0.0;20992.0;66.0;0.0;0.0;0.0;0.0;20991.5;558.5
1;31046.0;20991.0;25.0;20990.0;47.0;0.0;0.0;20992.0;72.0;0.0;0.0;0.0;0.0;20991.5;542.0
1;31047.0;20992.0;4.0;20991.0;46.0;0.0;0.0;20993.0;61.0;0.0;0.0;0.0;0.0;20992.5;231.0
1;31048.0;20996.0;15.0;20995.0;50.0;0.0;0.0;20997.0;65.0;0.0;0.0;0.0;0.0;20996.5;-1423.0
1;31049.0;20996.0;67.0;0.0;0.0;0.0;0.0;20998.0;67.0;0.0;0.0;0.0;0.0;20997.0;-1678.0
1;31050.0;21000.0;49.0;0.0;0.0;0.0;0.0;21001.0;15.0;21002.0;34.0;0.0;0.0;21000.5;-3254.0
1;31051.0;20999.0;62.0;0.0;0.0;0.0;0.0;21001.0;62.0;0.0;0.0;0.0;0.0;21000.0;-2940.0
1;31052.0;21000.0;63.0;0.0;0.0;0.0;0.0;21001.0;25.0;21002.0;38.0;0.0;0.0;21000.5;-3194.0
1;31053.0;20999.0;55.0;0.0;0.0;0.0;0.0;21001.0;55.0;0.0;0.0;0.0;0.0;21000.0;-2992.0
1;31054.0;21006.0;29.0;21005.0;31.0;0.0;0.0;21007.0;60.0;0.0;0.0;0.0;0.0;21006.5;-5525.0
1;31055.0;21001.0;67.0;0.0;0.0;0.0;0.0;21003.0;67.0;0.0;0.0;0.0;0.0;21002.0;-3818.0
1;31056.0;21001.0;61.0;0.0;0.0;0.0;0.0;21002.0;27.0;21003.0;34.0;0.0;0.0;21001.5;-3613.0
1;31057.0;20998.0;71.0;0.0;0.0;0.0;0.0;21000.0;71.0;0.0;0.0;0.0;0.0;20999.0;-2578.0
1;31058.0;20996.0;62.0;0.0;0.0;0.0;0.0;20998.0;62.0;0.0;0.0;0.0;0.0;20997.0;-1719.0
1;31059.0;20993.0;15.0;20992.0;46.0;0.0;0.0;20994.0;61.0;0.0;0.0;0.0;0.0;20993.5;-194.0
1;31060.0;20990.0;56.0;0.0;0.0;0.0;0.0;20992.0;56.0;0.0;0.0;0.0;0.0;20991.0;775.0
1;31061.0;20994.0;30.0;20993.0;44.0;0.0;0.0;20995.0;74.0;0.0;0.0;0.0;0.0;20994.5;-674.0
1;31062.0;20998.0;61.0;0.0;0.0;0.0;0.0;20999.0;30.0;21000.0;31.0;0.0;0.0;20998.5;-2403.0
1;31063.0;20996.0;64.0;0.0;0.0;0.0;0.0;20997.0;28.0;20998.0;36.0;0.0;0.0;20996.5;-1619.0
1;31064.0;20992.0;76.0;0.0;0.0;0.0;0.0;20994.0;76.0;0.0;0.0;0.0;0.0;20993.0;-150.0
1;31065.0;20991.0;68.0;0.0;0.0;0.0;0.0;20992.0;24.0;20993.0;44.0;0.0;0.0;20991.5;434.0
1;31066.0;20996.0;21.0;20995.0;32.0;0.0;0.0;20997.0;21.0;20998.0;32.0;0.0;0.0;20996.5;-1506.0
1;31067.0;20996.0;21.0;20995.0;46.0;0.0;0.0;20997.0;67.0;0.0;0.0;0.0;0.0;20996.5;-1404.0
1;31068.0;20989.0;62.0;0.0;0.0;0.0;0.0;20991.0;62.0;0.0;0.0;0.0;0.0;20990.0;1157.0
1;31069.0;20992.0;19.0;20991.0;47.0;0.0;0.0;20993.0;66.0;0.0;0.0;0.0;0.0;20992.5;164.0
1;31070.0;20991.0;62.0;0.0;0.0;0.0;0.0;20993.0;62.0;0.0;0.0;0.0;0.0;20992.0;332.0
1;31071.0;20993.0;62.0;0.0;0.0;0.0;0.0;20994.0;16.0;20995.0;46.0;0.0;0.0;20993.5;-380.0
1;31072.0;20994.0;59.0;0.0;0.0;0.0;0.0;20996.0;59.0;0.0;0.0;0.0;0.0;20995.0;-843.0
1;31073.0;20990.0;59.0;0.0;0.0;0.0;0.0;20992.0;59.0;0.0;0.0;0.0;0.0;20991.0;729.0
1;31074.0;20993.0;70.0;0.0;0.0;0.0;0.0;20995.0;70.0;0.0;0.0;0.0;0.0;20994.0;-467.0
1;31075.0;20995.0;72.0;0.0;0.0;0.0;0.0;20997.0;72.0;0.0;0.0;0.0;0.0;20996.0;-1242.0
1;31076.0;20993.0;67.0;0.0;0.0;0.0;0.0;20995.0;67.0;0.0;0.0;0.0;0.0;20994.0;-406.0
1;31077.0;20986.0;50.0;0.0;0.0;0.0;0.0;20988.0;50.0;0.0;0.0;0.0;0.0;20987.0;2392.0
1;31078.0;20983.0;55.0;0.0;0.0;0.0;0.0;20984.0;17.0;20985.0;38.0;0.0;0.0;20983.5;3838.0
1;31079.0;20980.0;24.0;20979.0;45.0;0.0;0.0;20981.0;69.0;0.0;0.0;0.0;0.0;20980.5;5251.0
1;31080.0;20982.0;40.0;20981.0;31.0;0.0;0.0;20983.0;61.0;0.0;0.0;0.0;0.0;20982.5;4446.0
1;31081.0;20980.0;29.0;20979.0;35.0;0.0;0.0;20981.0;64.0;0.0;0.0;0.0;0.0;20980.5;5195.0
1;31082.0;20978.0;73.0;0.0;0.0;0.0;0.0;20980.0;73.0;0.0;0.0;0.0;0.0;20979.0;5768.0
1;31083.0;20979.0;3.0;20978.0;58.0;0.0;0.0;20980.0;58.0;0.0;0.0;0.0;0.0;20979.5;5761.0
1;31084.0;20977.0;59.0;0.0;0.0;0.0;0.0;20978.0;26.0;20979.0;33.0;0.0;0.0;20977.5;6334.0
1;31085.0;20978.0;54.0;0.0;0.0;0.0;0.0;20979.0;15.0;20980.0;39.0;0.0;0.0;20978.5;5896.0
1;31086.0;20979.0;59.0;0.0;0.0;0.0;0.0;20980.0;25.0;20981.0;34.0;0.0;0.0;20979.5;5548.0
1;31087.0;20982.0;28.0;20981.0;33.0;0.0;0.0;20983.0;61.0;0.0;0.0;0.0;0.0;20982.5;4431.0
1;31088.0;20978.0;54.0;0.0;0.0;0.0;0.0;20979.0;19.0;20980.0;35.0;0.0;0.0;20978.5;5975.0
1;31089.0;20979.0;16.0;20978.0;37.0;0.0;0.0;20980.0;16.0;20981.0;37.0;0.0;0.0;20979.5;5577.0
1;31090.0;20978.0;51.0;0.0;0.0;0.0;0.0;20979.0;20.0;20980.0;31.0;0.0;0.0;20978.5;5943.0
1;31091.0;20984.0;74.0;0.0;0.0;0.0;0.0;20985.0;29.0;20986.0;45.0;0.0;0.0;20984.5;3391.0
1;31092.0;20988.0;53.0;0.0;0.0;0.0;0.0;20990.0;53.0;0.0;0.0;0.0;0.0;20989.0;1625.0
1;31093.0;20987.0;67.0;0.0;0.0;0.0;0.0;20988.0;21.0;20989.0;46.0;0.0;0.0;20987.5;2148.0
1;31094.0;20990.0;26.0;20989.0;49.0;0.0;0.0;20991.0;75.0;0.0;0.0;0.0;0.0;20990.5;1005.0
1;31095.0;20984.0;64.0;0.0;0.0;0.0;0.0;20986.0;64.0;0.0;0.0;0.0;0.0;20985.0;3184.0
1;31096.0;20981.0;63.0;0.0;0.0;0.0;0.0;20983.0;63.0;0.0;0.0;0.0;0.0;20982.0;4502.0
1;31097.0;20981.0;16.0;20980.0;31.0;0.0;0.0;20982.0;47.0;0.0;0.0;0.0;0.0;20981.5;4856.0
1;31098.0;20981.0;61.0;0.0;0.0;0.0;0.0;20983.0;61.0;0.0;0.0;0.0;0.0;20982.0;4553.0
1;31099.0;20978.0;64.0;0.0;0.0;0.0;0.0;20979.0;20.0;20980.0;44.0;0.0;0.0;20978.5;5935.0
1;31100.0;20978.0;54.0;0.0;0.0;0.0;0.0;20979.0;24.0;20980.0;30.0;0.0;0.0;20978.5;5917.0
1;31101.0;20982.0;22.0;20981.0;39.0;0.0;0.0;20983.0;61.0;0.0;0.0;0.0;0.0;20982.5;4392.0
1;31102.0;20977.0;69.0;0.0;0.0;0.0;0.0;20978.0;27.0;20979.0;42.0;0.0;0.0;20977.5;6414.0
1;31103.0;20973.0;55.0;0.0;0.0;0.0;0.0;20974.0;22.0;20975.0;33.0;0.0;0.0;20973.5;8121.0
1;31104.0;20967.0;68.0;0.0;0.0;0.0;0.0;20969.0;68.0;0.0;0.0;0.0;0.0;20968.0;10525.0
1;31105.0;20970.0;54.0;0.0;0.0;0.0;0.0;20972.0;54.0;0.0;0.0;0.0;0.0;20971.0;9134.0
1;31106.0;20967.0;73.0;0.0;0.0;0.0;0.0;20969.0;73.0;0.0;0.0;0.0;0.0;20968.0;10506.0
1;31107.0;20966.0;53.0;0.0;0.0;0.0;0.0;20967.0;19.0;20968.0;34.0;0.0;0.0;20966.5;11025.0
1;31108.0;20963.0;68.0;0.0;0.0;0.0;0.0;20965.0;68.0;0.0;0.0;0.0;0.0;20964.0;12172.0
1;31109.0;20963.0;67.0;0.0;0.0;0.0;0.0;20964.0;29.0;20965.0;38.0;0.0;0.0;20963.5;12325.0
1;31110.0;20962.0;57.0;0.0;0.0;0.0;0.0;20963.0;19.0;20964.0;38.0;0.0;0.0;20962.5;12784.0
1;31111.0;20962.0;68.0;0.0;0.0;0.0;0.0;20964.0;68.0;0.0;0.0;0.0;0.0;20963.0;12597.0
1;31112.0;20963.0;20.0;20962.0;46.0;0.0;0.0;20964.0;20.0;20965.0;46.0;0.0;0.0;20963.5;12428.0
1;31113.0;20967.0;54.0;0.0;0.0;0.0;0.0;20969.0;54.0;0.0;0.0;0.0;0.0;20968.0;10476.0
1;31114.0;20965.0;28.0;20964.0;47.0;0.0;0.0;20966.0;75.0;0.0;0.0;0.0;0.0;20965.5;11700.0
1;31115.0;20965.0;59.0;0.0;0.0;0.0;0.0;20966.0;22.0;20967.0;37.0;0.0;0.0;20965.5;11527.0
1;31116.0;20965.0;27.0;20964.0;32.0;0.0;0.0;20966.0;59.0;0.0;0.0;0.0;0.0;20965.5;11675.0
1;31117.0;20962.0;22.0;20961.0;50.0;0.0;0.0;20963.0;22.0;20964.0;50.0;0.0;0.0;20962.5;12872.0
1;31118.0;20964.0;63.0;0.0;0.0;0.0;0.0;20966.0;63.0;0.0;0.0;0.0;0.0;20965.0;11873.0
1;31119.0;20969.0;58.0;0.0;0.0;0.0;0.0;20971.0;58.0;0.0;0.0;0.0;0.0;20970.0;9642.0
1;31120.0;20966.0;60.0;0.0;0.0;0.0;0.0;20967.0;21.0;20968.0;39.0;0.0;0.0;20966.5;11089.0
1;31121.0;20973.0;62.0;0.0;0.0;0.0;0.0;20974.0;24.0;20975.0;38.0;0.0;0.0;20973.5;8086.0
1;31122.0;20972.0;49.0;0.0;0.0;0.0;0.0;20974.0;49.0;0.0;0.0;0.0;0.0;20973.0;8338.0
1;31123.0;20972.0;63.0;0.0;0.0;0.0;0.0;20973.0;30.0;20974.0;33.0;0.0;0.0;20972.5;8511.0
1;31124.0;20964.0;47.0;0.0;0.0;0.0;0.0;20966.0;47.0;0.0;0.0;0.0;0.0;20965.0;11865.0
1;31125.0;20964.0;57.0;0.0;0.0;0.0;0.0;20966.0;57.0;0.0;0.0;0.0;0.0;20965.0;11855.0
1;31126.0;20964.0;20.0;20963.0;35.0;0.0;0.0;20965.0;55.0;0.0;0.0;0.0;0.0;20964.5;12085.0
1;31127.0;20963.0;16.0;20962.0;40.0;0.0;0.0;20964.0;56.0;0.0;0.0;0.0;0.0;20963.5;12484.0
1;31128.0;20965.0;25.0;20964.0;45.0;0.0;0.0;20966.0;70.0;0.0;0.0;0.0;0.0;20965.5;11716.0
1;31129.0;20964.0;70.0;0.0;0.0;0.0;0.0;20965.0;21.0;20966.0;49.0;0.0;0.0;20964.5;12010.0
1;31130.0;20965.0;15.0;20964.0;49.0;0.0;0.0;20966.0;64.0;0.0;0.0;0.0;0.0;20965.5;11619.0
1;31131.0;20963.0;16.0;20962.0;42.0;0.0;0.0;20964.0;58.0;0.0;0.0;0.0;0.0;20963.5;12522.0
1;31132.0;20959.0;50.0;0.0;0.0;0.0;0.0;20961.0;50.0;0.0;0.0;0.0;0.0;20960.0;14033.0
1;31133.0;20959.0;71.0;0.0;0.0;0.0;0.0;20961.0;71.0;0.0;0.0;0.0;0.0;20960.0;13963.0
1;31134.0;20961.0;61.0;0.0;0.0;0.0;0.0;20962.0;18.0;20963.0;43.0;0.0;0.0;20961.5;13297.0
1;31135.0;20963.0;22.0;20962.0;34.0;0.0;0.0;20964.0;56.0;0.0;0.0;0.0;0.0;20963.5;12491.0
1;31136.0;20963.0;73.0;0.0;0.0;0.0;0.0;20964.0;27.0;20965.0;46.0;0.0;0.0;20963.5;12429.0
1;31137.0;20961.0;23.0;20960.0;31.0;0.0;0.0;20962.0;54.0;0.0;0.0;0.0;0.0;20961.5;13438.0
1;31138.0;20961.0;27.0;20960.0;49.0;0.0;0.0;20962.0;76.0;0.0;0.0;0.0;0.0;20961.5;13453.0
1;31139.0;20960.0;20.0;20959.0;50.0;0.0;0.0;20961.0;70.0;0.0;0.0;0.0;0.0;20960.5;13849.0
1;31140.0;20956.0;16.0;20955.0;36.0;0.0;0.0;20957.0;16.0;20958.0;36.0;0.0;0.0;20956.5;15511.0
1;31141.0;20957.0;22.0;20956.0;47.0;0.0;0.0;20958.0;69.0;0.0;0.0;0.0;0.0;20957.5;15161.0
1;31142.0;20956.0;52.0;0.0;0.0;0.0;0.0;20957.0;22.0;20958.0;30.0;0.0;0.0;20956.5;15458.0
1;31143.0;20953.0;33.0;20952.0;49.0;0.0;0.0;20954.0;71.0;0.0;0.0;0.0;0.0;20953.5;16923.0
1;31144.0;20952.0;26.0;20951.0;35.0;0.0;0.0;20953.0;61.0;0.0;0.0;0.0;0.0;20952.5;17372.0
1;31145.0;20953.0;67.0;0.0;0.0;0.0;0.0;20955.0;67.0;0.0;0.0;0.0;0.0;20954.0;16683.0
1;31146.0;20957.0;48.0;0.0;0.0;0.0;0.0;20959.0;48.0;0.0;0.0;0.0;0.0;20958.0;14832.0
1;31147.0;20952.0;65.0;0.0;0.0;0.0;0.0;20953.0;23.0;20954.0;42.0;0.0;0.0;20952.5;17223.0
