day;timestamp;buyer;seller;currency;price;quantity
1;30011.0;Caesar;Paris;SEASHELLS;21015.0;4
1;30012.0;Paris;Caesar;SEASHELLS;21017.0;5
1;30020.0;Paris;Caesar;SEASHELLS;21023.0;2
1;30023.0;Caesar;Paris;SEASHELLS;21021.0;3
1;30028.0;Paris;Caesar;SEASHELLS;21015.0;5
1;30036.0;Paris;Caesar;SEASHELLS;21024.0;2
1;30070.0;Caesar;Camilla;SEASHELLS;21025.0;8
1;30070.0;Caesar;Paris;SEASHELLS;21025.0;5
1;30075.0;Paris;Caesar;SEASHELLS;21021.0;1
1;30082.0;Caesar;Paris;SEASHELLS;21013.0;5
1;30094.0;Caesar;Paris;SEASHELLS;21011.0;5
1;30096.0;Paris;Caesar;SEASHELLS;21014.0;4
1;30106.0;Paris;Caesar;SEASHELLS;21008.0;5
1;30123.0;Caesar;Paris;SEASHELLS;20982.0;1
1;30133.0;Caesar;Paris;SEASHELLS;20983.0;5
1;30133.0;Caesar;Camilla;SEASHELLS;20983.0;8
1;30135.0;Paris;Caesar;SEASHELLS;20988.0;5
1;30150.0;Caesar;Paris;SEASHELLS;20993.0;5
1;30154.0;Caesar;Paris;SEASHELLS;21003.0;4
1;30158.0;Paris;Caesar;SEASHELLS;21006.0;2
1;30178.0;Caesar;Camilla;SEASHELLS;21009.0;10
1;30180.0;Caesar;Paris;SEASHELLS;21007.0;5
1;30187.0;Caesar;Paris;SEASHELLS;21024.0;5
1;30196.0;Paris;Caesar;SEASHELLS;21041.0;5
1;30199.0;Paris;Caesar;SEASHELLS;21042.0;2
1;30202.0;Paris;Caesar;SEASHELLS;21038.0;5
1;30210.0;Paris;Caesar;SEASHELLS;21038.0;3
1;30216.0;Caesar;Paris;SEASHELLS;21049.0;3
1;30223.0;Paris;Caesar;SEASHELLS;21048.0;2
1;30237.0;Caesar;Paris;SEASHELLS;21029.0;5
1;30244.0;Caesar;Paris;SEASHELLS;21028.0;2
1;30258.0;Caesar;Paris;SEASHELLS;21030.0;5
1;30260.0;Paris;Caesar;SEASHELLS;21032.0;2
1;30273.0;Caesar;Paris;SEASHELLS;21038.0;5
1;30274.0;Caesar;Paris;SEASHELLS;21035.0;1
1;30285.0;Paris;Caesar;SEASHELLS;21032.0;1
1;30310.0;Caesar;Paris;SEASHELLS;21027.0;1
1;30313.0;Caesar;Paris;SEASHELLS;21020.0;1
1;30319.0;Caesar;Paris;SEASHELLS;21018.0;4
1;30329.0;Paris;Caesar;SEASHELLS;21010.0;4
1;30335.0;Caesar;Paris;SEASHELLS;21012.0;4
1;30358.0;Caesar;Paris;SEASHELLS;20997.0;1
1;30361.0;Caesar;Paris;SEASHELLS;21000.0;2
1;30365.0;Paris;Caesar;SEASHELLS;21002.0;1
1;30367.0;Caesar;Paris;SEASHELLS;21008.0;5
1;30377.0;Paris;Caesar;SEASHELLS;21000.0;5
1;30385.0;Caesar;Paris;SEASHELLS;20996.0;5
1;30388.0;Paris;Caesar;SEASHELLS;21009.0;1
1;30390.0;Paris;Caesar;SEASHELLS;21007.0;5
1;30410.0;Paris;Caesar;SEASHELLS;21006.0;5
1;30424.0;Caesar;Paris;SEASHELLS;21004.0;3
1;30426.0;Paris;Caesar;SEASHELLS;20999.0;3
1;30464.0;Paris;Caesar;SEASHELLS;21002.0;3
1;30468.0;Paris;Caesar;SEASHELLS;21003.0;2
1;30471.0;Caesar;Paris;SEASHELLS;21009.0;1
1;30481.0;Paris;Caesar;SEASHELLS;21013.0;3
1;30488.0;Paris;Caesar;SEASHELLS;21009.0;1
1;30503.0;Caesar;Camilla;SEASHELLS;20994.0;8
1;30507.0;Caesar;Paris;SEASHELLS;20994.0;5
1;30531.0;Paris;Caesar;SEASHELLS;20993.0;2
1;30546.0;Caesar;Paris;SEASHELLS;20970.0;4
1;30548.0;Caesar;Paris;SEASHELLS;20973.0;5
1;30549.0;Paris;Caesar;SEASHELLS;20974.0;1
1;30554.0;Caesar;Paris;SEASHELLS;20980.0;4
1;30558.0;Caesar;Paris;SEASHELLS;20984.0;1
1;30576.0;Paris;Caesar;SEASHELLS;20988.0;1
1;30577.0;Caesar;Paris;SEASHELLS;20988.0;3
1;30582.0;Caesar;Paris;SEASHELLS;20985.0;4
1;30597.0;Paris;Caesar;SEASHELLS;20976.0;2
1;30601.0;Caesar;Paris;SEASHELLS;20973.0;4
1;30602.0;Caesar;Paris;SEASHELLS;20974.0;4
1;30604.0;Paris;Caesar;SEASHELLS;20972.0;3
1;30615.0;Paris;Caesar;SEASHELLS;20971.0;3
1;30628.0;Caesar;Paris;SEASHELLS;20960.0;5
1;30631.0;Paris;Caesar;SEASHELLS;20967.0;2
1;30637.0;Paris;Caesar;SEASHELLS;20960.0;3
1;30654.0;Caesar;Paris;SEASHELLS;20957.0;1
1;30660.0;Paris;Caesar;SEASHELLS;20966.0;1
1;30681.0;Caesar;Paris;SEASHELLS;20963.0;1
1;30694.0;Caesar;Paris;SEASHELLS;20961.0;5
1;30703.0;Caesar;Paris;SEASHELLS;20966.0;1
1;30710.0;Caesar;Paris;SEASHELLS;20962.0;4
1;30747.0;Paris;Caesar;SEASHELLS;20964.0;4
1;30752.0;Paris;Caesar;SEASHELLS;20956.0;2
1;30757.0;Caesar;Paris;SEASHELLS;20957.0;5
1;30777.0;Paris;Caesar;SEASHELLS;20997.0;2
1;30784.0;Paris;Caesar;SEASHELLS;20988.0;5
1;30791.0;Paris;Caesar;SEASHELLS;20989.0;5
1;30792.0;Paris;Caesar;SEASHELLS;20992.0;4
1;30801.0;Caesar;Paris;SEASHELLS;20982.0;2
1;30813.0;Paris;Caesar;SEASHELLS;20994.0;2
1;30825.0;Paris;Caesar;SEASHELLS;20995.0;1
1;30836.0;Caesar;Camilla;SEASHELLS;20971.0;10
1;30866.0;Paris;Caesar;SEASHELLS;20949.0;3
1;30878.0;Paris;Caesar;SEASHELLS;20949.0;2
1;30883.0;Caesar;Camilla;SEASHELLS;20959.0;9
1;30912.0;Paris;Caesar;SEASHELLS;20966.0;3
1;30917.0;Caesar;Paris;SEASHELLS;20972.0;2
1;30926.0;Caesar;Paris;SEASHELLS;20968.0;1
1;30929.0;Caesar;Camilla;SEASHELLS;20964.0;6
1;30955.0;Paris;Caesar;SEASHELLS;20958.0;3
1;30960.0;Paris;Caesar;SEASHELLS;20953.0;4
1;30981.0;Paris;Caesar;SEASHELLS;20950.0;3
1;30996.0;Paris;Caesar;SEASHELLS;20954.0;4
1;30997.0;Caesar;Camilla;SEASHELLS;20956.0;7
1;31005.0;Paris;Caesar;SEASHELLS;20956.0;5
1;31015.0;Paris;Caesar;SEASHELLS;20975.0;4
1;31016.0;Caesar;Paris;SEASHELLS;20975.0;3
1;31018.0;Paris;Caesar;SEASHELLS;20979.0;3
1;31020.0;Paris;Caesar;SEASHELLS;20976.0;2
1;31021.0;Paris;Caesar;SEASHELLS;20974.0;5
1;31025.0;Caesar;Paris;SEASHELLS;20966.0;4
1;31041.0;Caesar;Paris;SEASHELLS;20984.0;2
1;31047.0;Caesar;Camilla;SEASHELLS;20992.0;11
1;31074.0;Paris;Caesar;SEASHELLS;20995.0;3
1;31076.0;Paris;Caesar;SEASHELLS;20995.0;5
1;31086.0;Paris;Caesar;SEASHELLS;20980.0;3
1;31096.0;Paris;Caesar;SEASHELLS;20983.0;2
1;31100.0;Paris;Caesar;SEASHELLS;20979.0;4
1;31105.0;Caesar;Paris;SEASHELLS;20970.0;3
1;31116.0;Paris;Caesar;SEASHELLS;20966.0;2
1;31123.0;Caesar;Paris;SEASHELLS;20972.0;2
1;31130.0;Caesar;Paris;SEASHELLS;20965.0;2
1;31145.0;Caesar;Paris;SEASHELLS;20953.0;3
1;31148.0;Paris;Caesar;SEASHELLS;20952.0;1
1;31167.0;Paris;Caesar;SEASHELLS;20950.0;3
1;31169.0;Paris;Caesar;SEASHELLS;20949.0;4
1;31193.0;Caesar;Paris;SEASHELLS;20962.0;5
1;31219.0;Paris;Caesar;SEASHELLS;20958.0;1
1;31235.0;Paris;Caesar;SEASHELLS;20964.0;1
1;31269.0;Caesar;Paris;SEASHELLS;20956.0;4
1;31285.0;Caesar;Paris;SEASHELLS;20955.0;3
1;31295.0;Caesar;Camilla;SEASHELLS;20950.0;8
1;31303.0;Caesar;Paris;SEASHELLS;20955.0;5
1;31312.0;Paris;Caesar;SEASHELLS;20957.0;3
1;31315.0;Paris;Caesar;SEASHELLS;20953.0;2
1;31327.0;Paris;Caesar;SEASHELLS;20950.0;2
1;31338.0;Caesar;Paris;SEASHELLS;20971.0;4
1;31359.0;Paris;Caesar;SEASHELLS;20987.0;5
1;31363.0;Caesar;Camilla;SEASHELLS;20989.0;5
1;31370.0;Paris;Caesar;SEASHELLS;20985.0;2
1;31377.0;Paris;Caesar;SEASHELLS;21000.0;5
1;31395.0;Paris;Caesar;SEASHELLS;21028.0;5
1;31416.0;Paris;Caesar;SEASHELLS;21024.0;3
1;31419.0;Paris;Caesar;SEASHELLS;21021.0;5
1;31429.0;Caesar;Paris;SEASHELLS;21006.0;3
1;31430.0;Caesar;Paris;SEASHELLS;21004.0;5
1;31437.0;Caesar;Paris;SEASHELLS;21005.0;4
1;31441.0;Paris;Caesar;SEASHELLS;21014.0;2
1;31443.0;Caesar;Paris;SEASHELLS;21015.0;5
1;31447.0;Caesar;Paris;SEASHELLS;21021.0;4
1;31459.0;Paris;Caesar;SEASHELLS;21023.0;2
1;31462.0;Paris;Caesar;SEASHELLS;21022.0;4
1;31484.0;Caesar;Camilla;SEASHELLS;21046.0;11
1;31489.0;Caesar;Paris;SEASHELLS;21044.0;1
1;31500.0;Caesar;Paris;SEASHELLS;21050.0;5
1;31502.0;Paris;Caesar;SEASHELLS;21051.0;1
1;31503.0;Paris;Caesar;SEASHELLS;21052.0;4
1;31509.0;Paris;Caesar;SEASHELLS;21046.0;5
1;31531.0;Paris;Caesar;SEASHELLS;21068.0;1
1;31539.0;Paris;Caesar;SEASHELLS;21068.0;3
1;31544.0;Caesar;Paris;SEASHELLS;21066.0;5
1;31549.0;Caesar;Camilla;SEASHELLS;21062.0;7
1;31561.0;Caesar;Paris;SEASHELLS;21068.0;5
1;31594.0;Caesar;Paris;SEASHELLS;21096.0;3
1;31614.0;Caesar;Paris;SEASHELLS;21096.0;2
1;31620.0;Paris;Caesar;SEASHELLS;21090.0;4
1;31641.0;Caesar;Paris;SEASHELLS;21093.0;2
1;31648.0;Caesar;Camilla;SEASHELLS;21091.0;3
1;31661.0;Caesar;Camilla;SEASHELLS;21101.0;11
1;31662.0;Caesar;Camilla;SEASHELLS;21098.0;7
1;31662.0;Paris;Caesar;SEASHELLS;21100.0;4
1;31684.0;Paris;Caesar;SEASHELLS;21085.0;3
1;31718.0;Caesar;Paris;SEASHELLS;21061.0;2
1;31733.0;Caesar;Paris;SEASHELLS;21074.0;3
1;31734.0;Paris;Caesar;SEASHELLS;21079.0;2
1;31735.0;Paris;Caesar;SEASHELLS;21077.0;1
1;31746.0;Caesar;Paris;SEASHELLS;21079.0;1
1;31756.0;Paris;Caesar;SEASHELLS;21090.0;2
1;31766.0;Caesar;Paris;SEASHELLS;21112.0;3
1;31769.0;Caesar;Paris;SEASHELLS;21112.0;5
1;31775.0;Paris;Caesar;SEASHELLS;21119.0;2
1;31777.0;Paris;Caesar;SEASHELLS;21124.0;3
1;31800.0;Caesar;Paris;SEASHELLS;21122.0;5
1;31820.0;Caesar;Camilla;SEASHELLS;21124.0;10
1;31825.0;Paris;Caesar;SEASHELLS;21138.0;3
1;31831.0;Caesar;Paris;SEASHELLS;21140.0;3
1;31838.0;Caesar;Paris;SEASHELLS;21140.0;1
1;31839.0;Paris;Caesar;SEASHELLS;21139.0;1
1;31843.0;Caesar;Paris;SEASHELLS;21132.0;2
1;31845.0;Paris;Caesar;SEASHELLS;21135.0;5
1;31863.0;Paris;Caesar;SEASHELLS;21129.0;4
1;31865.0;Caesar;Paris;SEASHELLS;21121.0;3
1;31877.0;Caesar;Paris;SEASHELLS;21112.0;1
1;31882.0;Caesar;Paris;SEASHELLS;21117.0;2
1;31891.0;Paris;Caesar;SEASHELLS;21119.0;5
1;31894.0;Caesar;Camilla;SEASHELLS;21117.0;8
1;31904.0;Paris;Caesar;SEASHELLS;21109.0;5
1;31919.0;Paris;Caesar;SEASHELLS;21110.0;3
1;31935.0;Paris;Caesar;SEASHELLS;21123.0;3
1;31962.0;Caesar;Camilla;SEASHELLS;21129.0;4
1;31967.0;Caesar;Paris;SEASHELLS;21141.0;1
1;31970.0;Caesar;Paris;SEASHELLS;21133.0;2
1;32009.0;Caesar;Paris;SEASHELLS;21122.0;5
1;32011.0;Caesar;Paris;SEASHELLS;21127.0;1
1;32015.0;Caesar;Paris;SEASHELLS;21125.0;2
1;32056.0;Caesar;Camilla;SEASHELLS;21123.0;9
1;32063.0;Paris;Caesar;SEASHELLS;21121.0;1
1;32067.0;Paris;Caesar;SEASHELLS;21128.0;2
1;32072.0;Caesar;Paris;SEASHELLS;21138.0;1
1;32080.0;Caesar;Paris;SEASHELLS;21138.0;2
1;32103.0;Paris;Caesar;SEASHELLS;21140.0;3
1;32108.0;Caesar;Paris;SEASHELLS;21140.0;4
1;32112.0;Caesar;Paris;SEASHELLS;21134.0;2
1;32115.0;Caesar;Paris;SEASHELLS;21134.0;4
1;32123.0;Paris;Caesar;SEASHELLS;21145.0;4
1;32139.0;Caesar;Paris;SEASHELLS;21157.0;2
1;32150.0;Caesar;Paris;SEASHELLS;21144.0;1
1;32154.0;Caesar;Paris;SEASHELLS;21139.0;2
1;32185.0;Paris;Caesar;SEASHELLS;21148.0;1
1;32187.0;Caesar;Camilla;SEASHELLS;21152.0;5
1;32214.0;Paris;Caesar;SEASHELLS;21157.0;4
1;32233.0;Paris;Caesar;SEASHELLS;21173.0;3
1;32239.0;Paris;Caesar;SEASHELLS;21171.0;5
1;32267.0;Paris;Caesar;SEASHELLS;21149.0;1
1;32292.0;Paris;Caesar;SEASHELLS;21138.0;2
1;32298.0;Caesar;Paris;SEASHELLS;21128.0;4
1;32371.0;Caesar;Paris;SEASHELLS;21106.0;5
1;32378.0;Paris;Caesar;SEASHELLS;21104.0;3
1;32384.0;Paris;Caesar;SEASHELLS;21102.0;2
1;32396.0;Caesar;Paris;SEASHELLS;21108.0;4
1;32397.0;Caesar;Camilla;SEASHELLS;21109.0;10
1;32404.0;Caesar;Paris;SEASHELLS;21092.0;1
1;32405.0;Paris;Caesar;SEASHELLS;21093.0;3
1;32411.0;Paris;Caesar;SEASHELLS;21097.0;3
1;32412.0;Caesar;Paris;SEASHELLS;21097.0;2
1;32434.0;Caesar;Camilla;SEASHELLS;21102.0;4
1;32437.0;Paris;Caesar;SEASHELLS;21105.0;2
1;32442.0;Caesar;Paris;SEASHELLS;21087.0;1
1;32443.0;Caesar;Paris;SEASHELLS;21091.0;1
1;32457.0;Caesar;Camilla;SEASHELLS;21107.0;11
1;32475.0;Caesar;Camilla;SEASHELLS;21103.0;6
1;32479.0;Paris;Caesar;SEASHELLS;21114.0;3
1;32480.0;Paris;Caesar;SEASHELLS;21114.0;5
1;32482.0;Paris;Caesar;SEASHELLS;21120.0;5
1;32484.0;Caesar;Camilla;SEASHELLS;21124.0;11
1;32490.0;Caesar;Paris;SEASHELLS;21115.0;1
1;32498.0;Caesar;Paris;SEASHELLS;21114.0;1
1;32512.0;Paris;Caesar;SEASHELLS;21091.0;5
1;32515.0;Caesar;Paris;SEASHELLS;21090.0;1
1;32523.0;Caesar;Camilla;SEASHELLS;21089.0;10
1;32527.0;Paris;Caesar;SEASHELLS;21094.0;2
1;32553.0;Paris;Caesar;SEASHELLS;21071.0;2
1;32570.0;Paris;Caesar;SEASHELLS;21077.0;2
1;32605.0;Caesar;Paris;SEASHELLS;21072.0;4
1;32630.0;Camilla;Paris;SEASHELLS;21071.0;1
1;32635.0;Paris;Caesar;SEASHELLS;21070.0;3
1;32639.0;Caesar;Paris;SEASHELLS;21074.0;5
1;32645.0;Caesar;Paris;SEASHELLS;21069.0;1
1;32662.0;Caesar;Paris;SEASHELLS;21037.0;3
1;32703.0;Paris;Caesar;SEASHELLS;21070.0;4
1;32710.0;Paris;Caesar;SEASHELLS;21076.0;2
1;32716.0;Caesar;Camilla;SEASHELLS;21075.0;6
1;32718.0;Paris;Caesar;SEASHELLS;21081.0;2
1;32753.0;Caesar;Camilla;SEASHELLS;21093.0;6
1;32759.0;Caesar;Paris;SEASHELLS;21094.0;4
1;32760.0;Caesar;Camilla;SEASHELLS;21092.0;11
1;32765.0;Caesar;Camilla;SEASHELLS;21076.0;6
1;32804.0;Paris;Caesar;SEASHELLS;21067.0;4
1;32809.0;Paris;Caesar;SEASHELLS;21072.0;4
1;32813.0;Caesar;Paris;SEASHELLS;21072.0;3
1;32817.0;Paris;Caesar;SEASHELLS;21065.0;2
1;32820.0;Paris;Caesar;SEASHELLS;21070.0;3
1;32834.0;Paris;Caesar;SEASHELLS;21092.0;1
1;32887.0;Paris;Caesar;SEASHELLS;21113.0;4
1;32892.0;Paris;Camilla;SEASHELLS;21111.0;4
1;32896.0;Paris;Camilla;SEASHELLS;21104.0;3
1;32902.0;Paris;Caesar;SEASHELLS;21107.0;5
1;32904.0;Caesar;Paris;SEASHELLS;21099.0;5
1;32905.0;Caesar;Paris;SEASHELLS;21102.0;3
1;32921.0;Paris;Caesar;SEASHELLS;21081.0;1
1;32941.0;Caesar;Paris;SEASHELLS;21077.0;3
1;32958.0;Caesar;Camilla;SEASHELLS;21075.0;11
1;32969.0;Caesar;Camilla;SEASHELLS;21087.0;8
1;32973.0;Caesar;Camilla;SEASHELLS;21093.0;4
1;32993.0;Paris;Caesar;SEASHELLS;21091.0;1
1;33013.0;Paris;Caesar;SEASHELLS;21096.0;2
1;33014.0;Paris;Caesar;SEASHELLS;21092.0;2
1;33016.0;Caesar;Paris;SEASHELLS;21091.0;5
1;33027.0;Caesar;Paris;SEASHELLS;21094.0;5
1;33036.0;Caesar;Camilla;SEASHELLS;21081.0;4
1;33056.0;Paris;Caesar;SEASHELLS;21109.0;5
1;33059.0;Caesar;Paris;SEASHELLS;21108.0;4
1;33063.0;Paris;Caesar;SEASHELLS;21114.0;5
1;33072.0;Paris;Caesar;SEASHELLS;21105.0;3
1;33085.0;Caesar;Paris;SEASHELLS;21102.0;2
1;33106.0;Paris;Caesar;SEASHELLS;21147.0;2
1;33124.0;Paris;Caesar;SEASHELLS;21138.0;4
1;33126.0;Paris;Caesar;SEASHELLS;21139.0;1
1;33136.0;Paris;Caesar;SEASHELLS;21148.0;5
1;33139.0;Paris;Caesar;SEASHELLS;21147.0;2
1;33144.0;Paris;Caesar;SEASHELLS;21147.0;5
1;33160.0;Paris;Caesar;SEASHELLS;21152.0;5
1;33165.0;Caesar;Paris;SEASHELLS;21146.0;3
1;33166.0;Caesar;Paris;SEASHELLS;21137.0;3
1;33167.0;Caesar;Paris;SEASHELLS;21137.0;3
1;33168.0;Caesar;Paris;SEASHELLS;21135.0;3
1;33173.0;Caesar;Paris;SEASHELLS;21130.0;3
1;33185.0;Paris;Caesar;SEASHELLS;21130.0;5
1;33186.0;Caesar;Paris;SEASHELLS;21129.0;4
1;33194.0;Paris;Caesar;SEASHELLS;21125.0;5
1;33205.0;Caesar;Paris;SEASHELLS;21133.0;2
1;33213.0;Paris;Caesar;SEASHELLS;21134.0;3
1;33216.0;Caesar;Camilla;SEASHELLS;21133.0;6
1;33231.0;Caesar;Paris;SEASHELLS;21144.0;5
1;33232.0;Paris;Caesar;SEASHELLS;21143.0;1
1;33248.0;Caesar;Paris;SEASHELLS;21129.0;1
1;33249.0;Paris;Caesar;SEASHELLS;21127.0;1
1;33264.0;Caesar;Paris;SEASHELLS;21125.0;2
1;33265.0;Paris;Caesar;SEASHELLS;21130.0;3
1;33272.0;Paris;Caesar;SEASHELLS;21127.0;1
1;33275.0;Paris;Caesar;SEASHELLS;21134.0;4
1;33299.0;Caesar;Paris;SEASHELLS;21146.0;1
1;33302.0;Paris;Caesar;SEASHELLS;21148.0;4
1;33321.0;Paris;Caesar;SEASHELLS;21127.0;4
1;33366.0;Caesar;Camilla;SEASHELLS;21128.0;3
1;33385.0;Caesar;Paris;SEASHELLS;21119.0;4
1;33390.0;Caesar;Paris;SEASHELLS;21120.0;5
1;33395.0;Caesar;Camilla;SEASHELLS;21126.0;9
1;33395.0;Paris;Caesar;SEASHELLS;21127.0;3
1;33399.0;Caesar;Camilla;SEASHELLS;21127.0;4
1;33400.0;Paris;Caesar;SEASHELLS;21129.0;4
1;33401.0;Caesar;Paris;SEASHELLS;21129.0;3
1;33411.0;Paris;Caesar;SEASHELLS;21135.0;5
1;33440.0;Caesar;Paris;SEASHELLS;21149.0;2
1;33444.0;Paris;Caesar;SEASHELLS;21156.0;5
1;33450.0;Paris;Caesar;SEASHELLS;21155.0;5
1;33455.0;Caesar;Paris;SEASHELLS;21153.0;5
1;33472.0;Paris;Caesar;SEASHELLS;21157.0;1
1;33489.0;Caesar;Paris;SEASHELLS;21159.0;3
1;33505.0;Caesar;Paris;SEASHELLS;21159.0;1
1;33517.0;Caesar;Camilla;SEASHELLS;21143.0;11
1;33523.0;Paris;Caesar;SEASHELLS;21149.0;4
1;33534.0;Caesar;Paris;SEASHELLS;21141.0;4
1;33550.0;Caesar;Paris;SEASHELLS;21144.0;4
1;33562.0;Paris;Caesar;SEASHELLS;21140.0;4
1;33563.0;Caesar;Camilla;SEASHELLS;21141.0;5
1;33591.0;Paris;Caesar;SEASHELLS;21154.0;4
1;33601.0;Caesar;Paris;SEASHELLS;21153.0;3
1;33603.0;Paris;Caesar;SEASHELLS;21150.0;5
1;33633.0;Caesar;Paris;SEASHELLS;21159.0;1
1;33636.0;Paris;Caesar;SEASHELLS;21159.0;2
1;33644.0;Caesar;Paris;SEASHELLS;21149.0;5
1;33654.0;Paris;Caesar;SEASHELLS;21152.0;4
1;33659.0;Caesar;Paris;SEASHELLS;21152.0;3
1;33666.0;Paris;Caesar;SEASHELLS;21134.0;2
1;33680.0;Caesar;Paris;SEASHELLS;21125.0;1
1;33681.0;Paris;Caesar;SEASHELLS;21135.0;4
1;33686.0;Caesar;Paris;SEASHELLS;21143.0;2
1;33700.0;Paris;Caesar;SEASHELLS;21147.0;2
1;33701.0;Caesar;Paris;SEASHELLS;21144.0;1
1;33704.0;Caesar;Paris;SEASHELLS;21154.0;4
1;33710.0;Paris;Caesar;SEASHELLS;21164.0;4
1;33724.0;Caesar;Paris;SEASHELLS;21176.0;3
1;33729.0;Paris;Caesar;SEASHELLS;21182.0;3
1;33741.0;Paris;Caesar;SEASHELLS;21173.0;1
1;33748.0;Paris;Caesar;SEASHELLS;21182.0;4
1;33762.0;Caesar;Paris;SEASHELLS;21185.0;1
1;33778.0;Caesar;Paris;SEASHELLS;21185.0;5
1;33785.0;Caesar;Paris;SEASHELLS;21187.0;5
1;33794.0;Paris;Caesar;SEASHELLS;21177.0;5
1;33799.0;Caesar;Paris;SEASHELLS;21187.0;5
1;33802.0;Caesar;Paris;SEASHELLS;21195.0;4
1;33816.0;Caesar;Paris;SEASHELLS;21196.0;3
1;33848.0;Caesar;Paris;SEASHELLS;21217.0;3
1;33850.0;Caesar;Paris;SEASHELLS;21221.0;4
1;33879.0;Caesar;Paris;SEASHELLS;21247.0;5
1;33881.0;Caesar;Camilla;SEASHELLS;21242.0;10
1;33882.0;Caesar;Camilla;SEASHELLS;21238.0;7
1;33901.0;Paris;Caesar;SEASHELLS;21260.0;4
1;33905.0;Caesar;Paris;SEASHELLS;21256.0;5
1;33923.0;Caesar;Paris;SEASHELLS;21234.0;2
1;33936.0;Caesar;Paris;SEASHELLS;21252.0;5
1;33965.0;Caesar;Paris;SEASHELLS;21258.0;5
1;33968.0;Caesar;Camilla;SEASHELLS;21260.0;8
1;33972.0;Caesar;Paris;SEASHELLS;21275.0;3
1;34015.0;Caesar;Paris;SEASHELLS;21248.0;3
1;34038.0;Caesar;Paris;SEASHELLS;21229.0;5
1;34040.0;Paris;Caesar;SEASHELLS;21226.0;1
1;34051.0;Caesar;Camilla;SEASHELLS;21226.0;8
1;34062.0;Caesar;Paris;SEASHELLS;21221.0;3
1;34108.0;Paris;Caesar;SEASHELLS;21237.0;1
1;34118.0;Caesar;Paris;SEASHELLS;21251.0;3
1;34120.0;Caesar;Paris;SEASHELLS;21253.0;3
1;34127.0;Paris;Caesar;SEASHELLS;21265.0;5
1;34148.0;Paris;Caesar;SEASHELLS;21252.0;1
1;34151.0;Paris;Caesar;SEASHELLS;21256.0;3
1;34154.0;Paris;Caesar;SEASHELLS;21259.0;3
1;34157.0;Paris;Caesar;SEASHELLS;21257.0;1
1;34165.0;Paris;Caesar;SEASHELLS;21264.0;5
1;34212.0;Caesar;Paris;SEASHELLS;21257.0;4
1;34213.0;Caesar;Paris;SEASHELLS;21254.0;4
1;34214.0;Paris;Caesar;SEASHELLS;21259.0;4
1;34245.0;Caesar;Camilla;SEASHELLS;21256.0;5
1;34247.0;Caesar;Paris;SEASHELLS;21258.0;4
1;34276.0;Caesar;Paris;SEASHELLS;21259.0;1
1;34279.0;Paris;Caesar;SEASHELLS;21257.0;4
1;34285.0;Paris;Caesar;SEASHELLS;21268.0;4
1;34294.0;Paris;Caesar;SEASHELLS;21260.0;3
1;34334.0;Paris;Caesar;SEASHELLS;21269.0;3
1;34347.0;Caesar;Paris;SEASHELLS;21274.0;5
1;34350.0;Caesar;Paris;SEASHELLS;21266.0;1
1;34370.0;Caesar;Paris;SEASHELLS;21255.0;3
1;34394.0;Caesar;Paris;SEASHELLS;21243.0;5
1;34410.0;Caesar;Paris;SEASHELLS;21233.0;2
1;34412.0;Caesar;Paris;SEASHELLS;21226.0;5
1;34415.0;Paris;Caesar;SEASHELLS;21224.0;3
1;34418.0;Paris;Caesar;SEASHELLS;21223.0;2
1;34425.0;Paris;Caesar;SEASHELLS;21232.0;1
1;34436.0;Caesar;Paris;SEASHELLS;21228.0;4
1;34462.0;Caesar;Camilla;SEASHELLS;21206.0;3
1;34465.0;Paris;Caesar;SEASHELLS;21210.0;4
1;34470.0;Caesar;Paris;SEASHELLS;21213.0;4
1;34473.0;Paris;Caesar;SEASHELLS;21217.0;1
1;34474.0;Caesar;Paris;SEASHELLS;21210.0;1
1;34509.0;Paris;Caesar;SEASHELLS;21213.0;2
1;34517.0;Paris;Caesar;SEASHELLS;21211.0;3
1;34524.0;Paris;Caesar;SEASHELLS;21201.0;3
1;34532.0;Paris;Caesar;SEASHELLS;21203.0;2
1;34536.0;Paris;Caesar;SEASHELLS;21209.0;2
1;34537.0;Paris;Caesar;SEASHELLS;21207.0;3
1;34539.0;Paris;Caesar;SEASHELLS;21208.0;4
1;34548.0;Paris;Caesar;SEASHELLS;21200.0;2
1;34550.0;Caesar;Camilla;SEASHELLS;21202.0;10
1;34556.0;Caesar;Camilla;SEASHELLS;21210.0;6
1;34566.0;Caesar;Paris;SEASHELLS;21197.0;1
1;34587.0;Paris;Caesar;SEASHELLS;21226.0;2
1;34588.0;Caesar;Paris;SEASHELLS;21224.0;2
1;34612.0;Paris;Caesar;SEASHELLS;21224.0;3
1;34615.0;Paris;Caesar;SEASHELLS;21226.0;2
1;34621.0;Caesar;Paris;SEASHELLS;21235.0;4
1;34623.0;Caesar;Paris;SEASHELLS;21233.0;4
1;34632.0;Caesar;Paris;SEASHELLS;21233.0;3
1;34635.0;Caesar;Paris;SEASHELLS;21231.0;5
1;34642.0;Paris;Caesar;SEASHELLS;21232.0;4
1;34664.0;Paris;Caesar;SEASHELLS;21227.0;3
1;34674.0;Caesar;Paris;SEASHELLS;21210.0;4
1;34689.0;Caesar;Paris;SEASHELLS;21218.0;3
1;34692.0;Caesar;Paris;SEASHELLS;21210.0;4
1;34699.0;Paris;Caesar;SEASHELLS;21216.0;3
1;34719.0;Paris;Caesar;SEASHELLS;21236.0;3
1;34721.0;Paris;Caesar;SEASHELLS;21234.0;1
1;34730.0;Paris;Caesar;SEASHELLS;21232.0;1
1;34738.0;Caesar;Paris;SEASHELLS;21232.0;4
1;34744.0;Caesar;Paris;SEASHELLS;21237.0;4
1;34749.0;Caesar;Paris;SEASHELLS;21242.0;1
1;34753.0;Caesar;Paris;SEASHELLS;21243.0;1
1;34755.0;Paris;Caesar;SEASHELLS;21237.0;2
1;34758.0;Paris;Caesar;SEASHELLS;21245.0;3
1;34767.0;Caesar;Paris;SEASHELLS;21244.0;5
1;34771.0;Caesar;Paris;SEASHELLS;21250.0;3
1;34778.0;Caesar;Paris;SEASHELLS;21260.0;2
1;34787.0;Paris;Caesar;SEASHELLS;21271.0;3
1;34791.0;Caesar;Paris;SEASHELLS;21274.0;4
1;34825.0;Caesar;Paris;SEASHELLS;21238.0;2
1;34825.0;Caesar;Camilla;SEASHELLS;21238.0;9
1;34826.0;Paris;Caesar;SEASHELLS;21238.0;2
1;34836.0;Paris;Caesar;SEASHELLS;21239.0;5
1;34844.0;Paris;Caesar;SEASHELLS;21246.0;5
1;34853.0;Paris;Caesar;SEASHELLS;21247.0;1
1;34863.0;Caesar;Paris;SEASHELLS;21252.0;1
1;34870.0;Paris;Caesar;SEASHELLS;21241.0;2
1;34890.0;Paris;Caesar;SEASHELLS;21252.0;4
1;34891.0;Caesar;Paris;SEASHELLS;21251.0;4
1;34894.0;Paris;Caesar;SEASHELLS;21245.0;2
1;34896.0;Caesar;Paris;SEASHELLS;21238.0;3
1;34901.0;Caesar;Paris;SEASHELLS;21246.0;5
1;34911.0;Caesar;Camilla;SEASHELLS;21240.0;8
1;34912.0;Paris;Caesar;SEASHELLS;21247.0;1
1;34913.0;Paris;Caesar;SEASHELLS;21249.0;4
1;34915.0;Caesar;Paris;SEASHELLS;21238.0;2
1;34922.0;Paris;Caesar;SEASHELLS;21245.0;4
1;34923.0;Paris;Caesar;SEASHELLS;21245.0;4
1;34933.0;Paris;Caesar;SEASHELLS;21244.0;5
1;34941.0;Paris;Caesar;SEASHELLS;21247.0;2
1;34960.0;Caesar;Camilla;SEASHELLS;21227.0;6
1;34962.0;Caesar;Paris;SEASHELLS;21230.0;1
1;34991.0;Caesar;Paris;SEASHELLS;21231.0;4
1;34999.0;Paris;Caesar;SEASHELLS;21234.0;2
1;35001.0;Caesar;Paris;SEASHELLS;21231.0;1
1;35021.0;Caesar;Paris;SEASHELLS;21233.0;5
1;35032.0;Caesar;Paris;SEASHELLS;21230.0;1
1;35037.0;Caesar;Paris;SEASHELLS;21231.0;4
1;35047.0;Paris;Caesar;SEASHELLS;21231.0;3
1;35056.0;Paris;Caesar;SEASHELLS;21230.0;3
1;35058.0;Paris;Caesar;SEASHELLS;21226.0;3
1;35065.0;Caesar;Paris;SEASHELLS;21214.0;2
1;35090.0;Paris;Caesar;SEASHELLS;21246.0;1
1;35100.0;Caesar;Paris;SEASHELLS;21256.0;4
1;35102.0;Caesar;Paris;SEASHELLS;21254.0;1
1;35113.0;Paris;Caesar;SEASHELLS;21251.0;2
1;35120.0;Paris;Caesar;SEASHELLS;21258.0;1
1;35137.0;Paris;Caesar;SEASHELLS;21273.0;1
1;35143.0;Caesar;Paris;SEASHELLS;21263.0;2
1;35153.0;Caesar;Paris;SEASHELLS;21262.0;1
1;35175.0;Caesar;Paris;SEASHELLS;21236.0;4
1;35181.0;Paris;Caesar;SEASHELLS;21235.0;3
1;35197.0;Caesar;Paris;SEASHELLS;21230.0;5
1;35205.0;Paris;Caesar;SEASHELLS;21219.0;3
1;35206.0;Caesar;Camilla;SEASHELLS;21214.0;5
1;35226.0;Paris;Caesar;SEASHELLS;21216.0;4
1;35227.0;Paris;Caesar;SEASHELLS;21214.0;2
1;35230.0;Caesar;Paris;SEASHELLS;21208.0;3
1;35246.0;Caesar;Paris;SEASHELLS;21206.0;3
1;35264.0;Paris;Caesar;SEASHELLS;21210.0;2
1;35274.0;Paris;Caesar;SEASHELLS;21205.0;2
1;35280.0;Paris;Caesar;SEASHELLS;21203.0;1
1;35284.0;Paris;Caesar;SEASHELLS;21204.0;5
1;35288.0;Paris;Caesar;SEASHELLS;21195.0;1
1;35295.0;Caesar;Paris;SEASHELLS;21199.0;1
1;35317.0;Caesar;Paris;SEASHELLS;21203.0;5
1;35320.0;Caesar;Paris;SEASHELLS;21199.0;1
1;35330.0;Caesar;Paris;SEASHELLS;21193.0;1
1;35334.0;Caesar;Paris;SEASHELLS;21196.0;4
1;35364.0;Caesar;Paris;SEASHELLS;21215.0;1
1;35377.0;Paris;Caesar;SEASHELLS;21233.0;4
1;35381.0;Paris;Caesar;SEASHELLS;21237.0;3
1;35394.0;Paris;Caesar;SEASHELLS;21243.0;4
1;35410.0;Caesar;Paris;SEASHELLS;21236.0;1
1;35415.0;Paris;Caesar;SEASHELLS;21234.0;5
1;35416.0;Caesar;Paris;SEASHELLS;21229.0;4
1;35438.0;Paris;Caesar;SEASHELLS;21225.0;4
1;35444.0;Caesar;Paris;SEASHELLS;21231.0;3
1;35457.0;Caesar;Paris;SEASHELLS;21241.0;4
1;35459.0;Paris;Caesar;SEASHELLS;21238.0;3
1;35484.0;Caesar;Paris;SEASHELLS;21228.0;5
1;35496.0;Caesar;Paris;SEASHELLS;21241.0;1
1;35498.0;Caesar;Paris;SEASHELLS;21236.0;5
1;35512.0;Paris;Caesar;SEASHELLS;21256.0;2
1;35516.0;Caesar;Paris;SEASHELLS;21260.0;4
1;35525.0;Paris;Caesar;SEASHELLS;21250.0;5
1;35530.0;Caesar;Paris;SEASHELLS;21254.0;1
1;35536.0;Caesar;Camilla;SEASHELLS;21248.0;5
1;35539.0;Paris;Caesar;SEASHELLS;21251.0;5
1;35541.0;Paris;Caesar;SEASHELLS;21254.0;4
1;35544.0;Caesar;Paris;SEASHELLS;21259.0;2
1;35546.0;Caesar;Paris;SEASHELLS;21262.0;4
1;35559.0;Paris;Caesar;SEASHELLS;21271.0;1
1;35566.0;Paris;Caesar;SEASHELLS;21273.0;5
1;35569.0;Caesar;Paris;SEASHELLS;21266.0;1
1;35575.0;Paris;Caesar;SEASHELLS;21265.0;5
1;35594.0;Paris;Caesar;SEASHELLS;21273.0;1
1;35598.0;Caesar;Camilla;SEASHELLS;21273.0;9
1;35602.0;Caesar;Camilla;SEASHELLS;21272.0;7
1;35609.0;Caesar;Camilla;SEASHELLS;21274.0;9
1;35622.0;Caesar;Paris;SEASHELLS;21267.0;1
1;35646.0;Caesar;Paris;SEASHELLS;21268.0;2
1;35647.0;Paris;Caesar;SEASHELLS;21269.0;1
1;35665.0;Caesar;Paris;SEASHELLS;21260.0;4
1;35678.0;Caesar;Paris;SEASHELLS;21265.0;5
1;35689.0;Paris;Caesar;SEASHELLS;21261.0;3
1;35694.0;Caesar;Paris;SEASHELLS;21267.0;4
1;35696.0;Paris;Caesar;SEASHELLS;21266.0;2
1;35703.0;Paris;Caesar;SEASHELLS;21269.0;5
1;35716.0;Caesar;Paris;SEASHELLS;21293.0;4
1;35748.0;Caesar;Paris;SEASHELLS;21283.0;5
1;35759.0;Caesar;Paris;SEASHELLS;21291.0;1
1;35804.0;Caesar;Camilla;SEASHELLS;21302.0;10
1;35812.0;Paris;Caesar;SEASHELLS;21307.0;5
1;35824.0;Caesar;Paris;SEASHELLS;21330.0;3
1;35830.0;Paris;Caesar;SEASHELLS;21323.0;1
1;35836.0;Caesar;Paris;SEASHELLS;21334.0;1
1;35837.0;Caesar;Olivia;SEASHELLS;21337.0;3
1;35868.0;Caesar;Paris;SEASHELLS;21330.0;2
1;35869.0;Caesar;Camilla;SEASHELLS;21328.0;9
1;35872.0;Caesar;Paris;SEASHELLS;21328.0;1
1;35873.0;Paris;Caesar;SEASHELLS;21330.0;3
1;35887.0;Caesar;Paris;SEASHELLS;21332.0;3
1;35893.0;Caesar;Paris;SEASHELLS;21329.0;4
1;35921.0;Paris;Caesar;SEASHELLS;21324.0;4
1;35935.0;Caesar;Paris;SEASHELLS;21296.0;4
1;35948.0;Caesar;Paris;SEASHELLS;21276.0;5
1;35998.0;Paris;Caesar;SEASHELLS;21275.0;5
1;36003.0;Caesar;Camilla;SEASHELLS;21266.0;4
1;36003.0;Paris;Caesar;SEASHELLS;21267.0;2
1;36006.0;Paris;Caesar;SEASHELLS;21269.0;5
1;36018.0;Paris;Caesar;SEASHELLS;21262.0;4
1;36025.0;Caesar;Paris;SEASHELLS;21270.0;1
1;36032.0;Caesar;Paris;SEASHELLS;21267.0;4
1;36042.0;Caesar;Paris;SEASHELLS;21249.0;4
1;36053.0;Paris;Caesar;SEASHELLS;21252.0;5
1;36054.0;Paris;Caesar;SEASHELLS;21252.0;3
1;36055.0;Paris;Caesar;SEASHELLS;21251.0;4
1;36062.0;Paris;Caesar;SEASHELLS;21250.0;1
1;36066.0;Paris;Caesar;SEASHELLS;21247.0;3
1;36081.0;Caesar;Paris;SEASHELLS;21233.0;2
1;36086.0;Caesar;Paris;SEASHELLS;21248.0;3
1;36089.0;Paris;Caesar;SEASHELLS;21252.0;4
1;36093.0;Paris;Caesar;SEASHELLS;21250.0;5
1;36132.0;Caesar;Paris;SEASHELLS;21241.0;1
1;36155.0;Paris;Caesar;SEASHELLS;21232.0;3
1;36160.0;Caesar;Paris;SEASHELLS;21231.0;2
1;36173.0;Paris;Caesar;SEASHELLS;21224.0;1
1;36178.0;Paris;Caesar;SEASHELLS;21223.0;3
1;36196.0;Paris;Caesar;SEASHELLS;21246.0;4
1;36208.0;Paris;Caesar;SEASHELLS;21253.0;1
1;36218.0;Caesar;Paris;SEASHELLS;21240.0;3
1;36231.0;Paris;Caesar;SEASHELLS;21231.0;5
1;36249.0;Paris;Caesar;SEASHELLS;21239.0;1
1;36275.0;Paris;Caesar;SEASHELLS;21224.0;1
1;36281.0;Paris;Caesar;SEASHELLS;21220.0;4
1;36283.0;Caesar;Paris;SEASHELLS;21224.0;5
1;36296.0;Paris;Caesar;SEASHELLS;21223.0;1
1;36307.0;Paris;Caesar;SEASHELLS;21220.0;3
1;36309.0;Caesar;Paris;SEASHELLS;21216.0;2
1;36314.0;Caesar;Camilla;SEASHELLS;21220.0;9
1;36321.0;Caesar;Paris;SEASHELLS;21221.0;2
1;36339.0;Caesar;Paris;SEASHELLS;21208.0;5
1;36365.0;Caesar;Paris;SEASHELLS;21206.0;5
1;36371.0;Paris;Caesar;SEASHELLS;21213.0;2
1;36376.0;Caesar;Camilla;SEASHELLS;21222.0;6
1;36402.0;Caesar;Paris;SEASHELLS;21250.0;1
1;36403.0;Caesar;Paris;SEASHELLS;21252.0;1
1;36408.0;Caesar;Paris;SEASHELLS;21253.0;5
1;36465.0;Paris;Caesar;SEASHELLS;21236.0;1
1;36494.0;Paris;Caesar;SEASHELLS;21282.0;5
1;36501.0;Paris;Caesar;SEASHELLS;21293.0;4
1;36503.0;Paris;Caesar;SEASHELLS;21293.0;5
1;36507.0;Paris;Caesar;SEASHELLS;21287.0;3
1;36509.0;Caesar;Camilla;SEASHELLS;21288.0;3
1;36516.0;Paris;Caesar;SEASHELLS;21278.0;5
1;36535.0;Caesar;Paris;SEASHELLS;21249.0;2
1;36552.0;Caesar;Paris;SEASHELLS;21259.0;4
1;36568.0;Caesar;Paris;SEASHELLS;21269.0;2
1;36571.0;Caesar;Paris;SEASHELLS;21273.0;4
1;36572.0;Caesar;Paris;SEASHELLS;21276.0;3
1;36573.0;Paris;Caesar;SEASHELLS;21280.0;5
1;36576.0;Caesar;Paris;SEASHELLS;21282.0;5
1;36601.0;Paris;Caesar;SEASHELLS;21287.0;5
1;36607.0;Caesar;Paris;SEASHELLS;21286.0;4
1;36615.0;Caesar;Camilla;SEASHELLS;21288.0;3
1;36624.0;Caesar;Paris;SEASHELLS;21267.0;2
1;36632.0;Caesar;Paris;SEASHELLS;21254.0;2
1;36637.0;Paris;Caesar;SEASHELLS;21251.0;4
1;36647.0;Caesar;Paris;SEASHELLS;21269.0;2
1;36657.0;Paris;Caesar;SEASHELLS;21290.0;1
1;36661.0;Caesar;Paris;SEASHELLS;21284.0;1
1;36665.0;Paris;Caesar;SEASHELLS;21279.0;5
1;36671.0;Caesar;Paris;SEASHELLS;21261.0;2
1;36681.0;Caesar;Paris;SEASHELLS;21255.0;1
1;36684.0;Caesar;Paris;SEASHELLS;21252.0;2
1;36687.0;Caesar;Paris;SEASHELLS;21247.0;3
1;36699.0;Caesar;Camilla;SEASHELLS;21237.0;7
1;36707.0;Paris;Caesar;SEASHELLS;21239.0;2
1;36712.0;Paris;Caesar;SEASHELLS;21234.0;3
1;36722.0;Caesar;Camilla;SEASHELLS;21232.0;11
1;36725.0;Caesar;Paris;SEASHELLS;21232.0;2
1;36728.0;Caesar;Paris;SEASHELLS;21230.0;5
1;36733.0;Caesar;Paris;SEASHELLS;21223.0;4
1;36746.0;Caesar;Paris;SEASHELLS;21214.0;4
1;36752.0;Caesar;Paris;SEASHELLS;21204.0;4
1;36776.0;Paris;Caesar;SEASHELLS;21206.0;2
1;36779.0;Paris;Caesar;SEASHELLS;21205.0;5
1;36818.0;Caesar;Paris;SEASHELLS;21196.0;4
1;36844.0;Paris;Caesar;SEASHELLS;21221.0;1
1;36848.0;Caesar;Paris;SEASHELLS;21220.0;2
1;36854.0;Caesar;Camilla;SEASHELLS;21223.0;9
1;36857.0;Caesar;Paris;SEASHELLS;21223.0;3
1;36858.0;Paris;Caesar;SEASHELLS;21224.0;3
1;36860.0;Caesar;Paris;SEASHELLS;21223.0;5
1;36865.0;Caesar;Paris;SEASHELLS;21219.0;5
1;36866.0;Paris;Caesar;SEASHELLS;21218.0;5
1;36867.0;Paris;Caesar;SEASHELLS;21214.0;1
1;36893.0;Caesar;Paris;SEASHELLS;21180.0;3
1;36900.0;Paris;Caesar;SEASHELLS;21187.0;5
1;36917.0;Caesar;Paris;SEASHELLS;21190.0;4
1;36923.0;Paris;Caesar;SEASHELLS;21201.0;4
1;36951.0;Paris;Caesar;SEASHELLS;21172.0;4
1;36954.0;Paris;Caesar;SEASHELLS;21167.0;1
1;36960.0;Paris;Caesar;SEASHELLS;21168.0;2
1;36977.0;Caesar;Paris;SEASHELLS;21178.0;2
1;36979.0;Paris;Caesar;SEASHELLS;21192.0;2
1;36994.0;Caesar;Paris;SEASHELLS;21181.0;4
1;37021.0;Paris;Caesar;SEASHELLS;21156.0;5
1;37027.0;Caesar;Paris;SEASHELLS;21153.0;3
1;37033.0;Paris;Caesar;SEASHELLS;21166.0;5
1;37035.0;Paris;Caesar;SEASHELLS;21166.0;2
1;37052.0;Caesar;Paris;SEASHELLS;21141.0;2
1;37053.0;Caesar;Paris;SEASHELLS;21138.0;4
1;37060.0;Caesar;Camilla;SEASHELLS;21130.0;10
1;37066.0;Caesar;Paris;SEASHELLS;21140.0;3
1;37095.0;Caesar;Paris;SEASHELLS;21122.0;5
1;37119.0;Caesar;Paris;SEASHELLS;21134.0;2
1;37120.0;Paris;Caesar;SEASHELLS;21136.0;1
1;37130.0;Paris;Caesar;SEASHELLS;21132.0;1
1;37136.0;Paris;Caesar;SEASHELLS;21135.0;4
1;37146.0;Caesar;Paris;SEASHELLS;21151.0;2
1;37161.0;Paris;Caesar;SEASHELLS;21152.0;5
1;37166.0;Caesar;Paris;SEASHELLS;21150.0;1
1;37169.0;Paris;Caesar;SEASHELLS;21155.0;3
1;37181.0;Paris;Caesar;SEASHELLS;21168.0;2
1;37191.0;Paris;Caesar;SEASHELLS;21169.0;4
1;37197.0;Caesar;Paris;SEASHELLS;21181.0;4
1;37219.0;Caesar;Camilla;SEASHELLS;21191.0;6
1;37224.0;Caesar;Paris;SEASHELLS;21196.0;3
1;37236.0;Paris;Caesar;SEASHELLS;21197.0;2
1;37237.0;Caesar;Paris;SEASHELLS;21194.0;5
1;37275.0;Caesar;Paris;SEASHELLS;21198.0;3
1;37277.0;Paris;Caesar;SEASHELLS;21197.0;4
1;37288.0;Paris;Caesar;SEASHELLS;21191.0;2
1;37297.0;Paris;Caesar;SEASHELLS;21185.0;1
1;37300.0;Caesar;Paris;SEASHELLS;21182.0;3
1;37328.0;Paris;Caesar;SEASHELLS;21174.0;2
1;37331.0;Caesar;Paris;SEASHELLS;21179.0;3
1;37348.0;Caesar;Paris;SEASHELLS;21178.0;3
1;37363.0;Paris;Caesar;SEASHELLS;21171.0;5
1;37365.0;Caesar;Paris;SEASHELLS;21175.0;3
1;37409.0;Caesar;Camilla;SEASHELLS;21142.0;3
1;37414.0;Paris;Caesar;SEASHELLS;21140.0;3
1;37420.0;Caesar;Paris;SEASHELLS;21141.0;2
1;37427.0;Paris;Caesar;SEASHELLS;21133.0;5
1;37441.0;Paris;Caesar;SEASHELLS;21123.0;4
1;37452.0;Caesar;Paris;SEASHELLS;21108.0;2
1;37463.0;Caesar;Paris;SEASHELLS;21111.0;3
1;37467.0;Caesar;Paris;SEASHELLS;21117.0;1
1;37468.0;Caesar;Camilla;SEASHELLS;21118.0;5
1;37468.0;Paris;Caesar;SEASHELLS;21120.0;4
1;37479.0;Paris;Caesar;SEASHELLS;21102.0;4
1;37481.0;Caesar;Paris;SEASHELLS;21095.0;5
1;37498.0;Caesar;Paris;SEASHELLS;21118.0;5
1;37523.0;Caesar;Paris;SEASHELLS;21120.0;1
1;37558.0;Caesar;Paris;SEASHELLS;21084.0;3
1;37563.0;Caesar;Camilla;SEASHELLS;21084.0;4
1;37564.0;Paris;Caesar;SEASHELLS;21083.0;3
1;37576.0;Paris;Caesar;SEASHELLS;21074.0;4
1;37577.0;Caesar;Paris;SEASHELLS;21071.0;5
1;37591.0;Paris;Caesar;SEASHELLS;21086.0;2
1;37604.0;Caesar;Paris;SEASHELLS;21086.0;2
1;37607.0;Caesar;Paris;SEASHELLS;21084.0;3
1;37614.0;Paris;Caesar;SEASHELLS;21091.0;1
1;37634.0;Paris;Caesar;SEASHELLS;21097.0;2
1;37643.0;Caesar;Paris;SEASHELLS;21091.0;1
1;37647.0;Caesar;Paris;SEASHELLS;21087.0;2
1;37675.0;Caesar;Paris;SEASHELLS;21064.0;4
1;37676.0;Paris;Caesar;SEASHELLS;21065.0;3
1;37682.0;Caesar;Paris;SEASHELLS;21069.0;3
1;37689.0;Paris;Caesar;SEASHELLS;21068.0;1
1;37691.0;Caesar;Paris;SEASHELLS;21068.0;5
1;37711.0;Caesar;Paris;SEASHELLS;21093.0;2
1;37714.0;Caesar;Paris;SEASHELLS;21083.0;4
1;37721.0;Caesar;Paris;SEASHELLS;21084.0;3
1;37729.0;Caesar;Paris;SEASHELLS;21094.0;2
1;37734.0;Paris;Caesar;SEASHELLS;21086.0;1
1;37738.0;Caesar;Paris;SEASHELLS;21092.0;4
1;37745.0;Paris;Caesar;SEASHELLS;21087.0;4
1;37748.0;Paris;Camilla;SEASHELLS;21089.0;2
1;37765.0;Caesar;Paris;SEASHELLS;21100.0;2
1;37769.0;Caesar;Camilla;SEASHELLS;21108.0;10
1;37776.0;Caesar;Paris;SEASHELLS;21108.0;4
1;37784.0;Paris;Caesar;SEASHELLS;21104.0;1
1;37787.0;Paris;Caesar;SEASHELLS;21100.0;2
1;37788.0;Caesar;Paris;SEASHELLS;21100.0;4
1;37796.0;Paris;Caesar;SEASHELLS;21100.0;2
1;37798.0;Caesar;Paris;SEASHELLS;21090.0;4
1;37815.0;Paris;Caesar;SEASHELLS;21076.0;4
1;37828.0;Paris;Caesar;SEASHELLS;21075.0;1
1;37854.0;Paris;Caesar;SEASHELLS;21079.0;4
1;37887.0;Caesar;Paris;SEASHELLS;21091.0;2
1;37894.0;Paris;Caesar;SEASHELLS;21089.0;4
1;37897.0;Caesar;Paris;SEASHELLS;21083.0;2
1;37901.0;Caesar;Paris;SEASHELLS;21090.0;3
1;37919.0;Paris;Caesar;SEASHELLS;21093.0;1
1;37923.0;Caesar;Paris;SEASHELLS;21087.0;2
1;37924.0;Paris;Caesar;SEASHELLS;21087.0;1
1;37936.0;Caesar;Camilla;SEASHELLS;21091.0;9
1;37940.0;Caesar;Paris;SEASHELLS;21099.0;1
1;37950.0;Paris;Caesar;SEASHELLS;21101.0;5
1;37951.0;Caesar;Paris;SEASHELLS;21101.0;2
1;37955.0;Paris;Caesar;SEASHELLS;21112.0;5
1;37956.0;Paris;Caesar;SEASHELLS;21118.0;2
1;37967.0;Paris;Caesar;SEASHELLS;21127.0;5
1;37986.0;Paris;Caesar;SEASHELLS;21119.0;1
1;37992.0;Paris;Caesar;SEASHELLS;21130.0;5
1;38001.0;Caesar;Paris;SEASHELLS;21126.0;3
1;38003.0;Paris;Caesar;SEASHELLS;21126.0;3
1;38007.0;Paris;Caesar;SEASHELLS;21125.0;1
1;38012.0;Paris;Caesar;SEASHELLS;21124.0;1
1;38017.0;Caesar;Camilla;SEASHELLS;21124.0;3
1;38026.0;Caesar;Paris;SEASHELLS;21128.0;4
1;38033.0;Paris;Caesar;SEASHELLS;21125.0;1
1;38034.0;Paris;Caesar;SEASHELLS;21123.0;5
1;38042.0;Paris;Caesar;SEASHELLS;21126.0;4
1;38048.0;Caesar;Paris;SEASHELLS;21133.0;1
1;38051.0;Caesar;Paris;SEASHELLS;21139.0;3
1;38064.0;Paris;Caesar;SEASHELLS;21127.0;5
1;38067.0;Caesar;Paris;SEASHELLS;21117.0;5
1;38082.0;Paris;Caesar;SEASHELLS;21118.0;1
1;38087.0;Caesar;Paris;SEASHELLS;21120.0;1
1;38096.0;Paris;Caesar;SEASHELLS;21127.0;5
1;38101.0;Paris;Caesar;SEASHELLS;21120.0;3
1;38110.0;Paris;Caesar;SEASHELLS;21131.0;4
1;38111.0;Caesar;Paris;SEASHELLS;21133.0;3
1;38113.0;Paris;Caesar;SEASHELLS;21132.0;4
1;38119.0;Caesar;Paris;SEASHELLS;21134.0;3
1;38125.0;Caesar;Camilla;SEASHELLS;21129.0;7
1;38127.0;Caesar;Paris;SEASHELLS;21120.0;5
1;38135.0;Paris;Caesar;SEASHELLS;21120.0;2
1;38137.0;Paris;Caesar;SEASHELLS;21115.0;3
1;38141.0;Caesar;Paris;SEASHELLS;21129.0;3
1;38147.0;Paris;Caesar;SEASHELLS;21137.0;2
1;38150.0;Caesar;Paris;SEASHELLS;21138.0;4
1;38158.0;Caesar;Paris;SEASHELLS;21117.0;1
1;38177.0;Caesar;Paris;SEASHELLS;21134.0;5
1;38188.0;Paris;Caesar;SEASHELLS;21146.0;4
1;38190.0;Caesar;Paris;SEASHELLS;21141.0;4
1;38193.0;Caesar;Camilla;SEASHELLS;21139.0;4
1;38202.0;Caesar;Paris;SEASHELLS;21127.0;2
1;38203.0;Paris;Caesar;SEASHELLS;21129.0;3
1;38205.0;Paris;Caesar;SEASHELLS;21128.0;4
1;38239.0;Paris;Caesar;SEASHELLS;21131.0;1
1;38244.0;Caesar;Paris;SEASHELLS;21129.0;2
1;38247.0;Paris;Caesar;SEASHELLS;21128.0;2
1;38258.0;Paris;Caesar;SEASHELLS;21125.0;1
1;38261.0;Paris;Caesar;SEASHELLS;21114.0;2
1;38268.0;Paris;Caesar;SEASHELLS;21124.0;1
1;38273.0;Paris;Caesar;SEASHELLS;21126.0;2
1;38274.0;Caesar;Camilla;SEASHELLS;21128.0;3
1;38278.0;Paris;Caesar;SEASHELLS;21139.0;5
1;38304.0;Caesar;Paris;SEASHELLS;21131.0;2
1;38321.0;Caesar;Paris;SEASHELLS;21133.0;4
1;38342.0;Caesar;Camilla;SEASHELLS;21129.0;11
1;38365.0;Paris;Caesar;SEASHELLS;21116.0;2
1;38374.0;Caesar;Paris;SEASHELLS;21109.0;4
1;38382.0;Paris;Caesar;SEASHELLS;21103.0;4
1;38406.0;Caesar;Camilla;SEASHELLS;21066.0;8
1;38410.0;Paris;Caesar;SEASHELLS;21065.0;2
1;38411.0;Paris;Caesar;SEASHELLS;21064.0;5
1;38414.0;Caesar;Camilla;SEASHELLS;21053.0;7
1;38422.0;Caesar;Paris;SEASHELLS;21063.0;3
1;38429.0;Caesar;Paris;SEASHELLS;21049.0;3
1;38442.0;Caesar;Paris;SEASHELLS;21048.0;5
1;38444.0;Caesar;Paris;SEASHELLS;21045.0;1
1;38456.0;Paris;Caesar;SEASHELLS;21038.0;5
1;38473.0;Paris;Caesar;SEASHELLS;21024.0;5
1;38476.0;Paris;Caesar;SEASHELLS;21024.0;2
1;38485.0;Caesar;Paris;SEASHELLS;21028.0;5
1;38489.0;Paris;Caesar;SEASHELLS;21023.0;1
1;38493.0;Caesar;Paris;SEASHELLS;21018.0;1
1;38506.0;Caesar;Paris;SEASHELLS;21016.0;4
1;38509.0;Paris;Caesar;SEASHELLS;21010.0;5
1;38534.0;Caesar;Camilla;SEASHELLS;21019.0;10
1;38544.0;Caesar;Paris;SEASHELLS;21016.0;5
1;38551.0;Caesar;Paris;SEASHELLS;21002.0;2
1;38553.0;Paris;Caesar;SEASHELLS;21002.0;1
1;38557.0;Caesar;Paris;SEASHELLS;21008.0;4
1;38562.0;Caesar;Camilla;SEASHELLS;20999.0;9
1;38573.0;Paris;Caesar;SEASHELLS;21010.0;5
1;38576.0;Caesar;Paris;SEASHELLS;21001.0;1
1;38583.0;Caesar;Paris;SEASHELLS;21013.0;5
1;38584.0;Paris;Caesar;SEASHELLS;21016.0;2
1;38595.0;Paris;Caesar;SEASHELLS;21018.0;5
1;38598.0;Paris;Caesar;SEASHELLS;21021.0;1
1;38604.0;Paris;Caesar;SEASHELLS;21029.0;4
1;38615.0;Caesar;Paris;SEASHELLS;21033.0;5
1;38623.0;Paris;Caesar;SEASHELLS;21038.0;2
1;38631.0;Paris;Caesar;SEASHELLS;21057.0;5
1;38635.0;Caesar;Paris;SEASHELLS;21052.0;4
1;38637.0;Caesar;Paris;SEASHELLS;21044.0;5
1;38651.0;Caesar;Paris;SEASHELLS;21038.0;5
1;38689.0;Caesar;Paris;SEASHELLS;21044.0;1
1;38696.0;Paris;Caesar;SEASHELLS;21046.0;5
1;38697.0;Caesar;Camilla;SEASHELLS;21049.0;5
1;38697.0;Caesar;Paris;SEASHELLS;21049.0;5
1;38732.0;Paris;Caesar;SEASHELLS;20998.0;5
1;38745.0;Caesar;Paris;SEASHELLS;21018.0;2
1;38746.0;Caesar;Camilla;SEASHELLS;21020.0;7
1;38749.0;Caesar;Paris;SEASHELLS;21019.0;5
1;38753.0;Paris;Caesar;SEASHELLS;21022.0;4
1;38763.0;Paris;Caesar;SEASHELLS;21028.0;5
1;38764.0;Paris;Caesar;SEASHELLS;21028.0;1
1;38774.0;Caesar;Paris;SEASHELLS;21007.0;2
1;38777.0;Paris;Caesar;SEASHELLS;21008.0;5
1;38779.0;Caesar;Paris;SEASHELLS;21008.0;4
1;38831.0;Paris;Caesar;SEASHELLS;21012.0;5
1;38847.0;Caesar;Paris;SEASHELLS;21002.0;2
1;38864.0;Caesar;Paris;SEASHELLS;20985.0;5
1;38875.0;Paris;Caesar;SEASHELLS;20991.0;5
1;38878.0;Paris;Caesar;SEASHELLS;20992.0;3
1;38885.0;Caesar;Paris;SEASHELLS;20995.0;1
1;38898.0;Caesar;Paris;SEASHELLS;21002.0;5
1;38928.0;Caesar;Paris;SEASHELLS;21019.0;1
1;38932.0;Caesar;Paris;SEASHELLS;21016.0;1
1;38940.0;Caesar;Camilla;SEASHELLS;21015.0;6
1;38955.0;Caesar;Camilla;SEASHELLS;21036.0;4
1;38975.0;Paris;Caesar;SEASHELLS;21038.0;2
1;38986.0;Caesar;Paris;SEASHELLS;21013.0;5
1;38992.0;Caesar;Paris;SEASHELLS;21014.0;3
1;38999.0;Caesar;Camilla;SEASHELLS;21016.0;8
1;39017.0;Caesar;Camilla;SEASHELLS;21017.0;4
1;39025.0;Caesar;Paris;SEASHELLS;21020.0;4
1;39054.0;Caesar;Paris;SEASHELLS;21033.0;5
1;39057.0;Paris;Caesar;SEASHELLS;21038.0;1
1;39063.0;Caesar;Paris;SEASHELLS;21028.0;5
1;39064.0;Caesar;Camilla;SEASHELLS;21030.0;11
1;39073.0;Paris;Caesar;SEASHELLS;21036.0;2
1;39080.0;Paris;Caesar;SEASHELLS;21029.0;4
1;39091.0;Caesar;Paris;SEASHELLS;21030.0;1
1;39128.0;Paris;Caesar;SEASHELLS;21027.0;1
1;39130.0;Paris;Caesar;SEASHELLS;21024.0;1
1;39135.0;Paris;Caesar;SEASHELLS;21014.0;3
1;39148.0;Paris;Caesar;SEASHELLS;20997.0;4
1;39159.0;Caesar;Paris;SEASHELLS;20992.0;1
1;39163.0;Paris;Caesar;SEASHELLS;20994.0;3
1;39169.0;Paris;Caesar;SEASHELLS;20990.0;4
1;39175.0;Caesar;Camilla;SEASHELLS;20985.0;3
1;39192.0;Caesar;Camilla;SEASHELLS;20980.0;9
1;39198.0;Caesar;Paris;SEASHELLS;20971.0;2
1;39201.0;Caesar;Paris;SEASHELLS;20973.0;1
1;39244.0;Caesar;Paris;SEASHELLS;20989.0;5
1;39257.0;Paris;Caesar;SEASHELLS;21003.0;2
1;39261.0;Caesar;Paris;SEASHELLS;20995.0;1
1;39264.0;Paris;Caesar;SEASHELLS;20985.0;1
1;39265.0;Caesar;Paris;SEASHELLS;20982.0;1
1;39267.0;Paris;Caesar;SEASHELLS;20987.0;2
1;39275.0;Caesar;Paris;SEASHELLS;20985.0;2
1;39308.0;Caesar;Paris;SEASHELLS;21006.0;4
1;39316.0;Caesar;Paris;SEASHELLS;21013.0;3
1;39323.0;Paris;Caesar;SEASHELLS;21028.0;3
1;39350.0;Caesar;Paris;SEASHELLS;21036.0;3
1;39360.0;Paris;Caesar;SEASHELLS;21056.0;1
1;39366.0;Caesar;Paris;SEASHELLS;21054.0;3
1;39376.0;Caesar;Paris;SEASHELLS;21047.0;5
1;39378.0;Caesar;Paris;SEASHELLS;21048.0;1
1;39383.0;Caesar;Paris;SEASHELLS;21069.0;3
1;39395.0;Caesar;Camilla;SEASHELLS;21067.0;6
1;39402.0;Caesar;Paris;SEASHELLS;21054.0;2
1;39416.0;Paris;Caesar;SEASHELLS;21068.0;3
1;39418.0;Caesar;Paris;SEASHELLS;21063.0;4
1;39431.0;Paris;Caesar;SEASHELLS;21059.0;5
1;39437.0;Caesar;Paris;SEASHELLS;21062.0;2
1;39440.0;Caesar;Paris;SEASHELLS;21061.0;2
1;39446.0;Caesar;Paris;SEASHELLS;21048.0;1
1;39447.0;Paris;Caesar;SEASHELLS;21045.0;3
1;39485.0;Caesar;Paris;SEASHELLS;21031.0;4
1;39506.0;Paris;Caesar;SEASHELLS;21023.0;3
1;39520.0;Paris;Caesar;SEASHELLS;21012.0;3
1;39533.0;Paris;Caesar;SEASHELLS;20997.0;5
1;39546.0;Caesar;Paris;SEASHELLS;20987.0;5
1;39556.0;Paris;Caesar;SEASHELLS;20988.0;3
1;39558.0;Caesar;Paris;SEASHELLS;20984.0;4
1;39600.0;Caesar;Paris;SEASHELLS;20971.0;2
1;39615.0;Caesar;Camilla;SEASHELLS;20962.0;8
1;39638.0;Paris;Caesar;SEASHELLS;20975.0;1
1;39639.0;Caesar;Paris;SEASHELLS;20975.0;4
1;39667.0;Paris;Caesar;SEASHELLS;20991.0;2
1;39675.0;Caesar;Paris;SEASHELLS;20979.0;3
1;39686.0;Caesar;Paris;SEASHELLS;20991.0;2
1;39690.0;Paris;Caesar;SEASHELLS;20997.0;4
1;39694.0;Caesar;Paris;SEASHELLS;20988.0;2
1;39700.0;Paris;Caesar;SEASHELLS;20982.0;2
1;39709.0;Caesar;Paris;SEASHELLS;20972.0;2
1;39712.0;Caesar;Paris;SEASHELLS;20980.0;2
1;39713.0;Caesar;Paris;SEASHELLS;20981.0;4
1;39722.0;Caesar;Paris;SEASHELLS;20977.0;3
1;39740.0;Caesar;Paris;SEASHELLS;20983.0;4
1;39767.0;Paris;Caesar;SEASHELLS;20958.0;3
1;39768.0;Caesar;Paris;SEASHELLS;20957.0;5
1;39776.0;Paris;Caesar;SEASHELLS;20952.0;3
1;39817.0;Paris;Caesar;SEASHELLS;20939.0;1
1;39832.0;Paris;Caesar;SEASHELLS;20922.0;4
1;39839.0;Caesar;Paris;SEASHELLS;20931.0;1
1;39849.0;Caesar;Paris;SEASHELLS;20923.0;1
1;39850.0;Caesar;Paris;SEASHELLS;20919.0;5
1;39860.0;Caesar;Paris;SEASHELLS;20907.0;4
1;39874.0;Olivia;Caesar;SEASHELLS;20895.0;3
1;39896.0;Caesar;Paris;SEASHELLS;20930.0;1
1;39908.0;Caesar;Paris;SEASHELLS;20937.0;2
1;39913.0;Caesar;Paris;SEASHELLS;20932.0;3
1;39923.0;Paris;Caesar;SEASHELLS;20930.0;5
1;39926.0;Paris;Caesar;SEASHELLS;20936.0;2
1;39936.0;Paris;Caesar;SEASHELLS;20937.0;5
1;39945.0;Paris;Caesar;SEASHELLS;20945.0;1
1;39947.0;Paris;Caesar;SEASHELLS;20943.0;5
1;39960.0;Paris;Caesar;SEASHELLS;20959.0;3
1;39974.0;Caesar;Paris;SEASHELLS;20957.0;2
1;39976.0;Paris;Caesar;SEASHELLS;20959.0;3
1;39988.0;Caesar;Paris;SEASHELLS;20967.0;5
1;39990.0;Paris;Caesar;SEASHELLS;20964.0;4
1;39994.0;Caesar;Paris;SEASHELLS;20966.0;1
2;40018.0;Paris;Caesar;SEASHELLS;20965.0;3
2;40021.0;Caesar;Paris;SEASHELLS;20970.0;2
2;40024.0;Caesar;Paris;SEASHELLS;20968.0;2
2;40050.0;Caesar;Camilla;SEASHELLS;20960.0;7
2;40062.0;Caesar;Paris;SEASHELLS;20966.0;5
2;40070.0;Paris;Caesar;SEASHELLS;20963.0;2
2;40099.0;Paris;Caesar;SEASHELLS;20954.0;4
2;40104.0;Caesar;Paris;SEASHELLS;20952.0;3
2;40122.0;Paris;Caesar;SEASHELLS;20949.0;1
2;40148.0;Paris;Caesar;SEASHELLS;20943.0;1
2;40163.0;Caesar;Paris;SEASHELLS;20945.0;4
2;40168.0;Caesar;Paris;SEASHELLS;20952.0;3
2;40184.0;Caesar;Camilla;SEASHELLS;20941.0;6
2;40189.0;Paris;Caesar;SEASHELLS;20945.0;4
2;40197.0;Paris;Caesar;SEASHELLS;20955.0;5
2;40201.0;Paris;Caesar;SEASHELLS;20960.0;1
2;40212.0;Paris;Caesar;SEASHELLS;20957.0;5
2;40218.0;Caesar;Paris;SEASHELLS;20948.0;3
2;40219.0;Caesar;Paris;SEASHELLS;20954.0;5
2;40222.0;Caesar;Paris;SEASHELLS;20950.0;1
2;40230.0;Caesar;Paris;SEASHELLS;20944.0;5
2;40233.0;Caesar;Paris;SEASHELLS;20946.0;3
2;40237.0;Caesar;Paris;SEASHELLS;20949.0;2
2;40244.0;Caesar;Paris;SEASHELLS;20948.0;1
2;40245.0;Caesar;Paris;SEASHELLS;20946.0;3
2;40250.0;Paris;Caesar;SEASHELLS;20953.0;3
2;40256.0;Caesar;Paris;SEASHELLS;20948.0;3
2;40257.0;Caesar;Paris;SEASHELLS;20953.0;3
2;40281.0;Paris;Caesar;SEASHELLS;20977.0;5
2;40285.0;Caesar;Olivia;SEASHELLS;20991.0;3
2;40298.0;Caesar;Paris;SEASHELLS;20976.0;5
2;40310.0;Paris;Caesar;SEASHELLS;20966.0;4
2;40311.0;Paris;Caesar;SEASHELLS;20962.0;3
2;40313.0;Caesar;Paris;SEASHELLS;20960.0;4
2;40317.0;Paris;Caesar;SEASHELLS;20956.0;2
2;40318.0;Paris;Caesar;SEASHELLS;20960.0;3
2;40324.0;Caesar;Paris;SEASHELLS;20973.0;1
2;40326.0;Caesar;Paris;SEASHELLS;20972.0;1
2;40333.0;Caesar;Camilla;SEASHELLS;20969.0;6
2;40334.0;Caesar;Paris;SEASHELLS;20969.0;4
2;40362.0;Paris;Caesar;SEASHELLS;20971.0;2
2;40396.0;Caesar;Paris;SEASHELLS;20973.0;3
2;40412.0;Paris;Caesar;SEASHELLS;20978.0;3
2;40427.0;Caesar;Paris;SEASHELLS;20972.0;3
2;40430.0;Caesar;Paris;SEASHELLS;20964.0;5
2;40435.0;Caesar;Paris;SEASHELLS;20971.0;3
2;40444.0;Paris;Caesar;SEASHELLS;20971.0;2
2;40451.0;Paris;Caesar;SEASHELLS;20963.0;3
2;40503.0;Caesar;Paris;SEASHELLS;20905.0;5
2;40509.0;Caesar;Paris;SEASHELLS;20904.0;1
2;40522.0;Paris;Caesar;SEASHELLS;20903.0;5
2;40524.0;Paris;Caesar;SEASHELLS;20901.0;5
2;40526.0;Paris;Caesar;SEASHELLS;20907.0;4
2;40531.0;Caesar;Paris;SEASHELLS;20899.0;2
2;40532.0;Paris;Caesar;SEASHELLS;20898.0;5
2;40539.0;Caesar;Paris;SEASHELLS;20903.0;2
2;40543.0;Caesar;Paris;SEASHELLS;20911.0;1
2;40549.0;Caesar;Paris;SEASHELLS;20910.0;1
2;40582.0;Caesar;Paris;SEASHELLS;20897.0;2
2;40591.0;Caesar;Paris;SEASHELLS;20891.0;1
2;40595.0;Paris;Caesar;SEASHELLS;20886.0;1
2;40603.0;Caesar;Paris;SEASHELLS;20891.0;4
2;40608.0;Caesar;Paris;SEASHELLS;20890.0;1
2;40612.0;Caesar;Paris;SEASHELLS;20878.0;2
2;40621.0;Caesar;Camilla;SEASHELLS;20878.0;6
2;40627.0;Paris;Caesar;SEASHELLS;20886.0;4
2;40630.0;Paris;Caesar;SEASHELLS;20891.0;5
2;40631.0;Caesar;Paris;SEASHELLS;20890.0;5
2;40636.0;Paris;Caesar;SEASHELLS;20887.0;4
2;40639.0;Paris;Caesar;SEASHELLS;20885.0;4
2;40642.0;Caesar;Paris;SEASHELLS;20884.0;5
2;40645.0;Paris;Caesar;SEASHELLS;20888.0;4
2;40647.0;Caesar;Paris;SEASHELLS;20893.0;5
2;40655.0;Caesar;Paris;SEASHELLS;20885.0;4
2;40674.0;Caesar;Paris;SEASHELLS;20881.0;5
2;40683.0;Caesar;Camilla;SEASHELLS;20869.0;9
2;40687.0;Paris;Caesar;SEASHELLS;20870.0;3
2;40692.0;Caesar;Paris;SEASHELLS;20871.0;2
2;40704.0;Paris;Caesar;SEASHELLS;20858.0;5
2;40718.0;Paris;Caesar;SEASHELLS;20859.0;3
2;40721.0;Paris;Caesar;SEASHELLS;20857.0;1
2;40727.0;Paris;Caesar;SEASHELLS;20867.0;4
2;40739.0;Caesar;Paris;SEASHELLS;20855.0;4
2;40741.0;Paris;Caesar;SEASHELLS;20857.0;4
2;40745.0;Caesar;Paris;SEASHELLS;20860.0;4
2;40750.0;Paris;Caesar;SEASHELLS;20858.0;3
2;40758.0;Caesar;Paris;SEASHELLS;20864.0;4
2;40792.0;Paris;Caesar;SEASHELLS;20868.0;4
2;40797.0;Caesar;Paris;SEASHELLS;20866.0;2
2;40833.0;Paris;Caesar;SEASHELLS;20846.0;1
2;40839.0;Caesar;Paris;SEASHELLS;20846.0;4
2;40844.0;Paris;Caesar;SEASHELLS;20858.0;5
2;40869.0;Paris;Caesar;SEASHELLS;20896.0;1
2;40871.0;Caesar;Paris;SEASHELLS;20899.0;4
2;40872.0;Paris;Caesar;SEASHELLS;20902.0;3
2;40881.0;Paris;Caesar;SEASHELLS;20900.0;1
2;40881.0;Caesar;Camilla;SEASHELLS;20899.0;5
2;40884.0;Paris;Caesar;SEASHELLS;20902.0;1
2;40895.0;Caesar;Paris;SEASHELLS;20889.0;3
2;40900.0;Paris;Caesar;SEASHELLS;20894.0;3
2;40904.0;Caesar;Paris;SEASHELLS;20905.0;2
2;40908.0;Caesar;Paris;SEASHELLS;20915.0;2
2;40918.0;Paris;Caesar;SEASHELLS;20911.0;4
2;40926.0;Paris;Caesar;SEASHELLS;20917.0;1
2;40937.0;Paris;Caesar;SEASHELLS;20929.0;4
2;40943.0;Caesar;Camilla;SEASHELLS;20920.0;3
2;40973.0;Paris;Caesar;SEASHELLS;20892.0;5
2;40976.0;Paris;Caesar;SEASHELLS;20895.0;2
2;40979.0;Camilla;Paris;SEASHELLS;20897.0;1
2;40992.0;Caesar;Paris;SEASHELLS;20886.0;1
2;41009.0;Caesar;Paris;SEASHELLS;20901.0;2
2;41013.0;Paris;Caesar;SEASHELLS;20904.0;2
2;41035.0;Caesar;Paris;SEASHELLS;20897.0;1
2;41036.0;Paris;Caesar;SEASHELLS;20895.0;5
2;41046.0;Paris;Caesar;SEASHELLS;20904.0;3
2;41048.0;Paris;Caesar;SEASHELLS;20914.0;3
2;41058.0;Caesar;Camilla;SEASHELLS;20907.0;5
2;41072.0;Caesar;Paris;SEASHELLS;20906.0;4
2;41086.0;Paris;Caesar;SEASHELLS;20914.0;1
2;41091.0;Caesar;Paris;SEASHELLS;20921.0;1
2;41093.0;Caesar;Paris;SEASHELLS;20924.0;1
2;41100.0;Paris;Caesar;SEASHELLS;20932.0;2
2;41126.0;Paris;Caesar;SEASHELLS;20929.0;3
2;41142.0;Caesar;Paris;SEASHELLS;20934.0;1
2;41149.0;Caesar;Camilla;SEASHELLS;20931.0;3
2;41150.0;Paris;Caesar;SEASHELLS;20936.0;3
2;41162.0;Paris;Caesar;SEASHELLS;20937.0;1
2;41165.0;Caesar;Paris;SEASHELLS;20936.0;3
2;41178.0;Caesar;Paris;SEASHELLS;20947.0;2
2;41192.0;Paris;Caesar;SEASHELLS;20948.0;3
2;41193.0;Paris;Caesar;SEASHELLS;20947.0;1
2;41226.0;Caesar;Paris;SEASHELLS;20930.0;3
2;41235.0;Caesar;Paris;SEASHELLS;20929.0;4
2;41257.0;Paris;Caesar;SEASHELLS;20928.0;1
2;41270.0;Paris;Caesar;SEASHELLS;20941.0;5
2;41282.0;Paris;Caesar;SEASHELLS;20958.0;2
2;41293.0;Caesar;Paris;SEASHELLS;20951.0;4
2;41306.0;Paris;Caesar;SEASHELLS;20945.0;4
2;41314.0;Paris;Caesar;SEASHELLS;20948.0;2
2;41316.0;Caesar;Paris;SEASHELLS;20950.0;1
2;41322.0;Caesar;Paris;SEASHELLS;20943.0;3
2;41346.0;Caesar;Paris;SEASHELLS;20932.0;4
2;41349.0;Paris;Caesar;SEASHELLS;20927.0;2
2;41351.0;Caesar;Paris;SEASHELLS;20927.0;2
2;41368.0;Paris;Caesar;SEASHELLS;20924.0;5
2;41376.0;Paris;Caesar;SEASHELLS;20926.0;2
2;41407.0;Paris;Caesar;SEASHELLS;20903.0;3
2;41426.0;Paris;Caesar;SEASHELLS;20910.0;3
2;41432.0;Paris;Caesar;SEASHELLS;20904.0;5
2;41441.0;Paris;Caesar;SEASHELLS;20907.0;2
2;41470.0;Caesar;Paris;SEASHELLS;20915.0;1
2;41472.0;Caesar;Paris;SEASHELLS;20916.0;1
2;41474.0;Paris;Caesar;SEASHELLS;20918.0;3
2;41481.0;Paris;Caesar;SEASHELLS;20927.0;2
2;41484.0;Paris;Caesar;SEASHELLS;20922.0;1
2;41488.0;Caesar;Paris;SEASHELLS;20921.0;3
2;41500.0;Caesar;Paris;SEASHELLS;20940.0;3
2;41510.0;Paris;Caesar;SEASHELLS;20951.0;4
2;41524.0;Caesar;Paris;SEASHELLS;20952.0;2
2;41536.0;Caesar;Paris;SEASHELLS;20953.0;3
2;41539.0;Caesar;Paris;SEASHELLS;20953.0;5
2;41543.0;Paris;Caesar;SEASHELLS;20959.0;2
2;41549.0;Caesar;Paris;SEASHELLS;20949.0;4
2;41565.0;Paris;Caesar;SEASHELLS;20947.0;4
2;41571.0;Paris;Caesar;SEASHELLS;20953.0;1
2;41581.0;Caesar;Paris;SEASHELLS;20957.0;5
2;41584.0;Paris;Caesar;SEASHELLS;20957.0;1
2;41588.0;Paris;Caesar;SEASHELLS;20954.0;5
2;41591.0;Paris;Caesar;SEASHELLS;20951.0;3
2;41600.0;Paris;Caesar;SEASHELLS;20961.0;2
2;41604.0;Paris;Caesar;SEASHELLS;20957.0;5
2;41615.0;Paris;Caesar;SEASHELLS;20945.0;5
2;41617.0;Caesar;Paris;SEASHELLS;20943.0;3
2;41619.0;Caesar;Paris;SEASHELLS;20941.0;5
2;41635.0;Paris;Caesar;SEASHELLS;20937.0;5
2;41636.0;Paris;Caesar;SEASHELLS;20932.0;5
2;41641.0;Paris;Caesar;SEASHELLS;20942.0;4
2;41657.0;Caesar;Paris;SEASHELLS;20937.0;4
2;41667.0;Caesar;Paris;SEASHELLS;20942.0;4
2;41674.0;Paris;Caesar;SEASHELLS;20959.0;2
2;41684.0;Caesar;Paris;SEASHELLS;20968.0;5
2;41687.0;Caesar;Camilla;SEASHELLS;20963.0;3
2;41689.0;Caesar;Paris;SEASHELLS;20962.0;2
2;41691.0;Caesar;Paris;SEASHELLS;20962.0;2
2;41695.0;Caesar;Paris;SEASHELLS;20973.0;5
2;41708.0;Caesar;Paris;SEASHELLS;20960.0;2
2;41710.0;Paris;Caesar;SEASHELLS;20959.0;2
2;41711.0;Paris;Caesar;SEASHELLS;20955.0;3
2;41715.0;Caesar;Paris;SEASHELLS;20954.0;4
2;41734.0;Caesar;Camilla;SEASHELLS;20956.0;5
2;41740.0;Caesar;Camilla;SEASHELLS;20959.0;4
2;41754.0;Caesar;Paris;SEASHELLS;20964.0;1
2;41756.0;Paris;Caesar;SEASHELLS;20967.0;2
2;41773.0;Paris;Caesar;SEASHELLS;20955.0;5
2;41793.0;Caesar;Paris;SEASHELLS;20930.0;5
2;41826.0;Caesar;Paris;SEASHELLS;20911.0;4
2;41828.0;Caesar;Camilla;SEASHELLS;20910.0;4
2;41833.0;Paris;Caesar;SEASHELLS;20906.0;5
2;41847.0;Paris;Caesar;SEASHELLS;20883.0;2
2;41850.0;Paris;Caesar;SEASHELLS;20882.0;3
2;41868.0;Paris;Caesar;SEASHELLS;20873.0;5
2;41882.0;Caesar;Paris;SEASHELLS;20860.0;1
2;41893.0;Caesar;Paris;SEASHELLS;20864.0;5
2;41909.0;Caesar;Paris;SEASHELLS;20858.0;3
2;41911.0;Paris;Caesar;SEASHELLS;20855.0;4
2;41951.0;Caesar;Paris;SEASHELLS;20785.0;4
2;41968.0;Caesar;Paris;SEASHELLS;20777.0;1
2;41976.0;Paris;Caesar;SEASHELLS;20783.0;3
2;41980.0;Paris;Caesar;SEASHELLS;20778.0;5
2;41988.0;Caesar;Paris;SEASHELLS;20789.0;3
2;42001.0;Caesar;Paris;SEASHELLS;20787.0;5
2;42010.0;Caesar;Paris;SEASHELLS;20780.0;2
2;42025.0;Paris;Caesar;SEASHELLS;20774.0;4
2;42032.0;Caesar;Paris;SEASHELLS;20767.0;1
2;42048.0;Caesar;Paris;SEASHELLS;20779.0;3
2;42054.0;Caesar;Paris;SEASHELLS;20780.0;5
2;42060.0;Caesar;Paris;SEASHELLS;20778.0;5
2;42061.0;Caesar;Paris;SEASHELLS;20781.0;1
2;42075.0;Caesar;Camilla;SEASHELLS;20802.0;9
2;42077.0;Paris;Caesar;SEASHELLS;20798.0;3
2;42096.0;Caesar;Paris;SEASHELLS;20794.0;3
2;42099.0;Paris;Caesar;SEASHELLS;20795.0;2
2;42114.0;Caesar;Paris;SEASHELLS;20796.0;5
2;42129.0;Caesar;Camilla;SEASHELLS;20772.0;10
2;42134.0;Paris;Caesar;SEASHELLS;20769.0;1
2;42144.0;Paris;Caesar;SEASHELLS;20776.0;5
2;42152.0;Caesar;Paris;SEASHELLS;20776.0;5
2;42176.0;Caesar;Paris;SEASHELLS;20763.0;1
2;42179.0;Paris;Caesar;SEASHELLS;20769.0;3
2;42180.0;Caesar;Paris;SEASHELLS;20769.0;2
2;42181.0;Paris;Caesar;SEASHELLS;20772.0;4
2;42190.0;Paris;Caesar;SEASHELLS;20775.0;3
2;42196.0;Paris;Caesar;SEASHELLS;20763.0;3
2;42214.0;Paris;Caesar;SEASHELLS;20767.0;4
2;42217.0;Paris;Caesar;SEASHELLS;20769.0;5
2;42237.0;Paris;Caesar;SEASHELLS;20779.0;5
2;42251.0;Caesar;Camilla;SEASHELLS;20778.0;10
2;42270.0;Caesar;Paris;SEASHELLS;20785.0;2
2;42285.0;Paris;Caesar;SEASHELLS;20792.0;4
2;42291.0;Paris;Caesar;SEASHELLS;20774.0;5
2;42296.0;Paris;Caesar;SEASHELLS;20774.0;1
2;42304.0;Caesar;Paris;SEASHELLS;20780.0;5
2;42312.0;Paris;Caesar;SEASHELLS;20789.0;4
2;42319.0;Paris;Caesar;SEASHELLS;20788.0;4
2;42322.0;Paris;Caesar;SEASHELLS;20785.0;3
2;42347.0;Caesar;Paris;SEASHELLS;20793.0;2
2;42373.0;Paris;Caesar;SEASHELLS;20795.0;4
2;42374.0;Paris;Caesar;SEASHELLS;20794.0;4
2;42380.0;Paris;Caesar;SEASHELLS;20795.0;2
2;42381.0;Caesar;Paris;SEASHELLS;20792.0;1
2;42385.0;Paris;Caesar;SEASHELLS;20792.0;1
2;42387.0;Caesar;Camilla;SEASHELLS;20791.0;3
2;42403.0;Caesar;Camilla;SEASHELLS;20784.0;5
2;42408.0;Paris;Caesar;SEASHELLS;20794.0;5
2;42412.0;Caesar;Paris;SEASHELLS;20798.0;5
2;42421.0;Caesar;Paris;SEASHELLS;20793.0;5
2;42427.0;Paris;Caesar;SEASHELLS;20787.0;2
2;42462.0;Caesar;Camilla;SEASHELLS;20755.0;8
2;42467.0;Caesar;Paris;SEASHELLS;20752.0;5
2;42503.0;Paris;Caesar;SEASHELLS;20769.0;1
2;42539.0;Paris;Caesar;SEASHELLS;20759.0;2
2;42586.0;Paris;Caesar;SEASHELLS;20737.0;3
2;42587.0;Caesar;Paris;SEASHELLS;20738.0;2
2;42606.0;Paris;Caesar;SEASHELLS;20741.0;2
2;42621.0;Caesar;Paris;SEASHELLS;20732.0;2
2;42622.0;Caesar;Paris;SEASHELLS;20732.0;2
2;42659.0;Paris;Caesar;SEASHELLS;20748.0;5
2;42664.0;Caesar;Paris;SEASHELLS;20749.0;4
2;42666.0;Caesar;Paris;SEASHELLS;20753.0;1
2;42670.0;Caesar;Paris;SEASHELLS;20753.0;5
2;42680.0;Paris;Caesar;SEASHELLS;20762.0;4
2;42693.0;Paris;Caesar;SEASHELLS;20777.0;5
2;42726.0;Paris;Caesar;SEASHELLS;20774.0;5
2;42746.0;Caesar;Paris;SEASHELLS;20794.0;4
2;42749.0;Caesar;Paris;SEASHELLS;20791.0;3
2;42756.0;Caesar;Paris;SEASHELLS;20780.0;1
2;42757.0;Caesar;Paris;SEASHELLS;20779.0;2
2;42765.0;Paris;Caesar;SEASHELLS;20759.0;2
2;42777.0;Caesar;Camilla;SEASHELLS;20745.0;10
2;42786.0;Paris;Caesar;SEASHELLS;20738.0;3
2;42789.0;Caesar;Paris;SEASHELLS;20736.0;5
2;42794.0;Paris;Caesar;SEASHELLS;20735.0;3
2;42794.0;Caesar;Camilla;SEASHELLS;20734.0;4
2;42819.0;Paris;Caesar;SEASHELLS;20727.0;2
2;42830.0;Paris;Caesar;SEASHELLS;20737.0;2
2;42832.0;Caesar;Paris;SEASHELLS;20735.0;4
2;42833.0;Paris;Caesar;SEASHELLS;20738.0;5
2;42841.0;Caesar;Paris;SEASHELLS;20735.0;3
2;42849.0;Caesar;Paris;SEASHELLS;20735.0;3
2;42855.0;Caesar;Paris;SEASHELLS;20736.0;4
2;42855.0;Caesar;Camilla;SEASHELLS;20736.0;8
2;42867.0;Caesar;Camilla;SEASHELLS;20732.0;9
2;42868.0;Caesar;Paris;SEASHELLS;20735.0;4
2;42870.0;Caesar;Paris;SEASHELLS;20749.0;2
2;42872.0;Paris;Caesar;SEASHELLS;20754.0;2
2;42879.0;Caesar;Camilla;SEASHELLS;20749.0;11
2;42887.0;Paris;Caesar;SEASHELLS;20763.0;5
2;42904.0;Caesar;Paris;SEASHELLS;20777.0;3
2;42913.0;Paris;Caesar;SEASHELLS;20780.0;1
2;42921.0;Paris;Caesar;SEASHELLS;20787.0;5
2;42955.0;Caesar;Paris;SEASHELLS;20769.0;3
2;42960.0;Paris;Caesar;SEASHELLS;20771.0;2
2;42965.0;Paris;Caesar;SEASHELLS;20774.0;5
2;42979.0;Caesar;Paris;SEASHELLS;20760.0;2
2;42989.0;Caesar;Paris;SEASHELLS;20747.0;4
2;43005.0;Paris;Caesar;SEASHELLS;20742.0;2
2;43011.0;Caesar;Camilla;SEASHELLS;20734.0;10
2;43012.0;Caesar;Paris;SEASHELLS;20735.0;5
2;43019.0;Caesar;Paris;SEASHELLS;20724.0;1
2;43035.0;Caesar;Paris;SEASHELLS;20716.0;1
2;43038.0;Caesar;Paris;SEASHELLS;20712.0;2
2;43053.0;Paris;Caesar;SEASHELLS;20703.0;5
2;43061.0;Caesar;Paris;SEASHELLS;20695.0;5
2;43074.0;Caesar;Camilla;SEASHELLS;20677.0;6
2;43075.0;Paris;Caesar;SEASHELLS;20682.0;2
2;43077.0;Paris;Caesar;SEASHELLS;20680.0;1
2;43092.0;Paris;Caesar;SEASHELLS;20690.0;2
2;43092.0;Caesar;Camilla;SEASHELLS;20688.0;4
2;43105.0;Paris;Caesar;SEASHELLS;20693.0;1
2;43106.0;Caesar;Paris;SEASHELLS;20701.0;1
2;43116.0;Paris;Caesar;SEASHELLS;20696.0;3
2;43120.0;Paris;Caesar;SEASHELLS;20697.0;4
2;43134.0;Paris;Caesar;SEASHELLS;20691.0;4
2;43144.0;Paris;Caesar;SEASHELLS;20682.0;1
2;43153.0;Olivia;Caesar;SEASHELLS;20675.0;3
2;43154.0;Caesar;Paris;SEASHELLS;20680.0;2
2;43155.0;Caesar;Camilla;SEASHELLS;20681.0;6
2;43157.0;Paris;Caesar;SEASHELLS;20683.0;1
2;43159.0;Caesar;Paris;SEASHELLS;20675.0;2
2;43164.0;Paris;Caesar;SEASHELLS;20693.0;1
2;43169.0;Caesar;Paris;SEASHELLS;20693.0;5
2;43183.0;Paris;Caesar;SEASHELLS;20704.0;3
2;43191.0;Caesar;Paris;SEASHELLS;20711.0;5
2;43194.0;Paris;Caesar;SEASHELLS;20713.0;3
2;43199.0;Caesar;Paris;SEASHELLS;20718.0;3
2;43203.0;Paris;Caesar;SEASHELLS;20725.0;4
2;43213.0;Paris;Caesar;SEASHELLS;20718.0;3
2;43222.0;Caesar;Camilla;SEASHELLS;20718.0;3
2;43231.0;Caesar;Paris;SEASHELLS;20717.0;1
2;43236.0;Paris;Caesar;SEASHELLS;20720.0;3
2;43239.0;Caesar;Paris;SEASHELLS;20705.0;2
2;43244.0;Caesar;Paris;SEASHELLS;20708.0;2
2;43253.0;Paris;Caesar;SEASHELLS;20721.0;4
2;43264.0;Paris;Caesar;SEASHELLS;20713.0;3
2;43266.0;Caesar;Camilla;SEASHELLS;20705.0;10
2;43278.0;Caesar;Paris;SEASHELLS;20693.0;1
2;43337.0;Camilla;Paris;SEASHELLS;20698.0;2
2;43352.0;Caesar;Paris;SEASHELLS;20708.0;4
2;43360.0;Paris;Caesar;SEASHELLS;20708.0;2
2;43374.0;Paris;Caesar;SEASHELLS;20720.0;4
2;43379.0;Paris;Caesar;SEASHELLS;20725.0;1
2;43380.0;Caesar;Camilla;SEASHELLS;20726.0;11
2;43402.0;Paris;Caesar;SEASHELLS;20735.0;4
2;43427.0;Caesar;Paris;SEASHELLS;20748.0;4
2;43433.0;Caesar;Paris;SEASHELLS;20744.0;2
2;43445.0;Caesar;Paris;SEASHELLS;20754.0;5
2;43451.0;Caesar;Camilla;SEASHELLS;20754.0;11
2;43454.0;Paris;Caesar;SEASHELLS;20764.0;4
2;43492.0;Caesar;Paris;SEASHELLS;20769.0;5
2;43499.0;Caesar;Camilla;SEASHELLS;20769.0;4
2;43505.0;Paris;Caesar;SEASHELLS;20771.0;2
2;43512.0;Caesar;Paris;SEASHELLS;20772.0;3
2;43518.0;Caesar;Paris;SEASHELLS;20784.0;5
2;43525.0;Caesar;Camilla;SEASHELLS;20794.0;3
2;43539.0;Camilla;Paris;SEASHELLS;20778.0;4
2;43577.0;Caesar;Paris;SEASHELLS;20745.0;3
2;43583.0;Paris;Caesar;SEASHELLS;20741.0;5
2;43584.0;Caesar;Camilla;SEASHELLS;20738.0;5
2;43587.0;Paris;Caesar;SEASHELLS;20735.0;5
2;43594.0;Paris;Caesar;SEASHELLS;20730.0;2
2;43618.0;Caesar;Paris;SEASHELLS;20730.0;1
2;43633.0;Caesar;Paris;SEASHELLS;20733.0;3
2;43641.0;Caesar;Paris;SEASHELLS;20719.0;3
2;43644.0;Paris;Caesar;SEASHELLS;20721.0;2
2;43652.0;Caesar;Paris;SEASHELLS;20727.0;4
2;43657.0;Caesar;Paris;SEASHELLS;20721.0;5
2;43661.0;Paris;Caesar;SEASHELLS;20723.0;3
2;43662.0;Paris;Caesar;SEASHELLS;20726.0;1
2;43665.0;Caesar;Paris;SEASHELLS;20720.0;1
2;43667.0;Paris;Caesar;SEASHELLS;20725.0;4
2;43670.0;Caesar;Camilla;SEASHELLS;20723.0;10
2;43672.0;Paris;Caesar;SEASHELLS;20725.0;1
2;43689.0;Caesar;Paris;SEASHELLS;20717.0;2
2;43692.0;Caesar;Paris;SEASHELLS;20720.0;4
2;43695.0;Paris;Caesar;SEASHELLS;20718.0;2
2;43703.0;Caesar;Paris;SEASHELLS;20734.0;5
2;43705.0;Caesar;Paris;SEASHELLS;20735.0;3
2;43732.0;Caesar;Paris;SEASHELLS;20768.0;3
2;43734.0;Caesar;Paris;SEASHELLS;20771.0;2
2;43753.0;Paris;Caesar;SEASHELLS;20761.0;3
2;43755.0;Paris;Caesar;SEASHELLS;20765.0;5
2;43763.0;Caesar;Paris;SEASHELLS;20770.0;5
2;43788.0;Caesar;Paris;SEASHELLS;20748.0;4
2;43790.0;Paris;Caesar;SEASHELLS;20748.0;5
2;43792.0;Caesar;Paris;SEASHELLS;20748.0;1
2;43804.0;Paris;Caesar;SEASHELLS;20755.0;4
2;43820.0;Paris;Caesar;SEASHELLS;20745.0;5
2;43829.0;Caesar;Paris;SEASHELLS;20748.0;2
2;43833.0;Caesar;Paris;SEASHELLS;20750.0;5
2;43839.0;Caesar;Paris;SEASHELLS;20744.0;2
2;43861.0;Paris;Caesar;SEASHELLS;20756.0;3
2;43951.0;Paris;Caesar;SEASHELLS;20749.0;5
2;43967.0;Paris;Caesar;SEASHELLS;20748.0;2
2;43979.0;Caesar;Paris;SEASHELLS;20762.0;3
2;43980.0;Paris;Caesar;SEASHELLS;20763.0;3
2;43997.0;Caesar;Camilla;SEASHELLS;20754.0;10
2;44004.0;Paris;Caesar;SEASHELLS;20757.0;3
2;44005.0;Paris;Caesar;SEASHELLS;20757.0;2
2;44020.0;Caesar;Paris;SEASHELLS;20751.0;1
2;44038.0;Caesar;Paris;SEASHELLS;20741.0;5
2;44047.0;Caesar;Paris;SEASHELLS;20741.0;4
2;44059.0;Caesar;Paris;SEASHELLS;20744.0;3
2;44068.0;Caesar;Paris;SEASHELLS;20734.0;5
2;44074.0;Caesar;Paris;SEASHELLS;20718.0;3
2;44087.0;Paris;Caesar;SEASHELLS;20715.0;4
2;44089.0;Paris;Caesar;SEASHELLS;20715.0;5
2;44110.0;Paris;Caesar;SEASHELLS;20731.0;5
2;44116.0;Caesar;Camilla;SEASHELLS;20710.0;4
2;44130.0;Caesar;Paris;SEASHELLS;20721.0;2
2;44146.0;Paris;Caesar;SEASHELLS;20716.0;1
2;44176.0;Paris;Caesar;SEASHELLS;20732.0;5
2;44202.0;Paris;Caesar;SEASHELLS;20738.0;3
2;44214.0;Caesar;Paris;SEASHELLS;20736.0;5
2;44227.0;Paris;Caesar;SEASHELLS;20735.0;2
2;44234.0;Paris;Caesar;SEASHELLS;20734.0;1
2;44242.0;Paris;Caesar;SEASHELLS;20739.0;4
2;44248.0;Caesar;Paris;SEASHELLS;20744.0;5
2;44260.0;Paris;Caesar;SEASHELLS;20749.0;5
2;44265.0;Caesar;Paris;SEASHELLS;20748.0;2
2;44275.0;Caesar;Paris;SEASHELLS;20764.0;5
2;44278.0;Caesar;Paris;SEASHELLS;20762.0;2
2;44280.0;Caesar;Paris;SEASHELLS;20766.0;4
2;44291.0;Paris;Caesar;SEASHELLS;20756.0;1
2;44297.0;Caesar;Paris;SEASHELLS;20749.0;1
2;44313.0;Paris;Caesar;SEASHELLS;20743.0;5
2;44314.0;Paris;Caesar;SEASHELLS;20741.0;3
2;44319.0;Paris;Caesar;SEASHELLS;20738.0;4
2;44328.0;Caesar;Paris;SEASHELLS;20740.0;3
2;44333.0;Caesar;Paris;SEASHELLS;20748.0;2
2;44341.0;Paris;Caesar;SEASHELLS;20737.0;4
2;44344.0;Paris;Caesar;SEASHELLS;20738.0;3
2;44347.0;Caesar;Paris;SEASHELLS;20737.0;3
2;44352.0;Paris;Caesar;SEASHELLS;20734.0;4
2;44356.0;Paris;Caesar;SEASHELLS;20734.0;1
2;44360.0;Caesar;Paris;SEASHELLS;20731.0;2
2;44361.0;Paris;Caesar;SEASHELLS;20741.0;4
2;44370.0;Caesar;Paris;SEASHELLS;20734.0;2
2;44382.0;Caesar;Paris;SEASHELLS;20732.0;5
2;44392.0;Caesar;Paris;SEASHELLS;20728.0;2
2;44399.0;Caesar;Paris;SEASHELLS;20727.0;1
2;44402.0;Paris;Caesar;SEASHELLS;20729.0;2
2;44417.0;Paris;Caesar;SEASHELLS;20721.0;3
2;44454.0;Caesar;Paris;SEASHELLS;20715.0;2
2;44471.0;Caesar;Paris;SEASHELLS;20714.0;2
2;44481.0;Caesar;Paris;SEASHELLS;20708.0;4
2;44488.0;Paris;Caesar;SEASHELLS;20709.0;2
2;44499.0;Caesar;Camilla;SEASHELLS;20696.0;9
2;44504.0;Caesar;Camilla;SEASHELLS;20709.0;6
2;44509.0;Paris;Caesar;SEASHELLS;20709.0;2
2;44521.0;Paris;Caesar;SEASHELLS;20730.0;3
2;44538.0;Paris;Caesar;SEASHELLS;20738.0;1
2;44548.0;Caesar;Paris;SEASHELLS;20747.0;3
2;44553.0;Paris;Caesar;SEASHELLS;20755.0;2
2;44558.0;Paris;Caesar;SEASHELLS;20749.0;5
2;44563.0;Paris;Caesar;SEASHELLS;20755.0;1
2;44571.0;Caesar;Paris;SEASHELLS;20751.0;1
2;44588.0;Caesar;Paris;SEASHELLS;20773.0;2
2;44593.0;Caesar;Paris;SEASHELLS;20782.0;2
2;44602.0;Paris;Caesar;SEASHELLS;20782.0;1
2;44609.0;Paris;Caesar;SEASHELLS;20786.0;3
2;44628.0;Paris;Caesar;SEASHELLS;20781.0;3
2;44638.0;Caesar;Paris;SEASHELLS;20779.0;1
2;44639.0;Paris;Caesar;SEASHELLS;20783.0;2
2;44641.0;Caesar;Paris;SEASHELLS;20786.0;1
2;44642.0;Caesar;Paris;SEASHELLS;20783.0;2
2;44657.0;Caesar;Paris;SEASHELLS;20783.0;5
2;44665.0;Paris;Caesar;SEASHELLS;20780.0;1
2;44669.0;Caesar;Paris;SEASHELLS;20776.0;4
2;44673.0;Paris;Caesar;SEASHELLS;20770.0;2
2;44675.0;Paris;Caesar;SEASHELLS;20769.0;4
2;44678.0;Caesar;Paris;SEASHELLS;20770.0;4
2;44688.0;Caesar;Camilla;SEASHELLS;20766.0;10
2;44696.0;Caesar;Paris;SEASHELLS;20772.0;4
2;44724.0;Caesar;Paris;SEASHELLS;20785.0;5
2;44734.0;Paris;Caesar;SEASHELLS;20778.0;3
2;44752.0;Caesar;Paris;SEASHELLS;20769.0;5
2;44757.0;Caesar;Paris;SEASHELLS;20765.0;3
2;44770.0;Caesar;Paris;SEASHELLS;20777.0;4
2;44772.0;Caesar;Paris;SEASHELLS;20778.0;5
2;44775.0;Caesar;Camilla;SEASHELLS;20777.0;9
2;44777.0;Caesar;Paris;SEASHELLS;20775.0;1
2;44790.0;Caesar;Paris;SEASHELLS;20775.0;2
2;44796.0;Caesar;Paris;SEASHELLS;20768.0;1
2;44818.0;Caesar;Paris;SEASHELLS;20796.0;2
2;44834.0;Caesar;Paris;SEASHELLS;20795.0;1
2;44836.0;Caesar;Paris;SEASHELLS;20792.0;3
2;44841.0;Caesar;Paris;SEASHELLS;20794.0;2
2;44862.0;Paris;Caesar;SEASHELLS;20800.0;3
2;44864.0;Paris;Caesar;SEASHELLS;20802.0;5
2;44872.0;Paris;Caesar;SEASHELLS;20820.0;2
2;44875.0;Caesar;Paris;SEASHELLS;20818.0;5
2;44876.0;Paris;Caesar;SEASHELLS;20820.0;4
2;44876.0;Caesar;Camilla;SEASHELLS;20819.0;5
2;44906.0;Paris;Caesar;SEASHELLS;20808.0;4
2;44915.0;Camilla;Paris;SEASHELLS;20812.0;3
2;44934.0;Paris;Caesar;SEASHELLS;20811.0;4
2;44935.0;Paris;Caesar;SEASHELLS;20813.0;2
2;44951.0;Paris;Caesar;SEASHELLS;20817.0;1
2;44955.0;Paris;Caesar;SEASHELLS;20815.0;2
2;44964.0;Paris;Caesar;SEASHELLS;20824.0;3
2;44966.0;Caesar;Camilla;SEASHELLS;20827.0;4
2;44969.0;Paris;Caesar;SEASHELLS;20836.0;4
2;44978.0;Caesar;Camilla;SEASHELLS;20844.0;11
2;44991.0;Caesar;Camilla;SEASHELLS;20850.0;9
2;45009.0;Caesar;Paris;SEASHELLS;20846.0;2
2;45024.0;Paris;Caesar;SEASHELLS;20847.0;2
2;45032.0;Paris;Caesar;SEASHELLS;20857.0;1
2;45041.0;Paris;Caesar;SEASHELLS;20850.0;2
2;45050.0;Paris;Caesar;SEASHELLS;20843.0;4
2;45056.0;Caesar;Paris;SEASHELLS;20835.0;3
2;45057.0;Caesar;Paris;SEASHELLS;20841.0;4
2;45068.0;Paris;Caesar;SEASHELLS;20828.0;3
2;45082.0;Caesar;Camilla;SEASHELLS;20826.0;3
2;45094.0;Paris;Caesar;SEASHELLS;20814.0;2
2;45098.0;Paris;Caesar;SEASHELLS;20813.0;5
2;45174.0;Caesar;Camilla;SEASHELLS;20835.0;7
2;45178.0;Caesar;Paris;SEASHELLS;20833.0;1
2;45182.0;Caesar;Paris;SEASHELLS;20843.0;5
2;45185.0;Caesar;Paris;SEASHELLS;20844.0;4
2;45201.0;Caesar;Paris;SEASHELLS;20846.0;1
2;45212.0;Paris;Caesar;SEASHELLS;20850.0;3
2;45220.0;Paris;Caesar;SEASHELLS;20856.0;2
2;45252.0;Paris;Caesar;SEASHELLS;20879.0;2
2;45266.0;Paris;Caesar;SEASHELLS;20884.0;3
2;45268.0;Paris;Caesar;SEASHELLS;20882.0;3
2;45279.0;Paris;Caesar;SEASHELLS;20889.0;4
2;45306.0;Caesar;Paris;SEASHELLS;20864.0;4
2;45309.0;Caesar;Paris;SEASHELLS;20859.0;5
2;45339.0;Paris;Caesar;SEASHELLS;20857.0;5
2;45351.0;Paris;Caesar;SEASHELLS;20857.0;4
2;45354.0;Caesar;Camilla;SEASHELLS;20854.0;3
2;45355.0;Caesar;Paris;SEASHELLS;20853.0;5
2;45362.0;Caesar;Camilla;SEASHELLS;20850.0;5
2;45377.0;Caesar;Camilla;SEASHELLS;20857.0;6
2;45380.0;Caesar;Paris;SEASHELLS;20865.0;5
2;45393.0;Caesar;Paris;SEASHELLS;20861.0;3
2;45396.0;Paris;Caesar;SEASHELLS;20855.0;4
2;45407.0;Paris;Caesar;SEASHELLS;20832.0;4
2;45418.0;Paris;Caesar;SEASHELLS;20829.0;1
2;45425.0;Caesar;Paris;SEASHELLS;20823.0;1
2;45445.0;Paris;Caesar;SEASHELLS;20846.0;4
2;45448.0;Paris;Caesar;SEASHELLS;20849.0;1
2;45450.0;Caesar;Paris;SEASHELLS;20848.0;2
2;45461.0;Paris;Caesar;SEASHELLS;20863.0;2
2;45470.0;Paris;Caesar;SEASHELLS;20880.0;2
2;45510.0;Caesar;Paris;SEASHELLS;20884.0;4
2;45514.0;Caesar;Paris;SEASHELLS;20878.0;3
2;45536.0;Paris;Caesar;SEASHELLS;20868.0;1
2;45572.0;Caesar;Paris;SEASHELLS;20887.0;5
2;45582.0;Paris;Caesar;SEASHELLS;20886.0;5
2;45584.0;Paris;Caesar;SEASHELLS;20889.0;2
2;45587.0;Caesar;Paris;SEASHELLS;20892.0;2
2;45588.0;Caesar;Paris;SEASHELLS;20891.0;1
2;45589.0;Paris;Caesar;SEASHELLS;20888.0;5
2;45592.0;Caesar;Paris;SEASHELLS;20887.0;2
2;45645.0;Caesar;Paris;SEASHELLS;20891.0;3
2;45649.0;Paris;Caesar;SEASHELLS;20890.0;5
2;45656.0;Caesar;Paris;SEASHELLS;20884.0;3
2;45658.0;Paris;Caesar;SEASHELLS;20885.0;4
2;45676.0;Paris;Caesar;SEASHELLS;20864.0;3
2;45685.0;Caesar;Paris;SEASHELLS;20873.0;4
2;45687.0;Caesar;Paris;SEASHELLS;20873.0;1
2;45691.0;Caesar;Paris;SEASHELLS;20880.0;5
2;45692.0;Caesar;Camilla;SEASHELLS;20880.0;3
2;45714.0;Caesar;Paris;SEASHELLS;20880.0;1
2;45720.0;Caesar;Paris;SEASHELLS;20873.0;2
2;45731.0;Paris;Caesar;SEASHELLS;20874.0;1
2;45736.0;Paris;Caesar;SEASHELLS;20873.0;1
2;45746.0;Paris;Caesar;SEASHELLS;20879.0;4
2;45752.0;Paris;Caesar;SEASHELLS;20878.0;2
2;45754.0;Caesar;Paris;SEASHELLS;20875.0;1
2;45764.0;Paris;Caesar;SEASHELLS;20867.0;1
2;45769.0;Caesar;Paris;SEASHELLS;20867.0;3
2;45773.0;Paris;Caesar;SEASHELLS;20870.0;5
2;45775.0;Paris;Caesar;SEASHELLS;20868.0;2
2;45783.0;Caesar;Paris;SEASHELLS;20873.0;4
2;45790.0;Paris;Caesar;SEASHELLS;20876.0;2
2;45792.0;Caesar;Paris;SEASHELLS;20868.0;3
2;45803.0;Paris;Caesar;SEASHELLS;20869.0;5
2;45806.0;Caesar;Paris;SEASHELLS;20879.0;1
2;45810.0;Paris;Caesar;SEASHELLS;20879.0;3
2;45826.0;Paris;Caesar;SEASHELLS;20890.0;5
2;45830.0;Caesar;Paris;SEASHELLS;20891.0;1
2;45849.0;Paris;Caesar;SEASHELLS;20892.0;3
2;45857.0;Caesar;Camilla;SEASHELLS;20882.0;10
2;45858.0;Caesar;Camilla;SEASHELLS;20884.0;4
2;45861.0;Caesar;Paris;SEASHELLS;20879.0;3
2;45886.0;Caesar;Paris;SEASHELLS;20865.0;1
2;45890.0;Paris;Caesar;SEASHELLS;20866.0;1
2;45901.0;Caesar;Paris;SEASHELLS;20870.0;4
2;45916.0;Paris;Caesar;SEASHELLS;20865.0;3
2;45927.0;Paris;Caesar;SEASHELLS;20878.0;4
2;45930.0;Caesar;Paris;SEASHELLS;20877.0;2
2;45949.0;Caesar;Camilla;SEASHELLS;20872.0;3
2;45957.0;Paris;Caesar;SEASHELLS;20874.0;3
2;45984.0;Paris;Caesar;SEASHELLS;20870.0;4
2;45989.0;Caesar;Paris;SEASHELLS;20867.0;4
2;45995.0;Paris;Caesar;SEASHELLS;20876.0;1
2;46005.0;Paris;Caesar;SEASHELLS;20867.0;1
2;46022.0;Caesar;Camilla;SEASHELLS;20868.0;4
2;46023.0;Paris;Caesar;SEASHELLS;20870.0;4
2;46027.0;Paris;Caesar;SEASHELLS;20877.0;3
2;46033.0;Caesar;Paris;SEASHELLS;20867.0;4
2;46050.0;Caesar;Paris;SEASHELLS;20860.0;3
2;46052.0;Caesar;Paris;SEASHELLS;20857.0;1
2;46059.0;Caesar;Paris;SEASHELLS;20867.0;1
2;46060.0;Caesar;Paris;SEASHELLS;20860.0;4
2;46068.0;Paris;Caesar;SEASHELLS;20858.0;3
2;46088.0;Caesar;Paris;SEASHELLS;20871.0;5
2;46096.0;Paris;Caesar;SEASHELLS;20869.0;1
2;46103.0;Caesar;Paris;SEASHELLS;20868.0;5
2;46106.0;Paris;Caesar;SEASHELLS;20872.0;1
2;46121.0;Paris;Caesar;SEASHELLS;20882.0;4
2;46142.0;Paris;Caesar;SEASHELLS;20878.0;3
2;46147.0;Caesar;Camilla;SEASHELLS;20881.0;4
2;46154.0;Caesar;Paris;SEASHELLS;20880.0;4
2;46165.0;Caesar;Camilla;SEASHELLS;20871.0;5
2;46175.0;Caesar;Paris;SEASHELLS;20869.0;3
2;46180.0;Caesar;Paris;SEASHELLS;20866.0;1
2;46185.0;Caesar;Paris;SEASHELLS;20856.0;5
2;46207.0;Caesar;Paris;SEASHELLS;20838.0;4
2;46223.0;Paris;Caesar;SEASHELLS;20846.0;2
2;46231.0;Caesar;Paris;SEASHELLS;20848.0;3
2;46232.0;Caesar;Paris;SEASHELLS;20846.0;5
2;46234.0;Caesar;Paris;SEASHELLS;20842.0;1
2;46243.0;Caesar;Camilla;SEASHELLS;20848.0;8
2;46256.0;Paris;Caesar;SEASHELLS;20845.0;3
2;46278.0;Caesar;Camilla;SEASHELLS;20842.0;7
2;46288.0;Paris;Caesar;SEASHELLS;20835.0;2
2;46291.0;Caesar;Paris;SEASHELLS;20832.0;2
2;46295.0;Paris;Caesar;SEASHELLS;20835.0;2
2;46297.0;Paris;Caesar;SEASHELLS;20834.0;2
2;46316.0;Caesar;Paris;SEASHELLS;20834.0;1
2;46322.0;Caesar;Paris;SEASHELLS;20830.0;5
2;46370.0;Paris;Caesar;SEASHELLS;20820.0;2
2;46371.0;Caesar;Paris;SEASHELLS;20816.0;3
2;46379.0;Paris;Caesar;SEASHELLS;20806.0;2
2;46381.0;Caesar;Paris;SEASHELLS;20805.0;1
2;46394.0;Caesar;Paris;SEASHELLS;20815.0;5
2;46418.0;Paris;Caesar;SEASHELLS;20813.0;3
2;46418.0;Caesar;Camilla;SEASHELLS;20812.0;4
2;46419.0;Caesar;Camilla;SEASHELLS;20811.0;7
2;46424.0;Paris;Caesar;SEASHELLS;20811.0;2
2;46445.0;Caesar;Paris;SEASHELLS;20827.0;1
2;46454.0;Paris;Caesar;SEASHELLS;20817.0;4
2;46463.0;Paris;Caesar;SEASHELLS;20809.0;1
2;46472.0;Caesar;Paris;SEASHELLS;20819.0;5
2;46481.0;Paris;Caesar;SEASHELLS;20826.0;1
2;46484.0;Caesar;Camilla;SEASHELLS;20823.0;4
2;46490.0;Paris;Caesar;SEASHELLS;20820.0;2
2;46532.0;Caesar;Paris;SEASHELLS;20816.0;4
2;46535.0;Caesar;Paris;SEASHELLS;20817.0;5
2;46538.0;Paris;Caesar;SEASHELLS;20819.0;5
2;46561.0;Paris;Caesar;SEASHELLS;20822.0;3
2;46565.0;Caesar;Paris;SEASHELLS;20825.0;5
2;46571.0;Caesar;Paris;SEASHELLS;20834.0;3
2;46611.0;Caesar;Paris;SEASHELLS;20832.0;4
2;46619.0;Caesar;Camilla;SEASHELLS;20821.0;9
2;46631.0;Caesar;Paris;SEASHELLS;20815.0;2
2;46635.0;Caesar;Paris;SEASHELLS;20820.0;3
2;46637.0;Paris;Caesar;SEASHELLS;20820.0;1
2;46640.0;Caesar;Paris;SEASHELLS;20819.0;2
2;46655.0;Caesar;Paris;SEASHELLS;20819.0;3
2;46658.0;Paris;Caesar;SEASHELLS;20818.0;2
2;46666.0;Paris;Caesar;SEASHELLS;20809.0;3
2;46672.0;Paris;Caesar;SEASHELLS;20817.0;1
2;46673.0;Caesar;Paris;SEASHELLS;20814.0;4
2;46678.0;Caesar;Camilla;SEASHELLS;20822.0;7
2;46682.0;Caesar;Paris;SEASHELLS;20817.0;4
2;46694.0;Paris;Camilla;SEASHELLS;20820.0;3
2;46695.0;Paris;Caesar;SEASHELLS;20823.0;5
2;46722.0;Paris;Caesar;SEASHELLS;20834.0;4
2;46735.0;Caesar;Paris;SEASHELLS;20821.0;1
2;46737.0;Caesar;Paris;SEASHELLS;20819.0;2
2;46746.0;Caesar;Paris;SEASHELLS;20812.0;5
2;46751.0;Caesar;Paris;SEASHELLS;20807.0;1
2;46757.0;Caesar;Paris;SEASHELLS;20821.0;2
2;46758.0;Caesar;Camilla;SEASHELLS;20820.0;7
2;46760.0;Caesar;Paris;SEASHELLS;20821.0;5
2;46763.0;Paris;Caesar;SEASHELLS;20822.0;5
2;46770.0;Caesar;Paris;SEASHELLS;20818.0;2
2;46777.0;Paris;Caesar;SEASHELLS;20823.0;4
2;46780.0;Caesar;Paris;SEASHELLS;20829.0;3
2;46809.0;Paris;Caesar;SEASHELLS;20828.0;3
2;46843.0;Caesar;Paris;SEASHELLS;20827.0;4
2;46864.0;Caesar;Camilla;SEASHELLS;20822.0;3
2;46867.0;Caesar;Camilla;SEASHELLS;20817.0;4
2;46873.0;Caesar;Paris;SEASHELLS;20824.0;2
2;46887.0;Caesar;Paris;SEASHELLS;20825.0;2
2;46897.0;Paris;Caesar;SEASHELLS;20831.0;4
2;46911.0;Caesar;Camilla;SEASHELLS;20836.0;3
2;46929.0;Paris;Caesar;SEASHELLS;20866.0;4
2;46931.0;Paris;Caesar;SEASHELLS;20863.0;3
2;46932.0;Caesar;Paris;SEASHELLS;20856.0;1
2;46935.0;Caesar;Paris;SEASHELLS;20855.0;4
2;46937.0;Paris;Caesar;SEASHELLS;20852.0;5
2;46975.0;Caesar;Paris;SEASHELLS;20836.0;5
2;46980.0;Paris;Caesar;SEASHELLS;20836.0;5
2;47003.0;Caesar;Camilla;SEASHELLS;20849.0;5
2;47013.0;Paris;Caesar;SEASHELLS;20846.0;5
2;47025.0;Caesar;Paris;SEASHELLS;20836.0;2
2;47051.0;Paris;Caesar;SEASHELLS;20814.0;5
2;47054.0;Paris;Caesar;SEASHELLS;20814.0;2
2;47055.0;Paris;Caesar;SEASHELLS;20814.0;2
2;47056.0;Paris;Caesar;SEASHELLS;20812.0;5
2;47064.0;Caesar;Paris;SEASHELLS;20815.0;4
2;47071.0;Caesar;Paris;SEASHELLS;20817.0;4
2;47080.0;Paris;Caesar;SEASHELLS;20818.0;4
2;47089.0;Caesar;Paris;SEASHELLS;20827.0;4
2;47104.0;Paris;Caesar;SEASHELLS;20807.0;2
2;47108.0;Paris;Caesar;SEASHELLS;20802.0;1
2;47128.0;Paris;Caesar;SEASHELLS;20803.0;3
2;47135.0;Paris;Caesar;SEASHELLS;20807.0;3
2;47136.0;Caesar;Camilla;SEASHELLS;20802.0;8
2;47151.0;Caesar;Paris;SEASHELLS;20792.0;1
2;47154.0;Caesar;Paris;SEASHELLS;20777.0;1
2;47171.0;Caesar;Paris;SEASHELLS;20783.0;5
2;47176.0;Paris;Caesar;SEASHELLS;20797.0;2
2;47186.0;Paris;Caesar;SEASHELLS;20807.0;3
2;47206.0;Caesar;Paris;SEASHELLS;20806.0;4
2;47219.0;Caesar;Camilla;SEASHELLS;20802.0;3
2;47220.0;Paris;Caesar;SEASHELLS;20807.0;4
2;47221.0;Caesar;Paris;SEASHELLS;20810.0;5
2;47226.0;Paris;Caesar;SEASHELLS;20808.0;3
2;47233.0;Paris;Caesar;SEASHELLS;20806.0;4
2;47237.0;Paris;Caesar;SEASHELLS;20810.0;3
2;47238.0;Caesar;Paris;SEASHELLS;20809.0;5
2;47239.0;Paris;Caesar;SEASHELLS;20808.0;3
2;47252.0;Paris;Caesar;SEASHELLS;20790.0;5
2;47253.0;Paris;Caesar;SEASHELLS;20788.0;4
2;47277.0;Paris;Caesar;SEASHELLS;20771.0;2
2;47282.0;Caesar;Paris;SEASHELLS;20761.0;5
2;47288.0;Caesar;Paris;SEASHELLS;20768.0;1
2;47297.0;Caesar;Paris;SEASHELLS;20767.0;2
2;47298.0;Paris;Caesar;SEASHELLS;20773.0;2
2;47316.0;Caesar;Paris;SEASHELLS;20756.0;4
2;47336.0;Paris;Caesar;SEASHELLS;20761.0;5
2;47341.0;Caesar;Paris;SEASHELLS;20756.0;5
2;47344.0;Caesar;Paris;SEASHELLS;20754.0;5
2;47350.0;Caesar;Paris;SEASHELLS;20756.0;1
2;47352.0;Caesar;Paris;SEASHELLS;20756.0;2
2;47353.0;Caesar;Paris;SEASHELLS;20759.0;4
2;47362.0;Caesar;Paris;SEASHELLS;20746.0;3
2;47362.0;Caesar;Camilla;SEASHELLS;20746.0;4
2;47365.0;Caesar;Paris;SEASHELLS;20751.0;1
2;47387.0;Paris;Caesar;SEASHELLS;20761.0;1
2;47392.0;Paris;Caesar;SEASHELLS;20763.0;2
2;47396.0;Caesar;Paris;SEASHELLS;20750.0;3
2;47406.0;Caesar;Camilla;SEASHELLS;20740.0;7
2;47414.0;Caesar;Paris;SEASHELLS;20734.0;2
2;47415.0;Caesar;Camilla;SEASHELLS;20732.0;5
2;47436.0;Caesar;Camilla;SEASHELLS;20739.0;3
2;47471.0;Paris;Caesar;SEASHELLS;20735.0;2
2;47475.0;Paris;Caesar;SEASHELLS;20734.0;1
2;47481.0;Caesar;Paris;SEASHELLS;20740.0;4
2;47502.0;Paris;Caesar;SEASHELLS;20757.0;2
2;47505.0;Paris;Caesar;SEASHELLS;20762.0;1
2;47510.0;Caesar;Paris;SEASHELLS;20762.0;3
2;47536.0;Caesar;Paris;SEASHELLS;20765.0;1
2;47544.0;Caesar;Paris;SEASHELLS;20765.0;4
2;47553.0;Caesar;Paris;SEASHELLS;20765.0;4
2;47554.0;Paris;Caesar;SEASHELLS;20768.0;1
2;47562.0;Caesar;Paris;SEASHELLS;20751.0;4
2;47568.0;Caesar;Paris;SEASHELLS;20751.0;3
2;47577.0;Caesar;Camilla;SEASHELLS;20739.0;11
2;47582.0;Caesar;Paris;SEASHELLS;20735.0;5
2;47595.0;Caesar;Paris;SEASHELLS;20724.0;3
2;47598.0;Caesar;Paris;SEASHELLS;20733.0;4
2;47603.0;Paris;Caesar;SEASHELLS;20722.0;1
2;47609.0;Paris;Caesar;SEASHELLS;20726.0;4
2;47613.0;Paris;Caesar;SEASHELLS;20725.0;4
2;47614.0;Paris;Caesar;SEASHELLS;20726.0;5
2;47634.0;Paris;Caesar;SEASHELLS;20721.0;3
2;47637.0;Caesar;Paris;SEASHELLS;20729.0;4
2;47639.0;Caesar;Paris;SEASHELLS;20725.0;2
2;47651.0;Caesar;Paris;SEASHELLS;20729.0;3
2;47667.0;Caesar;Camilla;SEASHELLS;20748.0;11
2;47691.0;Caesar;Paris;SEASHELLS;20746.0;2
2;47693.0;Paris;Caesar;SEASHELLS;20747.0;1
2;47707.0;Caesar;Camilla;SEASHELLS;20743.0;3
2;47708.0;Caesar;Paris;SEASHELLS;20748.0;5
2;47721.0;Paris;Caesar;SEASHELLS;20740.0;3
2;47725.0;Paris;Caesar;SEASHELLS;20739.0;4
2;47730.0;Paris;Caesar;SEASHELLS;20726.0;4
2;47738.0;Paris;Caesar;SEASHELLS;20716.0;1
2;47745.0;Paris;Caesar;SEASHELLS;20724.0;1
2;47749.0;Paris;Caesar;SEASHELLS;20719.0;5
2;47751.0;Paris;Caesar;SEASHELLS;20720.0;2
2;47754.0;Paris;Caesar;SEASHELLS;20728.0;4
2;47775.0;Paris;Caesar;SEASHELLS;20730.0;3
2;47781.0;Paris;Caesar;SEASHELLS;20721.0;3
2;47783.0;Caesar;Paris;SEASHELLS;20720.0;5
2;47795.0;Paris;Caesar;SEASHELLS;20725.0;1
2;47809.0;Paris;Caesar;SEASHELLS;20734.0;3
2;47823.0;Caesar;Paris;SEASHELLS;20736.0;3
2;47838.0;Paris;Caesar;SEASHELLS;20742.0;3
2;47843.0;Paris;Caesar;SEASHELLS;20747.0;3
2;47877.0;Paris;Caesar;SEASHELLS;20771.0;3
2;47881.0;Caesar;Paris;SEASHELLS;20761.0;5
2;47887.0;Paris;Caesar;SEASHELLS;20766.0;1
2;47900.0;Paris;Caesar;SEASHELLS;20756.0;1
2;47902.0;Paris;Caesar;SEASHELLS;20753.0;2
2;47935.0;Caesar;Paris;SEASHELLS;20759.0;3
2;47943.0;Paris;Caesar;SEASHELLS;20752.0;2
2;47948.0;Paris;Caesar;SEASHELLS;20749.0;2
2;47960.0;Paris;Caesar;SEASHELLS;20756.0;4
2;47969.0;Caesar;Paris;SEASHELLS;20752.0;5
2;47979.0;Paris;Caesar;SEASHELLS;20746.0;3
2;47984.0;Paris;Caesar;SEASHELLS;20744.0;2
2;48021.0;Caesar;Paris;SEASHELLS;20748.0;2
2;48037.0;Caesar;Paris;SEASHELLS;20763.0;2
2;48038.0;Paris;Caesar;SEASHELLS;20762.0;1
2;48055.0;Caesar;Paris;SEASHELLS;20761.0;2
2;48063.0;Caesar;Paris;SEASHELLS;20755.0;3
2;48078.0;Caesar;Paris;SEASHELLS;20750.0;2
2;48088.0;Caesar;Camilla;SEASHELLS;20767.0;5
2;48088.0;Paris;Caesar;SEASHELLS;20768.0;5
2;48098.0;Caesar;Camilla;SEASHELLS;20770.0;7
2;48099.0;Paris;Caesar;SEASHELLS;20766.0;1
2;48102.0;Paris;Caesar;SEASHELLS;20764.0;3
2;48107.0;Caesar;Paris;SEASHELLS;20759.0;4
2;48119.0;Caesar;Paris;SEASHELLS;20764.0;4
2;48125.0;Caesar;Paris;SEASHELLS;20765.0;3
2;48137.0;Paris;Caesar;SEASHELLS;20774.0;4
2;48186.0;Caesar;Camilla;SEASHELLS;20760.0;10
2;48187.0;Paris;Caesar;SEASHELLS;20758.0;5
2;48209.0;Caesar;Paris;SEASHELLS;20762.0;2
2;48213.0;Paris;Caesar;SEASHELLS;20763.0;4
2;48216.0;Paris;Caesar;SEASHELLS;20761.0;3
2;48219.0;Caesar;Paris;SEASHELLS;20760.0;1
2;48221.0;Caesar;Paris;SEASHELLS;20758.0;3
2;48224.0;Caesar;Camilla;SEASHELLS;20759.0;4
2;48238.0;Paris;Caesar;SEASHELLS;20741.0;5
2;48249.0;Paris;Caesar;SEASHELLS;20741.0;4
2;48270.0;Caesar;Paris;SEASHELLS;20747.0;2
2;48286.0;Paris;Caesar;SEASHELLS;20763.0;2
2;48293.0;Paris;Caesar;SEASHELLS;20761.0;2
2;48313.0;Caesar;Paris;SEASHELLS;20741.0;1
2;48336.0;Paris;Caesar;SEASHELLS;20718.0;1
2;48354.0;Paris;Caesar;SEASHELLS;20723.0;5
2;48393.0;Caesar;Paris;SEASHELLS;20728.0;3
2;48415.0;Caesar;Paris;SEASHELLS;20727.0;1
2;48421.0;Caesar;Paris;SEASHELLS;20733.0;3
2;48422.0;Caesar;Paris;SEASHELLS;20735.0;5
2;48429.0;Caesar;Paris;SEASHELLS;20730.0;2
2;48447.0;Paris;Caesar;SEASHELLS;20736.0;2
2;48456.0;Caesar;Paris;SEASHELLS;20732.0;2
2;48472.0;Caesar;Paris;SEASHELLS;20710.0;4
2;48484.0;Caesar;Paris;SEASHELLS;20712.0;4
2;48513.0;Paris;Caesar;SEASHELLS;20710.0;4
2;48514.0;Paris;Caesar;SEASHELLS;20718.0;5
2;48517.0;Paris;Caesar;SEASHELLS;20722.0;3
2;48520.0;Caesar;Paris;SEASHELLS;20721.0;3
2;48522.0;Paris;Caesar;SEASHELLS;20731.0;4
2;48544.0;Caesar;Paris;SEASHELLS;20715.0;4
2;48547.0;Paris;Caesar;SEASHELLS;20716.0;4
2;48575.0;Caesar;Camilla;SEASHELLS;20705.0;9
2;48581.0;Paris;Caesar;SEASHELLS;20706.0;5
2;48601.0;Caesar;Camilla;SEASHELLS;20712.0;6
2;48624.0;Paris;Caesar;SEASHELLS;20712.0;4
2;48631.0;Caesar;Paris;SEASHELLS;20723.0;5
2;48647.0;Caesar;Paris;SEASHELLS;20720.0;4
2;48651.0;Caesar;Paris;SEASHELLS;20728.0;5
2;48652.0;Caesar;Paris;SEASHELLS;20727.0;4
2;48658.0;Paris;Caesar;SEASHELLS;20740.0;4
2;48679.0;Caesar;Paris;SEASHELLS;20749.0;5
2;48689.0;Paris;Caesar;SEASHELLS;20754.0;4
2;48707.0;Paris;Caesar;SEASHELLS;20751.0;3
2;48727.0;Paris;Caesar;SEASHELLS;20743.0;1
2;48728.0;Paris;Caesar;SEASHELLS;20743.0;5
2;48736.0;Paris;Caesar;SEASHELLS;20744.0;5
2;48739.0;Caesar;Camilla;SEASHELLS;20733.0;4
2;48753.0;Paris;Caesar;SEASHELLS;20738.0;2
2;48754.0;Paris;Caesar;SEASHELLS;20736.0;3
2;48757.0;Paris;Caesar;SEASHELLS;20738.0;4
2;48761.0;Paris;Caesar;SEASHELLS;20733.0;2
2;48813.0;Caesar;Camilla;SEASHELLS;20725.0;9
2;48816.0;Caesar;Paris;SEASHELLS;20727.0;3
2;48817.0;Paris;Caesar;SEASHELLS;20723.0;2
2;48829.0;Caesar;Camilla;SEASHELLS;20735.0;11
2;48831.0;Caesar;Camilla;SEASHELLS;20728.0;10
2;48839.0;Paris;Caesar;SEASHELLS;20730.0;3
2;48841.0;Paris;Caesar;SEASHELLS;20731.0;3
2;48850.0;Caesar;Paris;SEASHELLS;20728.0;4
2;48851.0;Paris;Caesar;SEASHELLS;20731.0;4
2;48869.0;Caesar;Paris;SEASHELLS;20728.0;4
2;48879.0;Paris;Caesar;SEASHELLS;20724.0;2
2;48927.0;Caesar;Paris;SEASHELLS;20711.0;1
2;48934.0;Paris;Caesar;SEASHELLS;20712.0;1
2;48938.0;Caesar;Paris;SEASHELLS;20711.0;1
2;48948.0;Caesar;Camilla;SEASHELLS;20708.0;4
2;48961.0;Caesar;Paris;SEASHELLS;20716.0;5
2;48968.0;Paris;Caesar;SEASHELLS;20716.0;1
2;48982.0;Caesar;Camilla;SEASHELLS;20723.0;11
2;48985.0;Paris;Caesar;SEASHELLS;20723.0;4
2;48989.0;Caesar;Paris;SEASHELLS;20718.0;2
2;48995.0;Caesar;Paris;SEASHELLS;20725.0;3
2;49005.0;Paris;Caesar;SEASHELLS;20743.0;4
2;49019.0;Paris;Caesar;SEASHELLS;20735.0;3
2;49023.0;Paris;Caesar;SEASHELLS;20727.0;2
2;49053.0;Caesar;Camilla;SEASHELLS;20751.0;8
2;49053.0;Paris;Caesar;SEASHELLS;20752.0;5
2;49058.0;Caesar;Paris;SEASHELLS;20749.0;5
2;49075.0;Caesar;Paris;SEASHELLS;20732.0;1
2;49079.0;Paris;Caesar;SEASHELLS;20746.0;2
2;49082.0;Caesar;Paris;SEASHELLS;20748.0;4
2;49098.0;Caesar;Paris;SEASHELLS;20743.0;5
2;49099.0;Paris;Caesar;SEASHELLS;20746.0;5
2;49106.0;Paris;Caesar;SEASHELLS;20743.0;4
2;49129.0;Paris;Caesar;SEASHELLS;20729.0;3
2;49130.0;Paris;Caesar;SEASHELLS;20730.0;1
2;49132.0;Caesar;Paris;SEASHELLS;20729.0;2
2;49133.0;Caesar;Paris;SEASHELLS;20732.0;5
2;49134.0;Paris;Caesar;SEASHELLS;20734.0;3
2;49168.0;Paris;Caesar;SEASHELLS;20767.0;5
2;49203.0;Paris;Caesar;SEASHELLS;20766.0;3
2;49211.0;Paris;Caesar;SEASHELLS;20773.0;3
2;49236.0;Caesar;Paris;SEASHELLS;20759.0;5
2;49260.0;Paris;Caesar;SEASHELLS;20760.0;5
2;49262.0;Caesar;Paris;SEASHELLS;20753.0;1
2;49266.0;Paris;Caesar;SEASHELLS;20748.0;1
2;49269.0;Caesar;Paris;SEASHELLS;20746.0;4
2;49273.0;Paris;Caesar;SEASHELLS;20752.0;4
2;49280.0;Caesar;Paris;SEASHELLS;20736.0;4
2;49292.0;Paris;Caesar;SEASHELLS;20725.0;1
2;49295.0;Caesar;Paris;SEASHELLS;20724.0;1
2;49298.0;Caesar;Paris;SEASHELLS;20724.0;2
2;49312.0;Caesar;Camilla;SEASHELLS;20742.0;8
2;49325.0;Caesar;Paris;SEASHELLS;20737.0;5
2;49326.0;Caesar;Paris;SEASHELLS;20742.0;3
2;49327.0;Paris;Caesar;SEASHELLS;20743.0;5
2;49333.0;Paris;Caesar;SEASHELLS;20745.0;4
2;49340.0;Paris;Caesar;SEASHELLS;20744.0;2
2;49344.0;Caesar;Paris;SEASHELLS;20737.0;5
2;49356.0;Caesar;Paris;SEASHELLS;20730.0;4
2;49358.0;Caesar;Paris;SEASHELLS;20727.0;2
2;49376.0;Paris;Caesar;SEASHELLS;20723.0;4
2;49404.0;Caesar;Camilla;SEASHELLS;20721.0;6
2;49406.0;Caesar;Paris;SEASHELLS;20720.0;2
2;49419.0;Caesar;Paris;SEASHELLS;20727.0;4
2;49423.0;Paris;Caesar;SEASHELLS;20733.0;2
2;49427.0;Caesar;Paris;SEASHELLS;20730.0;2
2;49441.0;Caesar;Paris;SEASHELLS;20748.0;2
2;49442.0;Paris;Caesar;SEASHELLS;20752.0;2
2;49458.0;Caesar;Paris;SEASHELLS;20749.0;5
2;49462.0;Paris;Caesar;SEASHELLS;20743.0;4
2;49489.0;Paris;Caesar;SEASHELLS;20759.0;2
2;49496.0;Paris;Caesar;SEASHELLS;20760.0;3
2;49506.0;Caesar;Camilla;SEASHELLS;20776.0;3
2;49508.0;Paris;Caesar;SEASHELLS;20776.0;1
2;49514.0;Caesar;Paris;SEASHELLS;20782.0;3
2;49515.0;Caesar;Paris;SEASHELLS;20782.0;5
2;49516.0;Paris;Caesar;SEASHELLS;20785.0;4
2;49516.0;Caesar;Camilla;SEASHELLS;20783.0;8
2;49541.0;Caesar;Paris;SEASHELLS;20795.0;2
2;49544.0;Paris;Caesar;SEASHELLS;20804.0;1
2;49557.0;Paris;Caesar;SEASHELLS;20810.0;5
2;49567.0;Paris;Caesar;SEASHELLS;20800.0;5
2;49575.0;Caesar;Paris;SEASHELLS;20795.0;3
2;49603.0;Caesar;Paris;SEASHELLS;20786.0;1
2;49604.0;Paris;Caesar;SEASHELLS;20791.0;3
2;49618.0;Paris;Caesar;SEASHELLS;20788.0;3
2;49649.0;Caesar;Paris;SEASHELLS;20775.0;1
2;49651.0;Caesar;Paris;SEASHELLS;20771.0;4
2;49657.0;Paris;Caesar;SEASHELLS;20767.0;4
2;49659.0;Caesar;Paris;SEASHELLS;20753.0;2
2;49660.0;Caesar;Paris;SEASHELLS;20755.0;3
2;49671.0;Caesar;Paris;SEASHELLS;20746.0;1
2;49695.0;Caesar;Camilla;SEASHELLS;20736.0;4
2;49702.0;Paris;Caesar;SEASHELLS;20740.0;4
2;49705.0;Caesar;Paris;SEASHELLS;20735.0;2
2;49711.0;Paris;Caesar;SEASHELLS;20733.0;1
2;49713.0;Caesar;Camilla;SEASHELLS;20728.0;9
2;49720.0;Paris;Caesar;SEASHELLS;20725.0;4
2;49729.0;Caesar;Paris;SEASHELLS;20729.0;2
2;49737.0;Paris;Caesar;SEASHELLS;20733.0;2
2;49747.0;Caesar;Paris;SEASHELLS;20744.0;2
2;49758.0;Caesar;Paris;SEASHELLS;20737.0;4
2;49759.0;Paris;Caesar;SEASHELLS;20735.0;1
2;49770.0;Paris;Caesar;SEASHELLS;20743.0;4
2;49774.0;Paris;Caesar;SEASHELLS;20746.0;3
2;49805.0;Caesar;Camilla;SEASHELLS;20758.0;11
2;49826.0;Caesar;Paris;SEASHELLS;20774.0;5
2;49861.0;Paris;Caesar;SEASHELLS;20745.0;5
2;49869.0;Paris;Caesar;SEASHELLS;20760.0;5
2;49882.0;Paris;Caesar;SEASHELLS;20767.0;1
2;49887.0;Paris;Caesar;SEASHELLS;20759.0;4
2;49890.0;Paris;Caesar;SEASHELLS;20759.0;4
2;49894.0;Paris;Caesar;SEASHELLS;20755.0;2
2;49912.0;Caesar;Paris;SEASHELLS;20743.0;5
2;49917.0;Paris;Caesar;SEASHELLS;20740.0;4
2;49919.0;Paris;Caesar;SEASHELLS;20734.0;5
2;49928.0;Paris;Caesar;SEASHELLS;20724.0;2
2;49932.0;Caesar;Paris;SEASHELLS;20722.0;3
2;49937.0;Paris;Caesar;SEASHELLS;20731.0;1
2;49951.0;Paris;Caesar;SEASHELLS;20732.0;4
2;49966.0;Paris;Caesar;SEASHELLS;20729.0;1
2;49970.0;Caesar;Paris;SEASHELLS;20729.0;5
2;49977.0;Paris;Caesar;SEASHELLS;20719.0;2
2;49990.0;Caesar;Paris;SEASHELLS;20712.0;5
3;50003.0;Paris;Caesar;SEASHELLS;20697.0;2
3;50026.0;Paris;Caesar;SEASHELLS;20688.0;5
3;50034.0;Paris;Caesar;SEASHELLS;20687.0;4
3;50068.0;Caesar;Paris;SEASHELLS;20671.0;4
3;50079.0;Paris;Caesar;SEASHELLS;20679.0;4
3;50087.0;Caesar;Paris;SEASHELLS;20674.0;2
3;50100.0;Caesar;Paris;SEASHELLS;20677.0;1
3;50122.0;Paris;Caesar;SEASHELLS;20696.0;1
3;50131.0;Paris;Caesar;SEASHELLS;20695.0;5
3;50143.0;Paris;Caesar;SEASHELLS;20702.0;2
3;50145.0;Caesar;Paris;SEASHELLS;20696.0;2
3;50171.0;Paris;Caesar;SEASHELLS;20692.0;2
3;50185.0;Caesar;Camilla;SEASHELLS;20682.0;7
3;50219.0;Paris;Caesar;SEASHELLS;20666.0;5
3;50236.0;Caesar;Paris;SEASHELLS;20667.0;4
3;50238.0;Paris;Caesar;SEASHELLS;20664.0;3
3;50257.0;Caesar;Camilla;SEASHELLS;20667.0;10
3;50287.0;Caesar;Paris;SEASHELLS;20651.0;3
3;50297.0;Paris;Caesar;SEASHELLS;20644.0;2
3;50307.0;Paris;Caesar;SEASHELLS;20633.0;2
3;50310.0;Paris;Caesar;SEASHELLS;20637.0;5
3;50311.0;Caesar;Paris;SEASHELLS;20638.0;1
3;50315.0;Caesar;Paris;SEASHELLS;20642.0;1
3;50324.0;Paris;Caesar;SEASHELLS;20635.0;2
3;50335.0;Caesar;Camilla;SEASHELLS;20641.0;3
3;50337.0;Caesar;Paris;SEASHELLS;20640.0;1
3;50339.0;Caesar;Paris;SEASHELLS;20643.0;2
3;50345.0;Paris;Caesar;SEASHELLS;20642.0;4
3;50352.0;Paris;Caesar;SEASHELLS;20650.0;1
3;50371.0;Caesar;Paris;SEASHELLS;20642.0;5
3;50379.0;Caesar;Paris;SEASHELLS;20657.0;2
3;50385.0;Caesar;Paris;SEASHELLS;20652.0;4
3;50396.0;Caesar;Paris;SEASHELLS;20646.0;3
3;50425.0;Caesar;Paris;SEASHELLS;20649.0;2
3;50427.0;Paris;Caesar;SEASHELLS;20650.0;3
3;50445.0;Paris;Caesar;SEASHELLS;20676.0;3
3;50449.0;Paris;Caesar;SEASHELLS;20671.0;5
3;50463.0;Caesar;Paris;SEASHELLS;20689.0;2
3;50467.0;Paris;Caesar;SEASHELLS;20695.0;4
3;50485.0;Caesar;Paris;SEASHELLS;20693.0;2
3;50512.0;Caesar;Camilla;SEASHELLS;20693.0;4
3;50515.0;Paris;Caesar;SEASHELLS;20695.0;2
3;50541.0;Caesar;Paris;SEASHELLS;20684.0;1
3;50551.0;Caesar;Paris;SEASHELLS;20686.0;4
3;50561.0;Caesar;Paris;SEASHELLS;20673.0;1
3;50567.0;Paris;Caesar;SEASHELLS;20673.0;1
3;50571.0;Paris;Caesar;SEASHELLS;20672.0;2
3;50621.0;Paris;Caesar;SEASHELLS;20654.0;5
3;50626.0;Caesar;Paris;SEASHELLS;20643.0;3
3;50629.0;Caesar;Paris;SEASHELLS;20638.0;2
3;50639.0;Caesar;Paris;SEASHELLS;20631.0;1
3;50645.0;Paris;Caesar;SEASHELLS;20636.0;2
3;50656.0;Caesar;Paris;SEASHELLS;20649.0;2
3;50659.0;Caesar;Paris;SEASHELLS;20648.0;4
3;50669.0;Caesar;Paris;SEASHELLS;20645.0;3
3;50672.0;Caesar;Paris;SEASHELLS;20645.0;3
3;50674.0;Paris;Caesar;SEASHELLS;20645.0;1
3;50680.0;Caesar;Paris;SEASHELLS;20648.0;5
3;50686.0;Caesar;Paris;SEASHELLS;20636.0;5
3;50700.0;Paris;Caesar;SEASHELLS;20634.0;1
3;50701.0;Caesar;Camilla;SEASHELLS;20641.0;7
3;50710.0;Caesar;Paris;SEASHELLS;20633.0;1
3;50734.0;Paris;Caesar;SEASHELLS;20618.0;4
3;50770.0;Caesar;Paris;SEASHELLS;20600.0;2
3;50795.0;Paris;Caesar;SEASHELLS;20618.0;3
3;50797.0;Caesar;Camilla;SEASHELLS;20620.0;5
3;50801.0;Paris;Caesar;SEASHELLS;20630.0;5
3;50805.0;Caesar;Paris;SEASHELLS;20629.0;3
3;50814.0;Paris;Caesar;SEASHELLS;20627.0;3
3;50822.0;Caesar;Paris;SEASHELLS;20630.0;5
3;50836.0;Caesar;Paris;SEASHELLS;20624.0;5
3;50841.0;Paris;Caesar;SEASHELLS;20629.0;1
3;50846.0;Caesar;Paris;SEASHELLS;20624.0;4
3;50848.0;Paris;Caesar;SEASHELLS;20626.0;3
3;50864.0;Caesar;Paris;SEASHELLS;20615.0;1
3;50875.0;Caesar;Paris;SEASHELLS;20617.0;1
3;50886.0;Paris;Caesar;SEASHELLS;20626.0;1
3;50887.0;Paris;Caesar;SEASHELLS;20627.0;2
3;50888.0;Paris;Caesar;SEASHELLS;20632.0;1
3;50896.0;Caesar;Paris;SEASHELLS;20635.0;1
3;50898.0;Caesar;Paris;SEASHELLS;20635.0;5
3;50908.0;Paris;Caesar;SEASHELLS;20644.0;2
3;50912.0;Paris;Caesar;SEASHELLS;20645.0;2
3;50917.0;Caesar;Paris;SEASHELLS;20641.0;5
3;50927.0;Caesar;Paris;SEASHELLS;20641.0;1
3;50927.0;Caesar;Camilla;SEASHELLS;20641.0;4
3;50929.0;Paris;Caesar;SEASHELLS;20645.0;1
3;50933.0;Camilla;Paris;SEASHELLS;20647.0;3
3;50934.0;Caesar;Paris;SEASHELLS;20646.0;2
3;50940.0;Paris;Caesar;SEASHELLS;20651.0;4
3;50955.0;Paris;Caesar;SEASHELLS;20643.0;4
3;50977.0;Caesar;Camilla;SEASHELLS;20642.0;4
3;50979.0;Caesar;Paris;SEASHELLS;20642.0;1
3;50982.0;Caesar;Camilla;SEASHELLS;20640.0;7
3;50996.0;Paris;Caesar;SEASHELLS;20650.0;2
3;51016.0;Caesar;Paris;SEASHELLS;20656.0;4
3;51029.0;Paris;Caesar;SEASHELLS;20665.0;3
3;51031.0;Caesar;Paris;SEASHELLS;20666.0;2
3;51037.0;Caesar;Paris;SEASHELLS;20668.0;4
3;51047.0;Paris;Caesar;SEASHELLS;20673.0;4
3;51051.0;Caesar;Paris;SEASHELLS;20662.0;4
3;51056.0;Paris;Caesar;SEASHELLS;20661.0;1
3;51065.0;Paris;Caesar;SEASHELLS;20661.0;5
3;51070.0;Caesar;Paris;SEASHELLS;20651.0;5
3;51094.0;Caesar;Camilla;SEASHELLS;20656.0;10
3;51096.0;Caesar;Paris;SEASHELLS;20662.0;1
3;51099.0;Caesar;Paris;SEASHELLS;20657.0;3
3;51109.0;Paris;Caesar;SEASHELLS;20659.0;3
3;51114.0;Paris;Caesar;SEASHELLS;20661.0;5
3;51125.0;Paris;Caesar;SEASHELLS;20668.0;4
3;51134.0;Paris;Caesar;SEASHELLS;20681.0;4
3;51134.0;Caesar;Camilla;SEASHELLS;20679.0;11
3;51155.0;Caesar;Paris;SEASHELLS;20679.0;4
3;51163.0;Paris;Caesar;SEASHELLS;20684.0;1
3;51166.0;Caesar;Paris;SEASHELLS;20683.0;2
3;51201.0;Caesar;Paris;SEASHELLS;20673.0;1
3;51203.0;Paris;Caesar;SEASHELLS;20675.0;5
3;51212.0;Paris;Caesar;SEASHELLS;20681.0;1
3;51214.0;Paris;Caesar;SEASHELLS;20678.0;4
3;51221.0;Caesar;Paris;SEASHELLS;20667.0;4
3;51222.0;Caesar;Paris;SEASHELLS;20668.0;5
3;51224.0;Paris;Caesar;SEASHELLS;20667.0;2
3;51231.0;Paris;Caesar;SEASHELLS;20672.0;1
3;51242.0;Paris;Caesar;SEASHELLS;20677.0;5
3;51260.0;Paris;Caesar;SEASHELLS;20670.0;3
3;51266.0;Caesar;Paris;SEASHELLS;20679.0;1
3;51281.0;Caesar;Paris;SEASHELLS;20677.0;5
3;51290.0;Paris;Caesar;SEASHELLS;20691.0;1
3;51291.0;Paris;Caesar;SEASHELLS;20690.0;5
3;51297.0;Caesar;Paris;SEASHELLS;20687.0;1
3;51307.0;Paris;Caesar;SEASHELLS;20688.0;3
3;51329.0;Paris;Caesar;SEASHELLS;20686.0;2
3;51342.0;Paris;Caesar;SEASHELLS;20680.0;1
3;51350.0;Paris;Caesar;SEASHELLS;20675.0;3
3;51360.0;Caesar;Paris;SEASHELLS;20665.0;3
3;51363.0;Paris;Caesar;SEASHELLS;20665.0;5
3;51367.0;Caesar;Paris;SEASHELLS;20667.0;5
3;51372.0;Caesar;Paris;SEASHELLS;20665.0;2
3;51381.0;Paris;Caesar;SEASHELLS;20670.0;5
3;51384.0;Paris;Caesar;SEASHELLS;20669.0;3
3;51389.0;Caesar;Paris;SEASHELLS;20665.0;5
3;51410.0;Paris;Caesar;SEASHELLS;20666.0;5
3;51411.0;Paris;Caesar;SEASHELLS;20665.0;5
3;51430.0;Caesar;Paris;SEASHELLS;20667.0;3
3;51432.0;Caesar;Paris;SEASHELLS;20664.0;1
3;51433.0;Paris;Caesar;SEASHELLS;20667.0;2
3;51445.0;Caesar;Paris;SEASHELLS;20657.0;1
3;51446.0;Caesar;Camilla;SEASHELLS;20652.0;3
3;51453.0;Paris;Caesar;SEASHELLS;20662.0;3
3;51455.0;Paris;Caesar;SEASHELLS;20661.0;2
3;51458.0;Paris;Caesar;SEASHELLS;20661.0;2
3;51469.0;Caesar;Paris;SEASHELLS;20671.0;3
3;51492.0;Caesar;Paris;SEASHELLS;20672.0;2
3;51495.0;Caesar;Camilla;SEASHELLS;20674.0;11
3;51500.0;Paris;Caesar;SEASHELLS;20677.0;3
3;51504.0;Caesar;Paris;SEASHELLS;20679.0;1
3;51512.0;Paris;Caesar;SEASHELLS;20680.0;2
3;51538.0;Caesar;Paris;SEASHELLS;20678.0;3
3;51551.0;Caesar;Paris;SEASHELLS;20665.0;5
3;51567.0;Paris;Caesar;SEASHELLS;20669.0;2
3;51577.0;Paris;Caesar;SEASHELLS;20671.0;3
3;51585.0;Paris;Caesar;SEASHELLS;20678.0;1
3;51591.0;Paris;Caesar;SEASHELLS;20672.0;3
3;51603.0;Caesar;Camilla;SEASHELLS;20683.0;4
3;51637.0;Paris;Caesar;SEASHELLS;20689.0;3
3;51658.0;Paris;Caesar;SEASHELLS;20671.0;2
3;51660.0;Caesar;Paris;SEASHELLS;20670.0;5
3;51663.0;Paris;Caesar;SEASHELLS;20662.0;1
3;51690.0;Caesar;Paris;SEASHELLS;20673.0;5
3;51699.0;Caesar;Paris;SEASHELLS;20664.0;5
3;51705.0;Caesar;Paris;SEASHELLS;20664.0;5
3;51714.0;Paris;Caesar;SEASHELLS;20650.0;2
3;51731.0;Caesar;Paris;SEASHELLS;20651.0;4
3;51732.0;Paris;Caesar;SEASHELLS;20649.0;4
3;51751.0;Caesar;Paris;SEASHELLS;20628.0;5
3;51754.0;Paris;Caesar;SEASHELLS;20630.0;4
3;51756.0;Caesar;Paris;SEASHELLS;20631.0;2
3;51764.0;Caesar;Paris;SEASHELLS;20641.0;2
3;51768.0;Caesar;Camilla;SEASHELLS;20643.0;3
3;51782.0;Caesar;Paris;SEASHELLS;20654.0;1
3;51784.0;Caesar;Paris;SEASHELLS;20657.0;2
3;51816.0;Paris;Caesar;SEASHELLS;20657.0;4
3;51820.0;Caesar;Paris;SEASHELLS;20657.0;2
3;51840.0;Caesar;Paris;SEASHELLS;20656.0;2
3;51848.0;Paris;Caesar;SEASHELLS;20667.0;5
3;51851.0;Paris;Caesar;SEASHELLS;20670.0;2
3;51853.0;Paris;Caesar;SEASHELLS;20671.0;1
3;51871.0;Caesar;Paris;SEASHELLS;20687.0;5
3;51879.0;Caesar;Camilla;SEASHELLS;20675.0;8
3;51880.0;Caesar;Paris;SEASHELLS;20677.0;5
3;51893.0;Paris;Caesar;SEASHELLS;20681.0;4
3;51906.0;Caesar;Paris;SEASHELLS;20671.0;3
3;51917.0;Caesar;Paris;SEASHELLS;20659.0;2
3;51921.0;Paris;Caesar;SEASHELLS;20658.0;5
3;51928.0;Paris;Caesar;SEASHELLS;20666.0;5
3;51941.0;Paris;Caesar;SEASHELLS;20680.0;3
3;51946.0;Paris;Caesar;SEASHELLS;20682.0;4
3;51958.0;Caesar;Paris;SEASHELLS;20672.0;2
3;51971.0;Caesar;Camilla;SEASHELLS;20678.0;5
3;51976.0;Paris;Caesar;SEASHELLS;20684.0;5
3;52008.0;Paris;Caesar;SEASHELLS;20704.0;5
3;52019.0;Caesar;Paris;SEASHELLS;20691.0;5
3;52036.0;Paris;Caesar;SEASHELLS;20709.0;1
3;52074.0;Paris;Caesar;SEASHELLS;20681.0;2
3;52075.0;Paris;Caesar;SEASHELLS;20681.0;4
3;52078.0;Paris;Caesar;SEASHELLS;20692.0;4
3;52082.0;Caesar;Paris;SEASHELLS;20697.0;5
3;52091.0;Caesar;Paris;SEASHELLS;20691.0;2
3;52093.0;Paris;Caesar;SEASHELLS;20696.0;2
3;52103.0;Paris;Caesar;SEASHELLS;20696.0;4
3;52115.0;Paris;Caesar;SEASHELLS;20696.0;5
3;52124.0;Paris;Caesar;SEASHELLS;20705.0;1
3;52129.0;Paris;Caesar;SEASHELLS;20694.0;1
3;52137.0;Paris;Caesar;SEASHELLS;20709.0;5
3;52179.0;Caesar;Paris;SEASHELLS;20712.0;4
3;52181.0;Paris;Caesar;SEASHELLS;20715.0;1
3;52189.0;Paris;Caesar;SEASHELLS;20712.0;5
3;52205.0;Caesar;Paris;SEASHELLS;20713.0;5
3;52220.0;Caesar;Paris;SEASHELLS;20708.0;1
3;52223.0;Caesar;Paris;SEASHELLS;20711.0;1
3;52230.0;Caesar;Paris;SEASHELLS;20710.0;3
3;52232.0;Paris;Caesar;SEASHELLS;20713.0;4
3;52258.0;Paris;Caesar;SEASHELLS;20747.0;2
3;52268.0;Caesar;Paris;SEASHELLS;20737.0;2
3;52278.0;Paris;Caesar;SEASHELLS;20743.0;2
3;52288.0;Paris;Caesar;SEASHELLS;20738.0;2
3;52295.0;Caesar;Paris;SEASHELLS;20740.0;4
3;52318.0;Caesar;Paris;SEASHELLS;20734.0;1
3;52321.0;Caesar;Paris;SEASHELLS;20735.0;2
3;52337.0;Caesar;Paris;SEASHELLS;20740.0;5
3;52354.0;Paris;Caesar;SEASHELLS;20747.0;3
3;52361.0;Caesar;Camilla;SEASHELLS;20743.0;8
3;52375.0;Caesar;Paris;SEASHELLS;20746.0;5
3;52376.0;Paris;Caesar;SEASHELLS;20747.0;3
3;52389.0;Paris;Caesar;SEASHELLS;20737.0;2
3;52392.0;Caesar;Paris;SEASHELLS;20735.0;3
3;52417.0;Paris;Caesar;SEASHELLS;20748.0;5
3;52432.0;Caesar;Paris;SEASHELLS;20757.0;2
3;52434.0;Caesar;Camilla;SEASHELLS;20751.0;4
3;52436.0;Caesar;Paris;SEASHELLS;20748.0;2
3;52440.0;Caesar;Camilla;SEASHELLS;20748.0;8
3;52450.0;Paris;Caesar;SEASHELLS;20754.0;1
3;52453.0;Paris;Caesar;SEASHELLS;20742.0;3
3;52457.0;Paris;Caesar;SEASHELLS;20743.0;5
3;52466.0;Caesar;Paris;SEASHELLS;20728.0;1
3;52483.0;Paris;Caesar;SEASHELLS;20731.0;5
3;52496.0;Caesar;Paris;SEASHELLS;20740.0;4
3;52509.0;Paris;Caesar;SEASHELLS;20734.0;1
3;52510.0;Caesar;Paris;SEASHELLS;20735.0;1
3;52521.0;Caesar;Paris;SEASHELLS;20719.0;5
3;52521.0;Caesar;Camilla;SEASHELLS;20719.0;7
3;52524.0;Caesar;Camilla;SEASHELLS;20718.0;4
3;52544.0;Caesar;Paris;SEASHELLS;20735.0;3
3;52574.0;Caesar;Paris;SEASHELLS;20733.0;5
3;52594.0;Caesar;Camilla;SEASHELLS;20730.0;5
3;52595.0;Caesar;Paris;SEASHELLS;20732.0;2
3;52610.0;Paris;Caesar;SEASHELLS;20721.0;3
3;52611.0;Caesar;Paris;SEASHELLS;20720.0;1
3;52627.0;Caesar;Paris;SEASHELLS;20714.0;1
3;52629.0;Paris;Caesar;SEASHELLS;20710.0;1
3;52632.0;Paris;Caesar;SEASHELLS;20716.0;1
3;52637.0;Paris;Caesar;SEASHELLS;20708.0;3
3;52665.0;Caesar;Paris;SEASHELLS;20697.0;4
3;52684.0;Caesar;Paris;SEASHELLS;20704.0;3
3;52687.0;Caesar;Camilla;SEASHELLS;20707.0;8
3;52696.0;Paris;Caesar;SEASHELLS;20695.0;3
3;52733.0;Paris;Caesar;SEASHELLS;20668.0;1
3;52742.0;Paris;Caesar;SEASHELLS;20668.0;3
3;52758.0;Caesar;Paris;SEASHELLS;20657.0;5
3;52769.0;Paris;Caesar;SEASHELLS;20663.0;5
3;52771.0;Caesar;Paris;SEASHELLS;20665.0;1
3;52782.0;Caesar;Paris;SEASHELLS;20650.0;5
3;52791.0;Paris;Caesar;SEASHELLS;20641.0;5
3;52792.0;Caesar;Paris;SEASHELLS;20638.0;3
3;52799.0;Caesar;Paris;SEASHELLS;20636.0;2
3;52803.0;Paris;Caesar;SEASHELLS;20637.0;1
3;52806.0;Caesar;Camilla;SEASHELLS;20632.0;8
3;52809.0;Caesar;Camilla;SEASHELLS;20633.0;7
3;52813.0;Paris;Caesar;SEASHELLS;20639.0;3
3;52830.0;Paris;Caesar;SEASHELLS;20624.0;4
3;52834.0;Caesar;Paris;SEASHELLS;20623.0;3
3;52847.0;Paris;Caesar;SEASHELLS;20608.0;1
3;52848.0;Paris;Caesar;SEASHELLS;20611.0;4
3;52856.0;Caesar;Paris;SEASHELLS;20611.0;5
3;52874.0;Caesar;Camilla;SEASHELLS;20624.0;10
3;52880.0;Paris;Caesar;SEASHELLS;20622.0;5
3;52890.0;Paris;Caesar;SEASHELLS;20610.0;1
3;52891.0;Paris;Caesar;SEASHELLS;20611.0;2
3;52907.0;Caesar;Camilla;SEASHELLS;20637.0;7
3;52909.0;Paris;Caesar;SEASHELLS;20639.0;5
3;52914.0;Caesar;Camilla;SEASHELLS;20641.0;10
3;52916.0;Paris;Caesar;SEASHELLS;20637.0;4
3;52937.0;Paris;Caesar;SEASHELLS;20626.0;2
3;52944.0;Paris;Caesar;SEASHELLS;20645.0;1
3;52956.0;Paris;Caesar;SEASHELLS;20624.0;3
3;52964.0;Paris;Caesar;SEASHELLS;20626.0;4
3;52968.0;Caesar;Paris;SEASHELLS;20617.0;3
3;52978.0;Caesar;Paris;SEASHELLS;20616.0;2
3;52979.0;Caesar;Paris;SEASHELLS;20622.0;2
3;52987.0;Paris;Caesar;SEASHELLS;20627.0;3
3;52989.0;Paris;Caesar;SEASHELLS;20627.0;2
3;53003.0;Paris;Caesar;SEASHELLS;20621.0;1
3;53012.0;Paris;Caesar;SEASHELLS;20620.0;2
3;53018.0;Caesar;Paris;SEASHELLS;20619.0;2
3;53021.0;Caesar;Paris;SEASHELLS;20625.0;2
3;53042.0;Caesar;Paris;SEASHELLS;20647.0;5
3;53051.0;Paris;Caesar;SEASHELLS;20649.0;4
3;53062.0;Caesar;Paris;SEASHELLS;20652.0;2
3;53066.0;Paris;Caesar;SEASHELLS;20638.0;2
3;53072.0;Paris;Caesar;SEASHELLS;20633.0;1
3;53080.0;Paris;Caesar;SEASHELLS;20652.0;5
3;53083.0;Caesar;Paris;SEASHELLS;20652.0;5
3;53085.0;Paris;Caesar;SEASHELLS;20653.0;2
