day;timestamp;buyer;seller;symbol;currency;price;quantity
-2;0;;;BANANAS;SEASHELLS;5003.0;1
-2;0;;;PEARLS;SEASHELLS;9996.0;1
-2;0;;;PEARLS;SEASHELLS;9996.0;1
-2;1100;;;BANANAS;SEASHELLS;4998.0;1
-2;1300;;;BANANAS;SEASHELLS;5000.0;4
-2;1300;;;BANANAS;SEASHELLS;5000.0;3
-2;1400;;;BANANAS;SEASHELLS;4997.0;10
-2;1500;;;BANANAS;SEASHELLS;5004.0;1
-2;1500;;;PEARLS;SEASHELLS;10004.0;1
-2;1800;;;BANANAS;SEASHELLS;5003.0;1
-2;2000;;;BANANAS;SEASHELLS;5002.0;1
-2;2500;;;PEARLS;SEASHELLS;9998.0;1
-2;3200;;;BANANAS;SEASHELLS;4996.0;1
-2;3200;;;PEARLS;SEASHELLS;9996.0;1
-2;3300;;;PEARLS;SEASHELLS;9995.0;2
-2;3300;;;BANANAS;SEASHELLS;4996.0;2
-2;3600;;;PEARLS;SEASHELLS;10005.0;6
-2;3900;;;BANANAS;SEASHELLS;5002.0;1
-2;4000;;;PEARLS;SEASHELLS;9998.0;1
-2;4200;;;BANANAS;SEASHELLS;4996.0;1
-2;4200;;;PEARLS;SEASHELLS;10004.0;2
-2;4200;;;PEARLS;SEASHELLS;10004.0;1
-2;6400;;;BANANAS;SEASHELLS;4995.0;1
-2;6600;;;BANANAS;SEASHELLS;4995.0;1
-2;6700;;;PEARLS;SEASHELLS;9998.0;2
-2;6700;;;BANANAS;SEASHELLS;4996.0;2
-2;6900;;;BANANAS;SEASHELLS;4999.0;1
-2;6900;;;BANANAS;SEASHELLS;4999.0;1
-2;7300;;;BANANAS;SEASHELLS;4995.0;1
-2;7400;;;BANANAS;SEASHELLS;5000.0;1
-2;7400;;;BANANAS;SEASHELLS;4996.0;1
-2;7400;;;PEARLS;SEASHELLS;10002.0;1
-2;7500;;;PEARLS;SEASHELLS;10002.0;1
-2;8200;;;BANANAS;SEASHELLS;5000.0;1
-2;8600;;;BANANAS;SEASHELLS;4999.0;1
-2;8600;;;PEARLS;SEASHELLS;10002.0;1
-2;8700;;;PEARLS;SEASHELLS;10002.0;2
-2;8700;;;BANANAS;SEASHELLS;4999.0;2
-2;8800;;;PEARLS;SEASHELLS;10002.0;1
-2;8800;;;BANANAS;SEASHELLS;4999.0;1
-2;9600;;;PEARLS;SEASHELLS;10000.0;3
-2;10100;;;PEARLS;SEASHELLS;9998.0;1
-2;10200;;;PEARLS;SEASHELLS;9996.0;1
-2;10200;;;BANANAS;SEASHELLS;4994.0;1
-2;10500;;;BANANAS;SEASHELLS;4999.0;5
-2;11100;;;BANANAS;SEASHELLS;5001.0;2
-2;11100;;;PEARLS;SEASHELLS;10005.0;2
-2;11300;;;BANANAS;SEASHELLS;4994.0;1
-2;11400;;;BANANAS;SEASHELLS;4995.0;1
-2;12800;;;BANANAS;SEASHELLS;4994.0;13
-2;12900;;;BANANAS;SEASHELLS;4999.0;1
-2;13000;;;PEARLS;SEASHELLS;9998.0;1
-2;13500;;;BANANAS;SEASHELLS;4993.0;1
-2;13600;;;PEARLS;SEASHELLS;9998.0;1
-2;13900;;;BANANAS;SEASHELLS;4992.0;2
-2;13900;;;PEARLS;SEASHELLS;9996.0;1
-2;13900;;;PEARLS;SEASHELLS;9996.0;1
-2;14000;;;PEARLS;SEASHELLS;10005.0;7
-2;14300;;;BANANAS;SEASHELLS;4992.0;1
-2;15000;;;BANANAS;SEASHELLS;4992.0;1
-2;15100;;;PEARLS;SEASHELLS;10005.0;4
-2;15400;;;PEARLS;SEASHELLS;10002.0;5
-2;15800;;;BANANAS;SEASHELLS;4996.0;8
-2;15800;;;BANANAS;SEASHELLS;4996.0;2
-2;16500;;;BANANAS;SEASHELLS;4995.0;9
-2;16500;;;BANANAS;SEASHELLS;4995.0;5
-2;16700;;;BANANAS;SEASHELLS;4994.0;4
-2;16800;;;BANANAS;SEASHELLS;4999.0;2
-2;17300;;;PEARLS;SEASHELLS;10002.0;1
-2;17800;;;BANANAS;SEASHELLS;4995.0;5
-2;18100;;;BANANAS;SEASHELLS;4992.0;1
-2;18200;;;BANANAS;SEASHELLS;4994.0;5
-2;18200;;;PEARLS;SEASHELLS;9998.0;1
-2;18300;;;PEARLS;SEASHELLS;10005.0;2
-2;18300;;;PEARLS;SEASHELLS;9998.0;1
-2;18300;;;BANANAS;SEASHELLS;4998.0;2
-2;18500;;;PEARLS;SEASHELLS;10005.0;5
-2;18600;;;BANANAS;SEASHELLS;4993.0;1
-2;19200;;;BANANAS;SEASHELLS;4992.0;1
-2;19400;;;BANANAS;SEASHELLS;4991.0;1
-2;19500;;;PEARLS;SEASHELLS;10002.0;1
-2;19600;;;BANANAS;SEASHELLS;4995.0;1
-2;19600;;;PEARLS;SEASHELLS;10002.0;1
-2;19900;;;PEARLS;SEASHELLS;10002.0;1
-2;20200;;;PEARLS;SEASHELLS;10002.0;1
-2;20300;;;BANANAS;SEASHELLS;4998.0;1
-2;20300;;;BANANAS;SEASHELLS;4997.0;1
-2;20300;;;BANANAS;SEASHELLS;4998.0;5
-2;20300;;;BANANAS;SEASHELLS;4996.0;5
-2;20400;;;BANANAS;SEASHELLS;4992.0;2
-2;20600;;;PEARLS;SEASHELLS;9998.0;1
-2;20600;;;PEARLS;SEASHELLS;9995.0;9
-2;20900;;;BANANAS;SEASHELLS;4998.0;1
-2;20900;;;PEARLS;SEASHELLS;9998.0;1
-2;21300;;;BANANAS;SEASHELLS;4996.0;1
-2;21300;;;PEARLS;SEASHELLS;10002.0;1
-2;22300;;;BANANAS;SEASHELLS;4990.0;1
-2;22700;;;PEARLS;SEASHELLS;9998.0;1
-2;23000;;;PEARLS;SEASHELLS;9998.0;4
-2;23100;;;BANANAS;SEASHELLS;4990.0;1
-2;23300;;;PEARLS;SEASHELLS;9998.0;2
-2;23900;;;PEARLS;SEASHELLS;9998.0;3
-2;23900;;;PEARLS;SEASHELLS;9995.0;8
-2;24300;;;PEARLS;SEASHELLS;10002.0;1
-2;24500;;;BANANAS;SEASHELLS;4993.0;1
-2;24600;;;BANANAS;SEASHELLS;4994.0;16
-2;24600;;;PEARLS;SEASHELLS;9996.0;2
-2;24600;;;PEARLS;SEASHELLS;9996.0;2
-2;25100;;;BANANAS;SEASHELLS;4992.0;1
-2;25100;;;PEARLS;SEASHELLS;10002.0;1
-2;25600;;;PEARLS;SEASHELLS;10004.0;2
-2;25600;;;BANANAS;SEASHELLS;4993.0;2
-2;25700;;;PEARLS;SEASHELLS;10002.0;8
-2;25700;;;PEARLS;SEASHELLS;10002.0;3
-2;26300;;;BANANAS;SEASHELLS;4986.0;1
-2;26400;;;BANANAS;SEASHELLS;4985.0;1
-2;26400;;;PEARLS;SEASHELLS;10005.0;9
-2;26600;;;BANANAS;SEASHELLS;4991.0;15
-2;26700;;;BANANAS;SEASHELLS;4990.0;1
-2;27000;;;PEARLS;SEASHELLS;10002.0;1
-2;27200;;;BANANAS;SEASHELLS;4985.0;1
-2;27700;;;PEARLS;SEASHELLS;9998.0;1
-2;27700;;;PEARLS;SEASHELLS;9998.0;3
-2;27900;;;PEARLS;SEASHELLS;10002.0;4
-2;28000;;;PEARLS;SEASHELLS;10005.0;1
-2;28000;;;BANANAS;SEASHELLS;4991.0;1
-2;28300;;;BANANAS;SEASHELLS;4985.0;12
-2;28300;;;PEARLS;SEASHELLS;9998.0;1
-2;28300;;;BANANAS;SEASHELLS;4985.0;1
-2;28300;;;PEARLS;SEASHELLS;9998.0;2
-2;28300;;;BANANAS;SEASHELLS;4985.0;2
-2;28500;;;BANANAS;SEASHELLS;4985.0;3
-2;28600;;;BANANAS;SEASHELLS;4989.0;1
-2;28600;;;BANANAS;SEASHELLS;4989.0;2
-2;28600;;;PEARLS;SEASHELLS;9998.0;1
-2;29400;;;PEARLS;SEASHELLS;10005.0;2
-2;29400;;;BANANAS;SEASHELLS;4990.0;2
-2;29500;;;PEARLS;SEASHELLS;9998.0;3
-2;29500;;;PEARLS;SEASHELLS;9998.0;2
-2;29900;;;BANANAS;SEASHELLS;4989.0;5
-2;29900;;;BANANAS;SEASHELLS;4990.0;1
-2;30300;;;BANANAS;SEASHELLS;4989.0;1
-2;30400;;;BANANAS;SEASHELLS;4984.0;1
-2;30400;;;PEARLS;SEASHELLS;10004.0;1
-2;30400;;;PEARLS;SEASHELLS;10004.0;6
-2;30900;;;BANANAS;SEASHELLS;4984.0;1
-2;31000;;;PEARLS;SEASHELLS;9996.0;1
-2;31000;;;BANANAS;SEASHELLS;4984.0;1
-2;31200;;;BANANAS;SEASHELLS;4985.0;1
-2;31300;;;PEARLS;SEASHELLS;9998.0;1
-2;31300;;;BANANAS;SEASHELLS;4990.0;1
-2;31600;;;PEARLS;SEASHELLS;10002.0;3
-2;31800;;;PEARLS;SEASHELLS;10002.0;1
-2;32100;;;PEARLS;SEASHELLS;10002.0;4
-2;32500;;;PEARLS;SEASHELLS;10002.0;1
-2;32700;;;BANANAS;SEASHELLS;4987.0;1
-2;32800;;;PEARLS;SEASHELLS;9996.0;2
-2;32800;;;PEARLS;SEASHELLS;9995.0;2
-2;32800;;;BANANAS;SEASHELLS;4982.0;2
-2;33100;;;BANANAS;SEASHELLS;4987.0;8
-2;33100;;;BANANAS;SEASHELLS;4987.0;5
-2;33200;;;BANANAS;SEASHELLS;4983.0;1
-2;33300;;;BANANAS;SEASHELLS;4988.0;1
-2;33500;;;PEARLS;SEASHELLS;10002.0;3
-2;33800;;;BANANAS;SEASHELLS;4983.0;2
-2;33900;;;BANANAS;SEASHELLS;4987.0;1
-2;34000;;;BANANAS;SEASHELLS;4988.0;1
-2;34000;;;PEARLS;SEASHELLS;9998.0;1
-2;34100;;;PEARLS;SEASHELLS;10002.0;1
-2;34900;;;BANANAS;SEASHELLS;4981.0;1
-2;35300;;;BANANAS;SEASHELLS;4981.0;1
-2;35600;;;PEARLS;SEASHELLS;10002.0;1
-2;35700;;;BANANAS;SEASHELLS;4982.0;14
-2;35700;;;BANANAS;SEASHELLS;4982.0;1
-2;36300;;;BANANAS;SEASHELLS;4989.0;1
-2;36300;;;PEARLS;SEASHELLS;10005.0;1
-2;36500;;;PEARLS;SEASHELLS;10005.0;4
-2;36800;;;BANANAS;SEASHELLS;4982.0;1
-2;37300;;;BANANAS;SEASHELLS;4983.0;1
-2;37400;;;PEARLS;SEASHELLS;10002.0;1
-2;37400;;;BANANAS;SEASHELLS;4984.0;2
-2;37900;;;PEARLS;SEASHELLS;9995.0;4
-2;38300;;;BANANAS;SEASHELLS;4990.0;13
-2;38400;;;PEARLS;SEASHELLS;10004.0;2
-2;38500;;;PEARLS;SEASHELLS;10002.0;6
-2;38500;;;BANANAS;SEASHELLS;4989.0;1
-2;38900;;;BANANAS;SEASHELLS;4984.0;1
-2;38900;;;BANANAS;SEASHELLS;4984.0;2
-2;38900;;;PEARLS;SEASHELLS;9995.0;2
-2;39100;;;PEARLS;SEASHELLS;10002.0;5
-2;39300;;;PEARLS;SEASHELLS;9996.0;1
-2;39300;;;BANANAS;SEASHELLS;4984.0;1
-2;39400;;;BANANAS;SEASHELLS;4984.0;1
-2;39500;;;BANANAS;SEASHELLS;4989.0;1
-2;40500;;;BANANAS;SEASHELLS;4983.0;1
-2;40600;;;BANANAS;SEASHELLS;4983.0;1
-2;41100;;;BANANAS;SEASHELLS;4983.0;1
-2;41500;;;PEARLS;SEASHELLS;10002.0;1
-2;41500;;;PEARLS;SEASHELLS;10000.0;2
-2;41600;;;BANANAS;SEASHELLS;4982.0;1
-2;41600;;;PEARLS;SEASHELLS;9995.0;1
-2;42300;;;BANANAS;SEASHELLS;4987.0;7
-2;42900;;;BANANAS;SEASHELLS;4988.0;1
-2;42900;;;PEARLS;SEASHELLS;10002.0;1
-2;43100;;;BANANAS;SEASHELLS;4990.0;2
-2;43100;;;PEARLS;SEASHELLS;10005.0;2
-2;43400;;;PEARLS;SEASHELLS;10002.0;1
-2;43500;;;BANANAS;SEASHELLS;4984.0;1
-2;43700;;;PEARLS;SEASHELLS;9998.0;1
-2;43900;;;PEARLS;SEASHELLS;10004.0;2
-2;43900;;;BANANAS;SEASHELLS;4984.0;1
-2;43900;;;BANANAS;SEASHELLS;4990.0;2
-2;44000;;;PEARLS;SEASHELLS;9998.0;1
-2;44700;;;BANANAS;SEASHELLS;4989.0;1
-2;44800;;;PEARLS;SEASHELLS;9996.0;1
-2;45100;;;PEARLS;SEASHELLS;9996.0;1
-2;45100;;;BANANAS;SEASHELLS;4986.0;1
-2;45600;;;BANANAS;SEASHELLS;4990.0;8
-2;45800;;;PEARLS;SEASHELLS;9996.0;10
-2;45800;;;BANANAS;SEASHELLS;4987.0;1
-2;45800;;;PEARLS;SEASHELLS;9996.0;1
-2;45900;;;BANANAS;SEASHELLS;4991.0;8
-2;45900;;;BANANAS;SEASHELLS;4991.0;4
-2;46200;;;PEARLS;SEASHELLS;9998.0;1
-2;46300;;;PEARLS;SEASHELLS;9995.0;1
-2;46300;;;BANANAS;SEASHELLS;4987.0;1
-2;46800;;;PEARLS;SEASHELLS;9996.0;1
-2;46800;;;BANANAS;SEASHELLS;4988.0;2
-2;46800;;;BANANAS;SEASHELLS;4988.0;1
-2;47200;;;BANANAS;SEASHELLS;4993.0;1
-2;47300;;;BANANAS;SEASHELLS;4988.0;2
-2;47400;;;BANANAS;SEASHELLS;4987.0;1
-2;47700;;;BANANAS;SEASHELLS;4988.0;1
-2;48200;;;BANANAS;SEASHELLS;4990.0;5
-2;48300;;;PEARLS;SEASHELLS;9995.0;1
-2;48300;;;BANANAS;SEASHELLS;4991.0;1
-2;48600;;;PEARLS;SEASHELLS;10004.0;1
-2;48600;;;BANANAS;SEASHELLS;4992.0;1
-2;48600;;;BANANAS;SEASHELLS;4989.0;1
-2;48900;;;BANANAS;SEASHELLS;4990.0;1
-2;49300;;;BANANAS;SEASHELLS;4996.0;1
-2;49300;;;PEARLS;SEASHELLS;10005.0;1
-2;49400;;;BANANAS;SEASHELLS;4990.0;1
-2;49700;;;PEARLS;SEASHELLS;9995.0;2
-2;49700;;;BANANAS;SEASHELLS;4990.0;2
-2;49900;;;BANANAS;SEASHELLS;4989.0;1
-2;50200;;;PEARLS;SEASHELLS;9996.0;1
-2;50200;;;BANANAS;SEASHELLS;4990.0;1
-2;50300;;;BANANAS;SEASHELLS;4989.0;1
-2;50400;;;BANANAS;SEASHELLS;4989.0;2
-2;50400;;;PEARLS;SEASHELLS;9996.0;2
-2;50900;;;PEARLS;SEASHELLS;9996.0;2
-2;51000;;;BANANAS;SEASHELLS;4989.0;1
-2;51000;;;PEARLS;SEASHELLS;9998.0;1
-2;51300;;;BANANAS;SEASHELLS;4994.0;1
-2;51500;;;BANANAS;SEASHELLS;4988.0;13
-2;51600;;;BANANAS;SEASHELLS;4993.0;1
-2;51600;;;PEARLS;SEASHELLS;10002.0;1
-2;51900;;;PEARLS;SEASHELLS;10002.0;2
-2;52000;;;PEARLS;SEASHELLS;9998.0;2
-2;52200;;;BANANAS;SEASHELLS;4989.0;1
-2;52300;;;BANANAS;SEASHELLS;4988.0;1
-2;52700;;;PEARLS;SEASHELLS;10002.0;3
-2;53000;;;PEARLS;SEASHELLS;9998.0;1
-2;53200;;;PEARLS;SEASHELLS;10002.0;1
-2;53300;;;PEARLS;SEASHELLS;9998.0;2
-2;53400;;;BANANAS;SEASHELLS;4994.0;10
-2;53500;;;BANANAS;SEASHELLS;4993.0;1
-2;53600;;;BANANAS;SEASHELLS;4988.0;2
-2;53600;;;BANANAS;SEASHELLS;4987.0;1
-2;53600;;;BANANAS;SEASHELLS;4988.0;15
-2;53600;;;PEARLS;SEASHELLS;9998.0;1
-2;53700;;;PEARLS;SEASHELLS;10004.0;2
-2;53700;;;BANANAS;SEASHELLS;4989.0;2
-2;53900;;;PEARLS;SEASHELLS;10002.0;1
-2;54300;;;PEARLS;SEASHELLS;9998.0;1
-2;54600;;;PEARLS;SEASHELLS;9996.0;1
-2;54600;;;PEARLS;SEASHELLS;9996.0;5
-2;54600;;;BANANAS;SEASHELLS;4990.0;1
-2;54600;;;BANANAS;SEASHELLS;4991.0;3
-2;54700;;;BANANAS;SEASHELLS;4995.0;1
-2;54900;;;PEARLS;SEASHELLS;10002.0;3
-2;55200;;;BANANAS;SEASHELLS;4995.0;1
-2;56100;;;BANANAS;SEASHELLS;4996.0;1
-2;56100;;;PEARLS;SEASHELLS;10004.0;1
-2;56500;;;PEARLS;SEASHELLS;9998.0;1
-2;56500;;;BANANAS;SEASHELLS;4991.0;1
-2;56500;;;BANANAS;SEASHELLS;4995.0;11
-2;56700;;;PEARLS;SEASHELLS;10002.0;1
-2;56700;;;BANANAS;SEASHELLS;4991.0;4
-2;56700;;;BANANAS;SEASHELLS;4991.0;2
-2;57000;;;PEARLS;SEASHELLS;10004.0;1
-2;57000;;;BANANAS;SEASHELLS;4997.0;1
-2;57100;;;PEARLS;SEASHELLS;10002.0;1
-2;57200;;;PEARLS;SEASHELLS;10002.0;1
-2;57300;;;PEARLS;SEASHELLS;10002.0;1
-2;57400;;;BANANAS;SEASHELLS;4997.0;1
-2;57700;;;BANANAS;SEASHELLS;4991.0;1
-2;57700;;;PEARLS;SEASHELLS;10002.0;2
-2;57800;;;BANANAS;SEASHELLS;4990.0;1
-2;58000;;;BANANAS;SEASHELLS;4991.0;1
-2;58400;;;PEARLS;SEASHELLS;9996.0;1
-2;58600;;;BANANAS;SEASHELLS;4995.0;10
-2;58600;;;PEARLS;SEASHELLS;9998.0;1
-2;58800;;;BANANAS;SEASHELLS;4989.0;1
-2;59500;;;PEARLS;SEASHELLS;10005.0;4
-2;59700;;;PEARLS;SEASHELLS;10002.0;6
-2;60000;;;BANANAS;SEASHELLS;4991.0;1
-2;60200;;;BANANAS;SEASHELLS;4988.0;1
-2;60200;;;PEARLS;SEASHELLS;9996.0;1
-2;60200;;;PEARLS;SEASHELLS;9996.0;1
-2;60200;;;BANANAS;SEASHELLS;4988.0;1
-2;60300;;;PEARLS;SEASHELLS;9996.0;2
-2;60300;;;PEARLS;SEASHELLS;9996.0;6
-2;60300;;;BANANAS;SEASHELLS;4991.0;13
-2;60400;;;PEARLS;SEASHELLS;9998.0;1
-2;60500;;;PEARLS;SEASHELLS;9998.0;1
-2;60600;;;BANANAS;SEASHELLS;4988.0;1
-2;60800;;;BANANAS;SEASHELLS;4987.0;2
-2;61100;;;PEARLS;SEASHELLS;10005.0;2
-2;61100;;;PEARLS;SEASHELLS;10002.0;1
-2;61100;;;BANANAS;SEASHELLS;4994.0;2
-2;61300;;;BANANAS;SEASHELLS;4992.0;1
-2;62300;;;PEARLS;SEASHELLS;10004.0;1
-2;62300;;;BANANAS;SEASHELLS;4995.0;1
-2;62400;;;BANANAS;SEASHELLS;4989.0;5
-2;62500;;;BANANAS;SEASHELLS;4992.0;3
-2;62500;;;BANANAS;SEASHELLS;4992.0;2
-2;62600;;;BANANAS;SEASHELLS;4988.0;1
-2;62900;;;BANANAS;SEASHELLS;4990.0;15
-2;62900;;;BANANAS;SEASHELLS;4990.0;1
-2;63200;;;PEARLS;SEASHELLS;9998.0;1
-2;63200;;;BANANAS;SEASHELLS;4991.0;1
-2;63300;;;BANANAS;SEASHELLS;4996.0;2
-2;63300;;;PEARLS;SEASHELLS;9998.0;1
-2;63500;;;PEARLS;SEASHELLS;9998.0;6
-2;63700;;;PEARLS;SEASHELLS;9996.0;1
-2;64200;;;BANANAS;SEASHELLS;4989.0;2
-2;64200;;;PEARLS;SEASHELLS;9995.0;2
-2;64500;;;PEARLS;SEASHELLS;10005.0;2
-2;64500;;;BANANAS;SEASHELLS;4994.0;1
-2;64500;;;PEARLS;SEASHELLS;10002.0;1
-2;64500;;;BANANAS;SEASHELLS;4994.0;1
-2;64900;;;PEARLS;SEASHELLS;10005.0;2
-2;65300;;;PEARLS;SEASHELLS;10000.0;2
-2;65300;;;PEARLS;SEASHELLS;9998.0;1
-2;65400;;;BANANAS;SEASHELLS;4987.0;1
-2;65500;;;PEARLS;SEASHELLS;9998.0;1
-2;65600;;;BANANAS;SEASHELLS;4986.0;1
-2;65600;;;PEARLS;SEASHELLS;9995.0;1
-2;65800;;;PEARLS;SEASHELLS;9996.0;1
-2;65800;;;BANANAS;SEASHELLS;4986.0;1
-2;65900;;;PEARLS;SEASHELLS;9998.0;1
-2;66000;;;PEARLS;SEASHELLS;9998.0;1
-2;66700;;;PEARLS;SEASHELLS;9998.0;2
-2;67000;;;BANANAS;SEASHELLS;4985.0;1
-2;67200;;;BANANAS;SEASHELLS;4989.0;1
-2;67400;;;BANANAS;SEASHELLS;4983.0;2
-2;67400;;;PEARLS;SEASHELLS;9996.0;1
-2;67500;;;BANANAS;SEASHELLS;4984.0;2
-2;67500;;;BANANAS;SEASHELLS;4984.0;6
-2;67900;;;PEARLS;SEASHELLS;9998.0;2
-2;67900;;;BANANAS;SEASHELLS;4984.0;2
-2;67900;;;BANANAS;SEASHELLS;4986.0;1
-2;68000;;;PEARLS;SEASHELLS;10002.0;5
-2;68000;;;BANANAS;SEASHELLS;4984.0;1
-2;68000;;;PEARLS;SEASHELLS;10005.0;3
-2;68100;;;PEARLS;SEASHELLS;10002.0;1
-2;68200;;;BANANAS;SEASHELLS;4989.0;1
-2;68300;;;BANANAS;SEASHELLS;4983.0;1
-2;68500;;;BANANAS;SEASHELLS;4990.0;2
-2;68500;;;PEARLS;SEASHELLS;10002.0;1
-2;68500;;;BANANAS;SEASHELLS;4990.0;10
-2;68800;;;BANANAS;SEASHELLS;4985.0;9
-2;68900;;;BANANAS;SEASHELLS;4989.0;1
-2;68900;;;PEARLS;SEASHELLS;10002.0;1
-2;69300;;;PEARLS;SEASHELLS;10005.0;2
-2;69300;;;BANANAS;SEASHELLS;4990.0;2
-2;69400;;;BANANAS;SEASHELLS;4989.0;1
-2;69600;;;BANANAS;SEASHELLS;4985.0;2
-2;70400;;;BANANAS;SEASHELLS;4980.0;1
-2;70500;;;BANANAS;SEASHELLS;4979.0;3
-2;70700;;;BANANAS;SEASHELLS;4980.0;10
-2;71400;;;BANANAS;SEASHELLS;4980.0;1
-2;71600;;;PEARLS;SEASHELLS;9995.0;10
-2;73400;;;BANANAS;SEASHELLS;4982.0;1
-2;73700;;;BANANAS;SEASHELLS;4987.0;9
-2;73900;;;BANANAS;SEASHELLS;4980.0;1
-2;74100;;;PEARLS;SEASHELLS;10002.0;1
-2;74200;;;BANANAS;SEASHELLS;4984.0;1
-2;74300;;;BANANAS;SEASHELLS;4983.0;1
-2;74400;;;PEARLS;SEASHELLS;10004.0;1
-2;74400;;;BANANAS;SEASHELLS;4985.0;2
-2;74900;;;PEARLS;SEASHELLS;10002.0;1
-2;75200;;;BANANAS;SEASHELLS;4978.0;1
-2;75200;;;PEARLS;SEASHELLS;9996.0;1
-2;75300;;;BANANAS;SEASHELLS;4983.0;3
-2;75500;;;BANANAS;SEASHELLS;4979.0;1
-2;76200;;;BANANAS;SEASHELLS;4979.0;6
-2;76200;;;BANANAS;SEASHELLS;4979.0;5
-2;76400;;;BANANAS;SEASHELLS;4978.0;1
-2;76400;;;PEARLS;SEASHELLS;10002.0;1
-2;76400;;;BANANAS;SEASHELLS;4978.0;1
-2;76400;;;BANANAS;SEASHELLS;4978.0;7
-2;77700;;;PEARLS;SEASHELLS;9998.0;5
-2;77800;;;BANANAS;SEASHELLS;4981.0;1
-2;78000;;;PEARLS;SEASHELLS;10002.0;2
-2;78100;;;BANANAS;SEASHELLS;4979.0;1
-2;78300;;;PEARLS;SEASHELLS;9995.0;2
-2;78300;;;BANANAS;SEASHELLS;4974.0;2
-2;78400;;;BANANAS;SEASHELLS;4976.0;1
-2;78400;;;BANANAS;SEASHELLS;4976.0;7
-2;78800;;;BANANAS;SEASHELLS;4974.0;1
-2;78800;;;BANANAS;SEASHELLS;4981.0;10
-2;79000;;;PEARLS;SEASHELLS;10005.0;2
-2;79000;;;PEARLS;SEASHELLS;10004.0;1
-2;79000;;;BANANAS;SEASHELLS;4981.0;2
-2;79500;;;BANANAS;SEASHELLS;4975.0;20
-2;79500;;;PEARLS;SEASHELLS;10002.0;1
-2;80100;;;BANANAS;SEASHELLS;4979.0;1
-2;80300;;;PEARLS;SEASHELLS;10002.0;1
-2;80500;;;BANANAS;SEASHELLS;4973.0;1
-2;80800;;;PEARLS;SEASHELLS;10002.0;1
-2;80900;;;BANANAS;SEASHELLS;4973.0;1
-2;81300;;;BANANAS;SEASHELLS;4978.0;1
-2;81300;;;PEARLS;SEASHELLS;9998.0;1
-2;81700;;;PEARLS;SEASHELLS;10002.0;1
-2;81800;;;PEARLS;SEASHELLS;9998.0;1
-2;81800;;;BANANAS;SEASHELLS;4973.0;1
-2;82000;;;BANANAS;SEASHELLS;4976.0;5
-2;82100;;;BANANAS;SEASHELLS;4972.0;1
-2;82300;;;PEARLS;SEASHELLS;10004.0;1
-2;82600;;;BANANAS;SEASHELLS;4972.0;1
-2;83200;;;PEARLS;SEASHELLS;9996.0;1
-2;83200;;;BANANAS;SEASHELLS;4972.0;2
-2;83200;;;PEARLS;SEASHELLS;9996.0;1
-2;83300;;;BANANAS;SEASHELLS;4972.0;11
-2;83600;;;BANANAS;SEASHELLS;4972.0;8
-2;83700;;;PEARLS;SEASHELLS;10004.0;1
-2;84200;;;BANANAS;SEASHELLS;4972.0;8
-2;84200;;;BANANAS;SEASHELLS;4977.0;1
-2;84200;;;BANANAS;SEASHELLS;4972.0;2
-2;84500;;;BANANAS;SEASHELLS;4972.0;2
-2;84600;;;BANANAS;SEASHELLS;4979.0;2
-2;84600;;;PEARLS;SEASHELLS;10004.0;2
-2;84700;;;BANANAS;SEASHELLS;4978.0;1
-2;85000;;;PEARLS;SEASHELLS;9998.0;5
-2;85200;;;BANANAS;SEASHELLS;4973.0;3
-2;85700;;;PEARLS;SEASHELLS;9995.0;2
-2;85700;;;PEARLS;SEASHELLS;10005.0;4
-2;85700;;;BANANAS;SEASHELLS;4972.0;8
-2;85700;;;BANANAS;SEASHELLS;4972.0;2
-2;85800;;;BANANAS;SEASHELLS;4974.0;13
-2;85800;;;BANANAS;SEASHELLS;4974.0;7
-2;85900;;;BANANAS;SEASHELLS;4974.0;1
-2;85900;;;PEARLS;SEASHELLS;9998.0;2
-2;86000;;;BANANAS;SEASHELLS;4978.0;1
-2;86000;;;BANANAS;SEASHELLS;4974.0;1
-2;86000;;;PEARLS;SEASHELLS;10002.0;1
-2;86200;;;BANANAS;SEASHELLS;4976.0;2
-2;86300;;;BANANAS;SEASHELLS;4975.0;1
-2;86300;;;PEARLS;SEASHELLS;9998.0;1
-2;86500;;;PEARLS;SEASHELLS;10002.0;1
-2;86700;;;BANANAS;SEASHELLS;4975.0;14
-2;87200;;;BANANAS;SEASHELLS;4977.0;1
-2;87400;;;BANANAS;SEASHELLS;4975.0;13
-2;87500;;;BANANAS;SEASHELLS;4976.0;9
-2;87900;;;PEARLS;SEASHELLS;10002.0;4
-2;87900;;;BANANAS;SEASHELLS;4982.0;12
-2;88200;;;BANANAS;SEASHELLS;4977.0;3
-2;88300;;;PEARLS;SEASHELLS;10004.0;2
-2;88500;;;PEARLS;SEASHELLS;10002.0;5
-2;88600;;;PEARLS;SEASHELLS;9998.0;1
-2;88900;;;BANANAS;SEASHELLS;4982.0;1
-2;89100;;;BANANAS;SEASHELLS;4983.0;1
-2;90000;;;BANANAS;SEASHELLS;4977.0;1
-2;90100;;;PEARLS;SEASHELLS;10004.0;1
-2;90100;;;BANANAS;SEASHELLS;4983.0;1
-2;90700;;;PEARLS;SEASHELLS;10002.0;6
-2;91000;;;BANANAS;SEASHELLS;4977.0;1
-2;91000;;;PEARLS;SEASHELLS;9998.0;1
-2;91400;;;PEARLS;SEASHELLS;10002.0;1
-2;91500;;;BANANAS;SEASHELLS;4976.0;1
-2;91900;;;PEARLS;SEASHELLS;10002.0;1
-2;91900;;;BANANAS;SEASHELLS;4975.0;1
-2;92300;;;BANANAS;SEASHELLS;4976.0;1
-2;92300;;;PEARLS;SEASHELLS;9996.0;1
-2;92300;;;BANANAS;SEASHELLS;4977.0;1
-2;92500;;;BANANAS;SEASHELLS;4975.0;1
-2;92500;;;BANANAS;SEASHELLS;4976.0;11
-2;92600;;;BANANAS;SEASHELLS;4976.0;1
-2;93000;;;PEARLS;SEASHELLS;10002.0;1
-2;93100;;;PEARLS;SEASHELLS;9998.0;1
-2;93300;;;BANANAS;SEASHELLS;4977.0;1
-2;93300;;;PEARLS;SEASHELLS;9998.0;1
-2;93400;;;BANANAS;SEASHELLS;4980.0;5
-2;93500;;;PEARLS;SEASHELLS;9998.0;1
-2;93700;;;PEARLS;SEASHELLS;10002.0;1
-2;93900;;;PEARLS;SEASHELLS;9998.0;1
-2;94100;;;BANANAS;SEASHELLS;4976.0;1
-2;94300;;;BANANAS;SEASHELLS;4974.0;1
-2;94400;;;BANANAS;SEASHELLS;4974.0;1
-2;94700;;;PEARLS;SEASHELLS;9996.0;2
-2;94700;;;PEARLS;SEASHELLS;9996.0;9
-2;94800;;;PEARLS;SEASHELLS;10002.0;4
-2;95100;;;BANANAS;SEASHELLS;4975.0;2
-2;95100;;;PEARLS;SEASHELLS;9996.0;2
-2;95300;;;BANANAS;SEASHELLS;4975.0;1
-2;95300;;;PEARLS;SEASHELLS;10002.0;1
-2;95300;;;BANANAS;SEASHELLS;4974.0;2
-2;95600;;;BANANAS;SEASHELLS;4979.0;2
-2;95600;;;BANANAS;SEASHELLS;4980.0;1
-2;95800;;;BANANAS;SEASHELLS;4976.0;1
-2;95900;;;PEARLS;SEASHELLS;10002.0;3
-2;95900;;;BANANAS;SEASHELLS;4980.0;1
-2;95900;;;PEARLS;SEASHELLS;10002.0;5
-2;96100;;;BANANAS;SEASHELLS;4975.0;1
-2;96100;;;PEARLS;SEASHELLS;9995.0;1
-2;96200;;;BANANAS;SEASHELLS;4975.0;1
-2;96200;;;BANANAS;SEASHELLS;4980.0;6
-2;96400;;;PEARLS;SEASHELLS;10002.0;3
-2;96800;;;BANANAS;SEASHELLS;4980.0;1
-2;96900;;;PEARLS;SEASHELLS;10005.0;3
-2;97200;;;PEARLS;SEASHELLS;10005.0;12
-2;97300;;;PEARLS;SEASHELLS;10004.0;1
-2;97300;;;BANANAS;SEASHELLS;4975.0;1
-2;97400;;;PEARLS;SEASHELLS;9998.0;1
-2;97600;;;PEARLS;SEASHELLS;9998.0;1
-2;97900;;;PEARLS;SEASHELLS;10002.0;4
-2;98100;;;BANANAS;SEASHELLS;4980.0;1
-2;98100;;;BANANAS;SEASHELLS;4977.0;3
-2;98100;;;PEARLS;SEASHELLS;10002.0;1
-2;98200;;;BANANAS;SEASHELLS;4974.0;1
-2;98300;;;BANANAS;SEASHELLS;4974.0;7
-2;98300;;;PEARLS;SEASHELLS;9998.0;1
-2;98400;;;BANANAS;SEASHELLS;4975.0;1
-2;98400;;;BANANAS;SEASHELLS;4977.0;1
-2;98800;;;BANANAS;SEASHELLS;4981.0;2
-2;98800;;;PEARLS;SEASHELLS;9996.0;1
-2;98800;;;BANANAS;SEASHELLS;4981.0;1
-2;99000;;;PEARLS;SEASHELLS;9998.0;1
-2;99000;;;BANANAS;SEASHELLS;4976.0;11
-2;99500;;;BANANAS;SEASHELLS;4982.0;19
-2;100100;;;PEARLS;SEASHELLS;9998.0;1
-2;100500;;;PEARLS;SEASHELLS;9998.0;1
-2;101800;;;BANANAS;SEASHELLS;4976.0;2
-2;102200;;;BANANAS;SEASHELLS;4978.0;2
-2;102200;;;PEARLS;SEASHELLS;10004.0;2
-2;102300;;;PEARLS;SEASHELLS;10002.0;3
-2;102300;;;PEARLS;SEASHELLS;10002.0;1
-2;102400;;;BANANAS;SEASHELLS;4972.0;1
-2;102500;;;PEARLS;SEASHELLS;10002.0;1
-2;102500;;;BANANAS;SEASHELLS;4977.0;1
-2;102900;;;BANANAS;SEASHELLS;4977.0;3
-2;102900;;;PEARLS;SEASHELLS;9998.0;1
-2;102900;;;BANANAS;SEASHELLS;4979.0;14
-2;103100;;;BANANAS;SEASHELLS;4972.0;2
-2;103100;;;PEARLS;SEASHELLS;9995.0;2
-2;104000;;;PEARLS;SEASHELLS;9998.0;1
-2;104200;;;PEARLS;SEASHELLS;9998.0;2
-2;104200;;;PEARLS;SEASHELLS;9998.0;1
-2;104300;;;PEARLS;SEASHELLS;9998.0;2
-2;104400;;;BANANAS;SEASHELLS;4970.0;2
-2;104400;;;PEARLS;SEASHELLS;9995.0;2
-2;104400;;;PEARLS;SEASHELLS;9998.0;1
-2;104700;;;PEARLS;SEASHELLS;10002.0;1
-2;104700;;;BANANAS;SEASHELLS;4971.0;1
-2;104800;;;BANANAS;SEASHELLS;4971.0;1
-2;104900;;;BANANAS;SEASHELLS;4976.0;1
-2;105100;;;PEARLS;SEASHELLS;10002.0;1
-2;105200;;;BANANAS;SEASHELLS;4970.0;1
-2;105900;;;PEARLS;SEASHELLS;10002.0;5
-2;106500;;;BANANAS;SEASHELLS;4976.0;11
-2;106700;;;BANANAS;SEASHELLS;4971.0;4
-2;106800;;;BANANAS;SEASHELLS;4971.0;2
-2;106800;;;BANANAS;SEASHELLS;4971.0;9
-2;106800;;;PEARLS;SEASHELLS;10005.0;2
-2;107000;;;BANANAS;SEASHELLS;4971.0;1
-2;107200;;;PEARLS;SEASHELLS;9995.0;4
-2;107500;;;BANANAS;SEASHELLS;4975.0;7
-2;107500;;;PEARLS;SEASHELLS;10002.0;2
-2;107500;;;BANANAS;SEASHELLS;4977.0;2
-2;107700;;;PEARLS;SEASHELLS;10004.0;2
-2;107700;;;BANANAS;SEASHELLS;4976.0;2
-2;107800;;;BANANAS;SEASHELLS;4975.0;1
-2;108000;;;PEARLS;SEASHELLS;9998.0;6
-2;108000;;;BANANAS;SEASHELLS;4977.0;12
-2;108000;;;PEARLS;SEASHELLS;9998.0;5
-2;108300;;;PEARLS;SEASHELLS;9998.0;1
-2;108400;;;BANANAS;SEASHELLS;4975.0;1
-2;108500;;;BANANAS;SEASHELLS;4977.0;11
-2;108600;;;PEARLS;SEASHELLS;10002.0;1
-2;108700;;;PEARLS;SEASHELLS;9995.0;10
-2;108800;;;BANANAS;SEASHELLS;4970.0;1
-2;108900;;;BANANAS;SEASHELLS;4977.0;1
-2;108900;;;PEARLS;SEASHELLS;10004.0;1
-2;109100;;;PEARLS;SEASHELLS;10002.0;2
-2;109400;;;BANANAS;SEASHELLS;4975.0;1
-2;109900;;;PEARLS;SEASHELLS;10005.0;1
-2;109900;;;BANANAS;SEASHELLS;4976.0;1
-2;110000;;;BANANAS;SEASHELLS;4974.0;4
-2;110400;;;BANANAS;SEASHELLS;4969.0;9
-2;111300;;;PEARLS;SEASHELLS;9995.0;1
-2;111300;;;BANANAS;SEASHELLS;4970.0;1
-2;111600;;;PEARLS;SEASHELLS;9996.0;2
-2;112000;;;PEARLS;SEASHELLS;10002.0;1
-2;112200;;;PEARLS;SEASHELLS;10002.0;1
-2;112300;;;BANANAS;SEASHELLS;4972.0;1
-2;112400;;;BANANAS;SEASHELLS;4977.0;1
-2;112500;;;BANANAS;SEASHELLS;4976.0;1
-2;112500;;;PEARLS;SEASHELLS;10002.0;1
-2;113100;;;BANANAS;SEASHELLS;4977.0;1
-2;113200;;;BANANAS;SEASHELLS;4976.0;1
-2;113300;;;BANANAS;SEASHELLS;4976.0;1
-2;113400;;;PEARLS;SEASHELLS;10004.0;1
-2;113400;;;BANANAS;SEASHELLS;4978.0;1
-2;113700;;;BANANAS;SEASHELLS;4978.0;1
-2;113800;;;PEARLS;SEASHELLS;9996.0;1
-2;113800;;;BANANAS;SEASHELLS;4973.0;1
-2;113900;;;BANANAS;SEASHELLS;4972.0;1
-2;114300;;;BANANAS;SEASHELLS;4972.0;1
-2;114700;;;PEARLS;SEASHELLS;10005.0;12
-2;114700;;;PEARLS;SEASHELLS;9995.0;4
-2;115000;;;BANANAS;SEASHELLS;4973.0;1
-2;115200;;;BANANAS;SEASHELLS;4973.0;1
-2;115300;;;BANANAS;SEASHELLS;4978.0;1
-2;115400;;;BANANAS;SEASHELLS;4974.0;6
-2;115600;;;PEARLS;SEASHELLS;9998.0;1
-2;115800;;;BANANAS;SEASHELLS;4977.0;1
-2;115800;;;PEARLS;SEASHELLS;9998.0;1
-2;116700;;;BANANAS;SEASHELLS;4976.0;1
-2;117700;;;BANANAS;SEASHELLS;4977.0;1
-2;118000;;;BANANAS;SEASHELLS;4972.0;1
-2;118000;;;PEARLS;SEASHELLS;9995.0;1
-2;118200;;;BANANAS;SEASHELLS;4973.0;7
-2;118600;;;BANANAS;SEASHELLS;4971.0;1
-2;119300;;;PEARLS;SEASHELLS;10002.0;1
-2;119300;;;BANANAS;SEASHELLS;4976.0;1
-2;119400;;;BANANAS;SEASHELLS;4971.0;8
-2;119500;;;BANANAS;SEASHELLS;4972.0;1
-2;119700;;;BANANAS;SEASHELLS;4972.0;1
-2;120200;;;PEARLS;SEASHELLS;10002.0;1
-2;120500;;;PEARLS;SEASHELLS;9998.0;3
-2;120700;;;BANANAS;SEASHELLS;4970.0;1
-2;120800;;;PEARLS;SEASHELLS;10000.0;2
-2;120800;;;BANANAS;SEASHELLS;4975.0;1
-2;120900;;;PEARLS;SEASHELLS;9998.0;1
-2;121800;;;PEARLS;SEASHELLS;9998.0;2
-2;122300;;;PEARLS;SEASHELLS;10004.0;3
-2;122300;;;PEARLS;SEASHELLS;10004.0;2
-2;122700;;;BANANAS;SEASHELLS;4970.0;1
-2;123000;;;PEARLS;SEASHELLS;9998.0;1
-2;123000;;;BANANAS;SEASHELLS;4972.0;1
-2;123100;;;BANANAS;SEASHELLS;4975.0;5
-2;123100;;;BANANAS;SEASHELLS;4972.0;1
-2;123200;;;BANANAS;SEASHELLS;4977.0;1
-2;124000;;;BANANAS;SEASHELLS;4977.0;7
-2;124000;;;BANANAS;SEASHELLS;4977.0;1
-2;124000;;;BANANAS;SEASHELLS;4976.0;1
-2;124200;;;BANANAS;SEASHELLS;4977.0;7
-2;124400;;;PEARLS;SEASHELLS;10002.0;1
-2;124500;;;PEARLS;SEASHELLS;9995.0;5
-2;124700;;;PEARLS;SEASHELLS;9998.0;1
-2;124900;;;PEARLS;SEASHELLS;10002.0;2
-2;124900;;;BANANAS;SEASHELLS;4975.0;2
-2;125100;;;PEARLS;SEASHELLS;9998.0;1
-2;125100;;;BANANAS;SEASHELLS;4970.0;1
-2;125200;;;BANANAS;SEASHELLS;4971.0;1
-2;125200;;;PEARLS;SEASHELLS;10004.0;1
-2;125300;;;BANANAS;SEASHELLS;4976.0;2
-2;125300;;;PEARLS;SEASHELLS;10005.0;2
-2;125400;;;BANANAS;SEASHELLS;4970.0;2
-2;125400;;;PEARLS;SEASHELLS;9996.0;2
-2;126400;;;PEARLS;SEASHELLS;9996.0;1
-2;126400;;;PEARLS;SEASHELLS;9996.0;3
-2;126500;;;PEARLS;SEASHELLS;9998.0;4
-2;126700;;;BANANAS;SEASHELLS;4977.0;7
-2;127000;;;PEARLS;SEASHELLS;9995.0;12
-2;127200;;;PEARLS;SEASHELLS;10002.0;2
-2;127300;;;BANANAS;SEASHELLS;4973.0;1
-2;127400;;;PEARLS;SEASHELLS;10002.0;1
-2;127600;;;BANANAS;SEASHELLS;4973.0;1
-2;127800;;;PEARLS;SEASHELLS;10004.0;2
-2;127900;;;PEARLS;SEASHELLS;10002.0;1
-2;128000;;;BANANAS;SEASHELLS;4980.0;5
-2;128000;;;BANANAS;SEASHELLS;4980.0;2
-2;129200;;;PEARLS;SEASHELLS;9995.0;2
-2;129200;;;BANANAS;SEASHELLS;4972.0;2
-2;129500;;;BANANAS;SEASHELLS;4980.0;1
-2;129700;;;BANANAS;SEASHELLS;4973.0;13
-2;129700;;;BANANAS;SEASHELLS;4973.0;1
-2;129700;;;PEARLS;SEASHELLS;9995.0;1
-2;129800;;;BANANAS;SEASHELLS;4974.0;1
-2;130100;;;PEARLS;SEASHELLS;10002.0;4
-2;130100;;;PEARLS;SEASHELLS;10002.0;1
-2;130200;;;BANANAS;SEASHELLS;4979.0;1
-2;130300;;;PEARLS;SEASHELLS;9998.0;3
-2;130300;;;BANANAS;SEASHELLS;4975.0;1
-2;130400;;;BANANAS;SEASHELLS;4975.0;1
-2;130500;;;BANANAS;SEASHELLS;4980.0;3
-2;130500;;;PEARLS;SEASHELLS;9998.0;3
-2;131100;;;BANANAS;SEASHELLS;4976.0;1
-2;131200;;;PEARLS;SEASHELLS;9998.0;1
-2;131400;;;PEARLS;SEASHELLS;9998.0;3
-2;131600;;;PEARLS;SEASHELLS;9998.0;1
-2;132000;;;BANANAS;SEASHELLS;4984.0;1
-2;132000;;;PEARLS;SEASHELLS;10004.0;1
-2;132100;;;PEARLS;SEASHELLS;9998.0;5
-2;132300;;;PEARLS;SEASHELLS;10000.0;1
-2;132300;;;BANANAS;SEASHELLS;4977.0;1
-2;132700;;;PEARLS;SEASHELLS;10004.0;9
-2;132700;;;PEARLS;SEASHELLS;10004.0;1
-2;133400;;;PEARLS;SEASHELLS;10004.0;1
-2;133400;;;BANANAS;SEASHELLS;4983.0;1
-2;133700;;;PEARLS;SEASHELLS;10004.0;1
-2;133700;;;BANANAS;SEASHELLS;4981.0;1
-2;134200;;;BANANAS;SEASHELLS;4981.0;10
-2;134700;;;PEARLS;SEASHELLS;10004.0;1
-2;134700;;;BANANAS;SEASHELLS;4977.0;1
-2;134700;;;BANANAS;SEASHELLS;4977.0;4
-2;134800;;;PEARLS;SEASHELLS;10004.0;2
-2;134900;;;PEARLS;SEASHELLS;10002.0;1
-2;135300;;;BANANAS;SEASHELLS;4976.0;1
-2;135400;;;BANANAS;SEASHELLS;4976.0;11
-2;135600;;;BANANAS;SEASHELLS;4977.0;1
-2;136500;;;BANANAS;SEASHELLS;4985.0;2
-2;136500;;;PEARLS;SEASHELLS;10005.0;2
-2;136500;;;BANANAS;SEASHELLS;4978.0;1
-2;136800;;;PEARLS;SEASHELLS;9998.0;2
-2;136900;;;BANANAS;SEASHELLS;4978.0;1
-2;137500;;;BANANAS;SEASHELLS;4984.0;1
-2;137700;;;PEARLS;SEASHELLS;10004.0;1
-2;138100;;;BANANAS;SEASHELLS;4982.0;2
-2;139100;;;PEARLS;SEASHELLS;9998.0;5
-2;139400;;;PEARLS;SEASHELLS;9996.0;1
-2;139400;;;PEARLS;SEASHELLS;9996.0;2
-2;139900;;;BANANAS;SEASHELLS;4975.0;7
-2;140000;;;BANANAS;SEASHELLS;4976.0;1
-2;140100;;;BANANAS;SEASHELLS;4977.0;5
-2;140700;;;BANANAS;SEASHELLS;4981.0;1
-2;140700;;;PEARLS;SEASHELLS;9998.0;2
-2;140800;;;BANANAS;SEASHELLS;4976.0;1
-2;141100;;;PEARLS;SEASHELLS;9998.0;1
-2;141100;;;BANANAS;SEASHELLS;4980.0;12
-2;141400;;;BANANAS;SEASHELLS;4981.0;1
-2;141600;;;BANANAS;SEASHELLS;4981.0;1
-2;141900;;;BANANAS;SEASHELLS;4977.0;2
-2;142000;;;PEARLS;SEASHELLS;9996.0;1
-2;142400;;;BANANAS;SEASHELLS;4982.0;1
-2;142400;;;PEARLS;SEASHELLS;10004.0;1
-2;142800;;;BANANAS;SEASHELLS;4982.0;1
-2;142900;;;BANANAS;SEASHELLS;4983.0;12
-2;143100;;;BANANAS;SEASHELLS;4976.0;2
-2;143100;;;PEARLS;SEASHELLS;9995.0;2
-2;143200;;;BANANAS;SEASHELLS;4976.0;1
-2;143200;;;PEARLS;SEASHELLS;9995.0;1
-2;143200;;;PEARLS;SEASHELLS;9998.0;1
-2;143300;;;BANANAS;SEASHELLS;4976.0;1
-2;143800;;;PEARLS;SEASHELLS;9998.0;1
-2;143800;;;BANANAS;SEASHELLS;4975.0;1
-2;144100;;;PEARLS;SEASHELLS;10002.0;1
-2;144200;;;BANANAS;SEASHELLS;4979.0;1
-2;144200;;;PEARLS;SEASHELLS;10004.0;1
-2;144600;;;PEARLS;SEASHELLS;9998.0;3
-2;144800;;;BANANAS;SEASHELLS;4978.0;1
-2;144900;;;PEARLS;SEASHELLS;10002.0;1
-2;145800;;;PEARLS;SEASHELLS;9998.0;3
-2;145800;;;BANANAS;SEASHELLS;4978.0;1
-2;145900;;;BANANAS;SEASHELLS;4978.0;1
-2;145900;;;PEARLS;SEASHELLS;10004.0;1
-2;146300;;;PEARLS;SEASHELLS;10005.0;2
-2;146300;;;BANANAS;SEASHELLS;4980.0;2
-2;146700;;;PEARLS;SEASHELLS;10005.0;5
-2;146900;;;BANANAS;SEASHELLS;4973.0;1
-2;146900;;;PEARLS;SEASHELLS;10004.0;2
-2;146900;;;PEARLS;SEASHELLS;10004.0;8
-2;147300;;;BANANAS;SEASHELLS;4973.0;10
-2;147400;;;PEARLS;SEASHELLS;9995.0;1
-2;147400;;;BANANAS;SEASHELLS;4973.0;1
-2;147800;;;BANANAS;SEASHELLS;4977.0;1
-2;147800;;;PEARLS;SEASHELLS;9998.0;1
-2;148000;;;PEARLS;SEASHELLS;10000.0;1
-2;148000;;;PEARLS;SEASHELLS;9998.0;1
-2;148000;;;BANANAS;SEASHELLS;4974.0;1
-2;148200;;;PEARLS;SEASHELLS;9995.0;2
-2;148200;;;BANANAS;SEASHELLS;4976.0;1
-2;148500;;;BANANAS;SEASHELLS;4976.0;1
-2;148700;;;BANANAS;SEASHELLS;4971.0;1
-2;150000;;;BANANAS;SEASHELLS;4969.0;1
-2;150100;;;BANANAS;SEASHELLS;4975.0;1
-2;150100;;;PEARLS;SEASHELLS;10004.0;1
-2;150300;;;PEARLS;SEASHELLS;9996.0;1
-2;150300;;;BANANAS;SEASHELLS;4970.0;1
-2;151200;;;BANANAS;SEASHELLS;4979.0;6
-2;151400;;;BANANAS;SEASHELLS;4973.0;1
-2;151400;;;PEARLS;SEASHELLS;10002.0;1
-2;151500;;;BANANAS;SEASHELLS;4974.0;1
-2;151900;;;BANANAS;SEASHELLS;4974.0;1
-2;152000;;;BANANAS;SEASHELLS;4980.0;1
-2;152000;;;PEARLS;SEASHELLS;10002.0;6
-2;152100;;;BANANAS;SEASHELLS;4981.0;2
-2;152100;;;PEARLS;SEASHELLS;10004.0;2
-2;152300;;;BANANAS;SEASHELLS;4975.0;1
-2;152500;;;BANANAS;SEASHELLS;4977.0;3
-2;153000;;;BANANAS;SEASHELLS;4973.0;9
-2;153200;;;PEARLS;SEASHELLS;9995.0;5
-2;153500;;;BANANAS;SEASHELLS;4978.0;1
-2;153500;;;PEARLS;SEASHELLS;10002.0;1
-2;153600;;;BANANAS;SEASHELLS;4973.0;1
-2;153700;;;PEARLS;SEASHELLS;9998.0;1
-2;153900;;;BANANAS;SEASHELLS;4974.0;1
-2;153900;;;BANANAS;SEASHELLS;4974.0;2
-2;154100;;;PEARLS;SEASHELLS;9998.0;2
-2;154400;;;PEARLS;SEASHELLS;10002.0;2
-2;154600;;;PEARLS;SEASHELLS;10002.0;1
-2;154700;;;BANANAS;SEASHELLS;4974.0;1
-2;154800;;;BANANAS;SEASHELLS;4974.0;1
-2;155200;;;PEARLS;SEASHELLS;10002.0;1
-2;155600;;;BANANAS;SEASHELLS;4981.0;1
-2;155600;;;PEARLS;SEASHELLS;9998.0;1
-2;155700;;;PEARLS;SEASHELLS;10002.0;1
-2;156300;;;BANANAS;SEASHELLS;4982.0;5
-2;156500;;;PEARLS;SEASHELLS;10002.0;1
-2;156600;;;BANANAS;SEASHELLS;4983.0;16
-2;156700;;;BANANAS;SEASHELLS;4983.0;2
-2;156700;;;PEARLS;SEASHELLS;10004.0;2
-2;157400;;;BANANAS;SEASHELLS;4975.0;1
-2;157400;;;PEARLS;SEASHELLS;10002.0;1
-2;157700;;;BANANAS;SEASHELLS;4982.0;1
-2;157700;;;PEARLS;SEASHELLS;10004.0;1
-2;157900;;;BANANAS;SEASHELLS;4981.0;2
-2;157900;;;PEARLS;SEASHELLS;10005.0;2
-2;158000;;;PEARLS;SEASHELLS;10002.0;1
-2;158000;;;BANANAS;SEASHELLS;4974.0;1
-2;158200;;;PEARLS;SEASHELLS;9998.0;8
-2;158300;;;PEARLS;SEASHELLS;10002.0;1
-2;158300;;;BANANAS;SEASHELLS;4974.0;1
-2;158500;;;BANANAS;SEASHELLS;4975.0;1
-2;158900;;;BANANAS;SEASHELLS;4980.0;12
-2;159200;;;PEARLS;SEASHELLS;9998.0;2
-2;159200;;;BANANAS;SEASHELLS;4975.0;4
-2;159200;;;BANANAS;SEASHELLS;4974.0;2
-2;159400;;;PEARLS;SEASHELLS;10002.0;1
-2;159500;;;BANANAS;SEASHELLS;4973.0;1
-2;159900;;;BANANAS;SEASHELLS;4977.0;2
-2;159900;;;PEARLS;SEASHELLS;9996.0;2
-2;160200;;;BANANAS;SEASHELLS;4975.0;1
-2;160300;;;BANANAS;SEASHELLS;4980.0;1
-2;160400;;;BANANAS;SEASHELLS;4974.0;1
-2;160700;;;BANANAS;SEASHELLS;4973.0;1
-2;160800;;;BANANAS;SEASHELLS;4973.0;3
-2;160900;;;BANANAS;SEASHELLS;4974.0;13
-2;161800;;;BANANAS;SEASHELLS;4972.0;1
-2;162000;;;PEARLS;SEASHELLS;10005.0;2
-2;162000;;;BANANAS;SEASHELLS;4979.0;2
-2;162100;;;BANANAS;SEASHELLS;4972.0;12
-2;162300;;;BANANAS;SEASHELLS;4975.0;2
-2;162300;;;PEARLS;SEASHELLS;10002.0;2
-2;162400;;;BANANAS;SEASHELLS;4976.0;1
-2;162700;;;PEARLS;SEASHELLS;9996.0;1
-2;162700;;;BANANAS;SEASHELLS;4973.0;1
-2;162800;;;PEARLS;SEASHELLS;9995.0;2
-2;162800;;;BANANAS;SEASHELLS;4973.0;2
-2;163100;;;BANANAS;SEASHELLS;4978.0;1
-2;163300;;;BANANAS;SEASHELLS;4979.0;1
-2;163800;;;BANANAS;SEASHELLS;4977.0;1
-2;163900;;;PEARLS;SEASHELLS;10002.0;4
-2;163900;;;PEARLS;SEASHELLS;10002.0;1
-2;163900;;;BANANAS;SEASHELLS;4978.0;5
-2;164000;;;PEARLS;SEASHELLS;10000.0;3
-2;164600;;;PEARLS;SEASHELLS;9998.0;1
-2;164700;;;BANANAS;SEASHELLS;4973.0;2
-2;164700;;;BANANAS;SEASHELLS;4973.0;7
-2;164800;;;PEARLS;SEASHELLS;9998.0;1
-2;165000;;;PEARLS;SEASHELLS;10002.0;2
-2;165300;;;PEARLS;SEASHELLS;9996.0;1
-2;165300;;;PEARLS;SEASHELLS;9996.0;3
-2;165700;;;BANANAS;SEASHELLS;4978.0;1
-2;165900;;;BANANAS;SEASHELLS;4974.0;5
-2;166100;;;PEARLS;SEASHELLS;10002.0;1
-2;166300;;;BANANAS;SEASHELLS;4973.0;13
-2;166300;;;PEARLS;SEASHELLS;10002.0;1
-2;166400;;;PEARLS;SEASHELLS;10002.0;1
-2;166700;;;PEARLS;SEASHELLS;10002.0;1
-2;166700;;;BANANAS;SEASHELLS;4973.0;1
-2;166700;;;BANANAS;SEASHELLS;4978.0;1
-2;167100;;;BANANAS;SEASHELLS;4972.0;1
-2;167100;;;BANANAS;SEASHELLS;4978.0;13
-2;167300;;;PEARLS;SEASHELLS;10005.0;2
-2;167300;;;BANANAS;SEASHELLS;4979.0;2
-2;168100;;;PEARLS;SEASHELLS;10002.0;1
-2;168200;;;BANANAS;SEASHELLS;4973.0;1
-2;168200;;;PEARLS;SEASHELLS;9995.0;1
-2;168700;;;BANANAS;SEASHELLS;4975.0;11
-2;168700;;;BANANAS;SEASHELLS;4975.0;9
-2;168900;;;PEARLS;SEASHELLS;9998.0;5
-2;169200;;;BANANAS;SEASHELLS;4974.0;1
-2;169300;;;PEARLS;SEASHELLS;10002.0;1
-2;169600;;;BANANAS;SEASHELLS;4979.0;1
-2;170000;;;PEARLS;SEASHELLS;10002.0;2
-2;170000;;;BANANAS;SEASHELLS;4977.0;2
-2;170000;;;BANANAS;SEASHELLS;4972.0;1
-2;170200;;;PEARLS;SEASHELLS;10004.0;1
-2;170200;;;BANANAS;SEASHELLS;4977.0;1
-2;170600;;;BANANAS;SEASHELLS;4972.0;1
-2;170800;;;BANANAS;SEASHELLS;4973.0;3
-2;171100;;;BANANAS;SEASHELLS;4973.0;18
-2;171300;;;BANANAS;SEASHELLS;4977.0;1
-2;171400;;;PEARLS;SEASHELLS;9998.0;1
-2;171700;;;PEARLS;SEASHELLS;10004.0;1
-2;171700;;;BANANAS;SEASHELLS;4978.0;1
-2;172100;;;PEARLS;SEASHELLS;10002.0;1
-2;172200;;;PEARLS;SEASHELLS;10002.0;1
-2;172300;;;PEARLS;SEASHELLS;10002.0;1
-2;172600;;;PEARLS;SEASHELLS;10002.0;1
-2;172700;;;PEARLS;SEASHELLS;10004.0;2
-2;172800;;;BANANAS;SEASHELLS;4974.0;3
-2;173100;;;PEARLS;SEASHELLS;10005.0;4
-2;173600;;;BANANAS;SEASHELLS;4978.0;1
-2;173700;;;PEARLS;SEASHELLS;9998.0;1
-2;174100;;;BANANAS;SEASHELLS;4978.0;1
-2;174100;;;PEARLS;SEASHELLS;9998.0;1
-2;174900;;;PEARLS;SEASHELLS;10002.0;1
-2;174900;;;BANANAS;SEASHELLS;4977.0;1
-2;175200;;;PEARLS;SEASHELLS;9998.0;1
-2;175200;;;PEARLS;SEASHELLS;9996.0;2
-2;175200;;;BANANAS;SEASHELLS;4977.0;1
-2;175500;;;BANANAS;SEASHELLS;4978.0;1
-2;175500;;;PEARLS;SEASHELLS;10004.0;1
-2;175600;;;BANANAS;SEASHELLS;4977.0;1
-2;176000;;;BANANAS;SEASHELLS;4972.0;1
-2;176100;;;PEARLS;SEASHELLS;10002.0;1
-2;176100;;;BANANAS;SEASHELLS;4976.0;1
-2;176500;;;BANANAS;SEASHELLS;4979.0;2
-2;176500;;;PEARLS;SEASHELLS;10004.0;1
-2;176900;;;PEARLS;SEASHELLS;10005.0;9
-2;177300;;;BANANAS;SEASHELLS;4973.0;3
-2;177500;;;BANANAS;SEASHELLS;4975.0;4
-2;177600;;;BANANAS;SEASHELLS;4980.0;12
-2;177900;;;BANANAS;SEASHELLS;4980.0;20
-2;177900;;;PEARLS;SEASHELLS;9998.0;3
-2;178200;;;BANANAS;SEASHELLS;4980.0;1
-2;179600;;;PEARLS;SEASHELLS;10002.0;1
-2;180000;;;BANANAS;SEASHELLS;4976.0;1
-2;180300;;;BANANAS;SEASHELLS;4981.0;1
-2;180500;;;BANANAS;SEASHELLS;4976.0;1
-2;180900;;;PEARLS;SEASHELLS;9998.0;2
-2;180900;;;PEARLS;SEASHELLS;9998.0;1
-2;181000;;;PEARLS;SEASHELLS;10002.0;1
-2;181400;;;BANANAS;SEASHELLS;4977.0;1
-2;181600;;;PEARLS;SEASHELLS;9996.0;1
-2;181800;;;BANANAS;SEASHELLS;4984.0;2
-2;181800;;;PEARLS;SEASHELLS;10005.0;2
-2;182300;;;PEARLS;SEASHELLS;9998.0;3
-2;182300;;;PEARLS;SEASHELLS;9998.0;1
-2;182500;;;PEARLS;SEASHELLS;10002.0;1
-2;182700;;;PEARLS;SEASHELLS;9996.0;2
-2;182700;;;BANANAS;SEASHELLS;4985.0;9
-2;182800;;;BANANAS;SEASHELLS;4978.0;4
-2;182900;;;PEARLS;SEASHELLS;10002.0;1
-2;183100;;;PEARLS;SEASHELLS;10002.0;1
-2;183100;;;BANANAS;SEASHELLS;4980.0;1
-2;183400;;;BANANAS;SEASHELLS;4979.0;1
-2;183500;;;BANANAS;SEASHELLS;4983.0;4
-2;183900;;;PEARLS;SEASHELLS;10002.0;1
-2;184200;;;BANANAS;SEASHELLS;4979.0;1
-2;184800;;;PEARLS;SEASHELLS;10000.0;2
-2;185000;;;PEARLS;SEASHELLS;9995.0;1
-2;185000;;;BANANAS;SEASHELLS;4977.0;1
-2;186000;;;PEARLS;SEASHELLS;9995.0;1
-2;186000;;;BANANAS;SEASHELLS;4978.0;1
-2;186100;;;BANANAS;SEASHELLS;4978.0;4
-2;186500;;;BANANAS;SEASHELLS;4980.0;1
-2;186500;;;PEARLS;SEASHELLS;9996.0;1
-2;186800;;;PEARLS;SEASHELLS;9995.0;6
-2;186800;;;BANANAS;SEASHELLS;4979.0;1
-2;186800;;;PEARLS;SEASHELLS;9995.0;1
-2;186900;;;BANANAS;SEASHELLS;4986.0;18
-2;186900;;;PEARLS;SEASHELLS;10002.0;5
-2;186900;;;PEARLS;SEASHELLS;10004.0;9
-2;186900;;;PEARLS;SEASHELLS;10004.0;2
-2;186900;;;BANANAS;SEASHELLS;4984.0;8
-2;187300;;;BANANAS;SEASHELLS;4984.0;1
-2;187300;;;PEARLS;SEASHELLS;9998.0;2
-2;187400;;;BANANAS;SEASHELLS;4980.0;7
-2;187400;;;BANANAS;SEASHELLS;4980.0;12
-2;187600;;;BANANAS;SEASHELLS;4985.0;3
-2;187700;;;BANANAS;SEASHELLS;4983.0;1
-2;188400;;;BANANAS;SEASHELLS;4981.0;1
-2;188500;;;BANANAS;SEASHELLS;4987.0;9
-2;188700;;;BANANAS;SEASHELLS;4986.0;1
-2;188700;;;PEARLS;SEASHELLS;10002.0;1
-2;188900;;;BANANAS;SEASHELLS;4986.0;1
-2;189000;;;PEARLS;SEASHELLS;10002.0;1
-2;189300;;;BANANAS;SEASHELLS;4980.0;1
-2;189400;;;BANANAS;SEASHELLS;4985.0;1
-2;189600;;;BANANAS;SEASHELLS;4986.0;14
-2;189700;;;BANANAS;SEASHELLS;4987.0;1
-2;189700;;;PEARLS;SEASHELLS;10005.0;1
-2;189900;;;PEARLS;SEASHELLS;9998.0;1
-2;190400;;;PEARLS;SEASHELLS;10002.0;4
-2;190400;;;PEARLS;SEASHELLS;10002.0;1
-2;191500;;;BANANAS;SEASHELLS;4983.0;2
-2;191500;;;PEARLS;SEASHELLS;9995.0;2
-2;191600;;;BANANAS;SEASHELLS;4981.0;1
-2;191600;;;PEARLS;SEASHELLS;9998.0;3
-2;191900;;;PEARLS;SEASHELLS;10002.0;1
-2;193100;;;BANANAS;SEASHELLS;4981.0;1
-2;193400;;;PEARLS;SEASHELLS;10002.0;2
-2;193600;;;PEARLS;SEASHELLS;9995.0;2
-2;193600;;;BANANAS;SEASHELLS;4980.0;2
-2;193900;;;BANANAS;SEASHELLS;4986.0;6
-2;194600;;;PEARLS;SEASHELLS;9998.0;2
-2;194600;;;BANANAS;SEASHELLS;4985.0;2
-2;194800;;;BANANAS;SEASHELLS;4987.0;1
-2;195700;;;PEARLS;SEASHELLS;10002.0;1
-2;196000;;;BANANAS;SEASHELLS;4988.0;1
-2;196100;;;BANANAS;SEASHELLS;4983.0;1
-2;196400;;;BANANAS;SEASHELLS;4984.0;1
-2;196600;;;PEARLS;SEASHELLS;9998.0;1
-2;196600;;;BANANAS;SEASHELLS;4989.0;1
-2;196700;;;PEARLS;SEASHELLS;9998.0;2
-2;196700;;;BANANAS;SEASHELLS;4984.0;2
-2;196800;;;PEARLS;SEASHELLS;9998.0;4
-2;197100;;;BANANAS;SEASHELLS;4990.0;7
-2;197100;;;PEARLS;SEASHELLS;9998.0;4
-2;197200;;;PEARLS;SEASHELLS;10002.0;1
-2;197300;;;PEARLS;SEASHELLS;10004.0;2
-2;197300;;;BANANAS;SEASHELLS;4990.0;2
-2;197400;;;PEARLS;SEASHELLS;9998.0;4
-2;197600;;;PEARLS;SEASHELLS;9998.0;1
-2;197900;;;PEARLS;SEASHELLS;9998.0;5
-2;198000;;;BANANAS;SEASHELLS;4991.0;1
-2;198000;;;PEARLS;SEASHELLS;10004.0;1
-2;198100;;;BANANAS;SEASHELLS;4990.0;1
-2;198400;;;BANANAS;SEASHELLS;4984.0;1
-2;198700;;;PEARLS;SEASHELLS;9998.0;5
-2;198900;;;BANANAS;SEASHELLS;4988.0;1
-2;198900;;;BANANAS;SEASHELLS;4989.0;1
-2;199000;;;PEARLS;SEASHELLS;9996.0;1
-2;199000;;;BANANAS;SEASHELLS;4984.0;1
-2;199400;;;BANANAS;SEASHELLS;4989.0;2
-2;199400;;;PEARLS;SEASHELLS;10002.0;2
-2;200100;;;PEARLS;SEASHELLS;9996.0;1
-2;200200;;;BANANAS;SEASHELLS;4989.0;5
-2;200300;;;BANANAS;SEASHELLS;4984.0;2
-2;200300;;;PEARLS;SEASHELLS;9996.0;1
-2;200300;;;PEARLS;SEASHELLS;9996.0;1
-2;200400;;;PEARLS;SEASHELLS;10004.0;7
-2;200400;;;PEARLS;SEASHELLS;10004.0;1
-2;200500;;;BANANAS;SEASHELLS;4991.0;2
-2;200500;;;PEARLS;SEASHELLS;10004.0;2
-2;200600;;;PEARLS;SEASHELLS;10002.0;1
-2;200600;;;BANANAS;SEASHELLS;4985.0;2
-2;200600;;;PEARLS;SEASHELLS;10002.0;2
-2;201000;;;BANANAS;SEASHELLS;4984.0;2
-2;201700;;;PEARLS;SEASHELLS;9996.0;1
-2;201700;;;BANANAS;SEASHELLS;4986.0;9
-2;201700;;;PEARLS;SEASHELLS;9996.0;2
-2;201700;;;PEARLS;SEASHELLS;9998.0;1
-2;201900;;;PEARLS;SEASHELLS;9998.0;1
-2;202100;;;BANANAS;SEASHELLS;4986.0;20
-2;202100;;;BANANAS;SEASHELLS;4992.0;1
-2;202400;;;BANANAS;SEASHELLS;4987.0;1
-2;202800;;;PEARLS;SEASHELLS;9998.0;1
-2;202900;;;BANANAS;SEASHELLS;4987.0;2
-2;202900;;;PEARLS;SEASHELLS;9996.0;1
-2;203300;;;BANANAS;SEASHELLS;4994.0;2
-2;203500;;;BANANAS;SEASHELLS;4994.0;11
-2;203800;;;PEARLS;SEASHELLS;9998.0;1
-2;203900;;;BANANAS;SEASHELLS;4992.0;2
-2;203900;;;PEARLS;SEASHELLS;9998.0;2
-2;204200;;;PEARLS;SEASHELLS;10002.0;1
-2;204400;;;PEARLS;SEASHELLS;10002.0;1
-2;204600;;;PEARLS;SEASHELLS;10000.0;3
-2;204700;;;BANANAS;SEASHELLS;4993.0;4
-2;204800;;;PEARLS;SEASHELLS;9998.0;4
-2;204800;;;PEARLS;SEASHELLS;9998.0;1
-2;204800;;;PEARLS;SEASHELLS;10002.0;6
-2;204900;;;BANANAS;SEASHELLS;4992.0;1
-2;205200;;;PEARLS;SEASHELLS;9996.0;2
-2;205200;;;BANANAS;SEASHELLS;4989.0;2
-2;205300;;;PEARLS;SEASHELLS;10004.0;1
-2;205300;;;BANANAS;SEASHELLS;4995.0;1
-2;205600;;;PEARLS;SEASHELLS;9995.0;8
-2;205900;;;PEARLS;SEASHELLS;9998.0;1
-2;206200;;;PEARLS;SEASHELLS;9998.0;1
-2;206200;;;BANANAS;SEASHELLS;4989.0;2
-2;206400;;;BANANAS;SEASHELLS;4988.0;1
-2;206400;;;PEARLS;SEASHELLS;9995.0;1
-2;207100;;;PEARLS;SEASHELLS;10005.0;2
-2;207100;;;BANANAS;SEASHELLS;4994.0;2
-2;207200;;;BANANAS;SEASHELLS;4987.0;1
-2;207300;;;BANANAS;SEASHELLS;4987.0;1
-2;207300;;;BANANAS;SEASHELLS;4993.0;6
-2;207700;;;BANANAS;SEASHELLS;4992.0;1
-2;207800;;;PEARLS;SEASHELLS;9998.0;4
-2;208000;;;BANANAS;SEASHELLS;4987.0;1
-2;208200;;;BANANAS;SEASHELLS;4993.0;1
-2;208400;;;BANANAS;SEASHELLS;4987.0;1
-2;208500;;;PEARLS;SEASHELLS;9998.0;1
-2;209000;;;BANANAS;SEASHELLS;4988.0;1
-2;209000;;;PEARLS;SEASHELLS;9998.0;4
-2;209300;;;PEARLS;SEASHELLS;9995.0;1
-2;209300;;;BANANAS;SEASHELLS;4987.0;1
-2;209600;;;BANANAS;SEASHELLS;4987.0;1
-2;209900;;;BANANAS;SEASHELLS;4988.0;2
-2;209900;;;PEARLS;SEASHELLS;9996.0;2
-2;210000;;;PEARLS;SEASHELLS;9998.0;1
-2;210000;;;PEARLS;SEASHELLS;9995.0;4
-2;210400;;;PEARLS;SEASHELLS;10002.0;1
-2;210700;;;BANANAS;SEASHELLS;4988.0;12
-2;211000;;;BANANAS;SEASHELLS;4990.0;1
-2;211300;;;BANANAS;SEASHELLS;4995.0;1
-2;211400;;;BANANAS;SEASHELLS;4990.0;1
-2;211900;;;BANANAS;SEASHELLS;4995.0;5
-2;212500;;;BANANAS;SEASHELLS;4995.0;1
-2;212700;;;PEARLS;SEASHELLS;9996.0;2
-2;212700;;;BANANAS;SEASHELLS;4989.0;1
-2;212800;;;PEARLS;SEASHELLS;10002.0;3
-2;212900;;;PEARLS;SEASHELLS;9998.0;5
-2;213100;;;PEARLS;SEASHELLS;9998.0;1
-2;213100;;;PEARLS;SEASHELLS;9998.0;3
-2;213200;;;BANANAS;SEASHELLS;4989.0;4
-2;213400;;;PEARLS;SEASHELLS;9998.0;2
-2;214400;;;PEARLS;SEASHELLS;10004.0;2
-2;214600;;;PEARLS;SEASHELLS;9998.0;1
-2;214700;;;BANANAS;SEASHELLS;4986.0;1
-2;214800;;;BANANAS;SEASHELLS;4991.0;11
-2;214900;;;BANANAS;SEASHELLS;4986.0;1
-2;215100;;;PEARLS;SEASHELLS;10005.0;2
-2;215100;;;BANANAS;SEASHELLS;4992.0;2
-2;215200;;;BANANAS;SEASHELLS;4987.0;5
-2;215200;;;PEARLS;SEASHELLS;10002.0;1
-2;216300;;;BANANAS;SEASHELLS;4993.0;1
-2;216500;;;PEARLS;SEASHELLS;10002.0;1
-2;216500;;;BANANAS;SEASHELLS;4987.0;1
-2;216700;;;BANANAS;SEASHELLS;4987.0;1
-2;216700;;;BANANAS;SEASHELLS;4987.0;12
-2;217100;;;BANANAS;SEASHELLS;4992.0;1
-2;217100;;;PEARLS;SEASHELLS;10004.0;1
-2;217500;;;PEARLS;SEASHELLS;10002.0;1
-2;217700;;;BANANAS;SEASHELLS;4987.0;5
-2;217900;;;BANANAS;SEASHELLS;4986.0;1
-2;217900;;;PEARLS;SEASHELLS;9996.0;1
-2;218100;;;PEARLS;SEASHELLS;9998.0;1
-2;218300;;;BANANAS;SEASHELLS;4986.0;19
-2;218400;;;BANANAS;SEASHELLS;4991.0;1
-2;218400;;;PEARLS;SEASHELLS;10005.0;1
-2;218400;;;BANANAS;SEASHELLS;4988.0;1
-2;219600;;;BANANAS;SEASHELLS;4990.0;1
-2;219900;;;BANANAS;SEASHELLS;4991.0;1
-2;220100;;;BANANAS;SEASHELLS;4991.0;1
-2;220100;;;PEARLS;SEASHELLS;9996.0;1
-2;220300;;;PEARLS;SEASHELLS;10002.0;1
-2;220300;;;BANANAS;SEASHELLS;4986.0;2
-2;220800;;;BANANAS;SEASHELLS;4986.0;1
-2;220900;;;BANANAS;SEASHELLS;4989.0;2
-2;221500;;;BANANAS;SEASHELLS;4988.0;1
-2;221700;;;BANANAS;SEASHELLS;4983.0;1
-2;222500;;;PEARLS;SEASHELLS;9998.0;1
-2;222500;;;BANANAS;SEASHELLS;4991.0;2
-2;222600;;;PEARLS;SEASHELLS;10002.0;1
-2;222900;;;PEARLS;SEASHELLS;10005.0;8
-2;223200;;;BANANAS;SEASHELLS;4989.0;1
-2;223200;;;PEARLS;SEASHELLS;10002.0;1
-2;223400;;;BANANAS;SEASHELLS;4989.0;1
-2;223900;;;PEARLS;SEASHELLS;10002.0;3
-2;224300;;;PEARLS;SEASHELLS;10004.0;2
-2;224300;;;BANANAS;SEASHELLS;4990.0;2
-2;224500;;;BANANAS;SEASHELLS;4990.0;1
-2;224500;;;PEARLS;SEASHELLS;10004.0;1
-2;224600;;;BANANAS;SEASHELLS;4984.0;1
-2;224800;;;PEARLS;SEASHELLS;10005.0;7
-2;224900;;;BANANAS;SEASHELLS;4984.0;1
-2;225800;;;BANANAS;SEASHELLS;4983.0;1
-2;225900;;;BANANAS;SEASHELLS;4990.0;14
-2;226000;;;PEARLS;SEASHELLS;9995.0;2
-2;226000;;;BANANAS;SEASHELLS;4983.0;2
-2;226100;;;BANANAS;SEASHELLS;4990.0;1
-2;226100;;;PEARLS;SEASHELLS;10005.0;1
-2;226300;;;BANANAS;SEASHELLS;4984.0;3
-2;226300;;;PEARLS;SEASHELLS;10002.0;1
-2;226500;;;PEARLS;SEASHELLS;10002.0;1
-2;226700;;;BANANAS;SEASHELLS;4983.0;1
-2;226800;;;BANANAS;SEASHELLS;4989.0;1
-2;227400;;;PEARLS;SEASHELLS;9998.0;5
-2;227600;;;PEARLS;SEASHELLS;9998.0;3
-2;227600;;;PEARLS;SEASHELLS;9998.0;1
-2;227600;;;BANANAS;SEASHELLS;4989.0;1
-2;227600;;;PEARLS;SEASHELLS;9998.0;3
-2;227700;;;PEARLS;SEASHELLS;10004.0;1
-2;227700;;;PEARLS;SEASHELLS;9998.0;4
-2;227700;;;BANANAS;SEASHELLS;4989.0;1
-2;227800;;;BANANAS;SEASHELLS;4983.0;1
-2;227900;;;BANANAS;SEASHELLS;4988.0;5
-2;227900;;;BANANAS;SEASHELLS;4989.0;1
-2;228000;;;BANANAS;SEASHELLS;4987.0;3
-2;228300;;;PEARLS;SEASHELLS;9998.0;4
-2;228700;;;PEARLS;SEASHELLS;9998.0;1
-2;228800;;;BANANAS;SEASHELLS;4986.0;1
-2;229200;;;PEARLS;SEASHELLS;10005.0;8
-2;229600;;;PEARLS;SEASHELLS;10002.0;4
-2;229800;;;BANANAS;SEASHELLS;4992.0;2
-2;230000;;;PEARLS;SEASHELLS;10002.0;1
-2;230400;;;BANANAS;SEASHELLS;4987.0;1
-2;230600;;;BANANAS;SEASHELLS;4986.0;2
-2;230600;;;BANANAS;SEASHELLS;4988.0;1
-2;230600;;;PEARLS;SEASHELLS;9996.0;2
-2;230600;;;BANANAS;SEASHELLS;4988.0;1
-2;230700;;;BANANAS;SEASHELLS;4992.0;1
-2;230700;;;BANANAS;SEASHELLS;4986.0;19
-2;231100;;;BANANAS;SEASHELLS;4992.0;1
-2;231800;;;BANANAS;SEASHELLS;4987.0;5
-2;232100;;;BANANAS;SEASHELLS;4987.0;4
-2;232200;;;BANANAS;SEASHELLS;4991.0;2
-2;232500;;;BANANAS;SEASHELLS;4987.0;1
-2;232700;;;PEARLS;SEASHELLS;9998.0;2
-2;232700;;;BANANAS;SEASHELLS;4987.0;1
-2;233000;;;PEARLS;SEASHELLS;9998.0;4
-2;233100;;;PEARLS;SEASHELLS;10002.0;1
-2;233100;;;BANANAS;SEASHELLS;4992.0;1
-2;233200;;;PEARLS;SEASHELLS;9998.0;1
-2;233500;;;PEARLS;SEASHELLS;10002.0;1
-2;233500;;;BANANAS;SEASHELLS;4993.0;1
-2;233700;;;BANANAS;SEASHELLS;4994.0;2
-2;234500;;;BANANAS;SEASHELLS;4987.0;1
-2;234500;;;PEARLS;SEASHELLS;9998.0;1
-2;234800;;;PEARLS;SEASHELLS;9998.0;1
-2;235400;;;BANANAS;SEASHELLS;4991.0;1
-2;235400;;;PEARLS;SEASHELLS;9998.0;1
-2;235700;;;PEARLS;SEASHELLS;10002.0;1
-2;236100;;;PEARLS;SEASHELLS;9998.0;1
-2;236100;;;PEARLS;SEASHELLS;9995.0;5
-2;236100;;;PEARLS;SEASHELLS;9995.0;12
-2;236400;;;BANANAS;SEASHELLS;4984.0;2
-2;236400;;;PEARLS;SEASHELLS;9998.0;1
-2;236400;;;PEARLS;SEASHELLS;9996.0;2
-2;236500;;;BANANAS;SEASHELLS;4984.0;1
-2;236500;;;PEARLS;SEASHELLS;9995.0;2
-2;236600;;;PEARLS;SEASHELLS;10000.0;3
-2;236700;;;BANANAS;SEASHELLS;4985.0;1
-2;237000;;;BANANAS;SEASHELLS;4992.0;1
-2;237000;;;PEARLS;SEASHELLS;10005.0;1
-2;237000;;;PEARLS;SEASHELLS;10004.0;1
-2;237100;;;PEARLS;SEASHELLS;9995.0;4
-2;237100;;;PEARLS;SEASHELLS;9998.0;1
-2;237300;;;BANANAS;SEASHELLS;4986.0;2
-2;237500;;;BANANAS;SEASHELLS;4992.0;10
-2;237700;;;BANANAS;SEASHELLS;4985.0;1
-2;237900;;;BANANAS;SEASHELLS;4991.0;1
-2;237900;;;PEARLS;SEASHELLS;10004.0;1
-2;238000;;;BANANAS;SEASHELLS;4991.0;1
-2;238000;;;PEARLS;SEASHELLS;10004.0;1
-2;238000;;;BANANAS;SEASHELLS;4990.0;2
-2;238700;;;BANANAS;SEASHELLS;4983.0;2
-2;238700;;;PEARLS;SEASHELLS;10002.0;1
-2;238900;;;BANANAS;SEASHELLS;4990.0;20
-2;239100;;;BANANAS;SEASHELLS;4984.0;1
-2;239200;;;BANANAS;SEASHELLS;4990.0;1
-2;239400;;;PEARLS;SEASHELLS;10002.0;1
-2;239800;;;PEARLS;SEASHELLS;9998.0;1
-2;240100;;;PEARLS;SEASHELLS;9998.0;1
-2;240700;;;PEARLS;SEASHELLS;9998.0;1
-2;241000;;;BANANAS;SEASHELLS;4983.0;1
-2;241200;;;BANANAS;SEASHELLS;4982.0;1
-2;241200;;;PEARLS;SEASHELLS;9998.0;3
-2;241300;;;PEARLS;SEASHELLS;9998.0;4
-2;241300;;;PEARLS;SEASHELLS;9998.0;8
-2;241400;;;PEARLS;SEASHELLS;9996.0;1
-2;241400;;;PEARLS;SEASHELLS;9996.0;9
-2;241500;;;BANANAS;SEASHELLS;4981.0;1
-2;241700;;;BANANAS;SEASHELLS;4986.0;6
-2;241700;;;PEARLS;SEASHELLS;10002.0;2
-2;241700;;;BANANAS;SEASHELLS;4986.0;2
-2;241800;;;PEARLS;SEASHELLS;10002.0;1
-2;242200;;;BANANAS;SEASHELLS;4988.0;20
-2;242200;;;PEARLS;SEASHELLS;9998.0;1
-2;242300;;;PEARLS;SEASHELLS;10002.0;1
-2;242500;;;BANANAS;SEASHELLS;4981.0;6
-2;242600;;;BANANAS;SEASHELLS;4986.0;1
-2;242800;;;PEARLS;SEASHELLS;10005.0;8
-2;242900;;;BANANAS;SEASHELLS;4985.0;1
-2;243100;;;BANANAS;SEASHELLS;4980.0;1
-2;243200;;;PEARLS;SEASHELLS;10005.0;4
-2;243300;;;PEARLS;SEASHELLS;9998.0;3
-2;243400;;;PEARLS;SEASHELLS;9996.0;1
-2;243400;;;BANANAS;SEASHELLS;4987.0;1
-2;243600;;;BANANAS;SEASHELLS;4982.0;1
-2;243700;;;BANANAS;SEASHELLS;4981.0;2
-2;243700;;;PEARLS;SEASHELLS;9996.0;1
-2;244100;;;PEARLS;SEASHELLS;9998.0;1
-2;244400;;;PEARLS;SEASHELLS;9998.0;1
-2;244700;;;BANANAS;SEASHELLS;4986.0;1
-2;244900;;;PEARLS;SEASHELLS;10002.0;1
-2;245000;;;PEARLS;SEASHELLS;10002.0;8
-2;245000;;;BANANAS;SEASHELLS;4986.0;8
-2;245100;;;BANANAS;SEASHELLS;4981.0;1
-2;245200;;;BANANAS;SEASHELLS;4981.0;1
-2;246100;;;PEARLS;SEASHELLS;10002.0;3
-2;246200;;;PEARLS;SEASHELLS;10002.0;3
-2;246500;;;BANANAS;SEASHELLS;4980.0;3
-2;247100;;;PEARLS;SEASHELLS;9998.0;1
-2;247300;;;BANANAS;SEASHELLS;4979.0;1
-2;247600;;;PEARLS;SEASHELLS;9998.0;2
-2;247600;;;BANANAS;SEASHELLS;4987.0;4
-2;247600;;;PEARLS;SEASHELLS;9998.0;1
-2;247600;;;BANANAS;SEASHELLS;4980.0;1
-2;247600;;;PEARLS;SEASHELLS;9998.0;4
-2;247700;;;PEARLS;SEASHELLS;9996.0;2
-2;247700;;;PEARLS;SEASHELLS;9998.0;6
-2;247700;;;BANANAS;SEASHELLS;4981.0;2
-2;247900;;;PEARLS;SEASHELLS;9996.0;9
-2;247900;;;PEARLS;SEASHELLS;9996.0;1
-2;248100;;;BANANAS;SEASHELLS;4985.0;1
-2;248300;;;BANANAS;SEASHELLS;4984.0;3
-2;248400;;;PEARLS;SEASHELLS;9996.0;1
-2;248400;;;BANANAS;SEASHELLS;4980.0;16
-2;248400;;;BANANAS;SEASHELLS;4980.0;1
-2;248700;;;PEARLS;SEASHELLS;9998.0;1
-2;249000;;;PEARLS;SEASHELLS;10002.0;1
-2;249200;;;BANANAS;SEASHELLS;4984.0;9
-2;249300;;;PEARLS;SEASHELLS;9998.0;1
-2;249400;;;BANANAS;SEASHELLS;4980.0;1
-2;249400;;;PEARLS;SEASHELLS;9998.0;1
-2;249800;;;PEARLS;SEASHELLS;10002.0;1
-2;249900;;;PEARLS;SEASHELLS;10002.0;1
-2;249900;;;BANANAS;SEASHELLS;4985.0;1
-2;250300;;;BANANAS;SEASHELLS;4985.0;2
-2;250500;;;PEARLS;SEASHELLS;10002.0;1
-2;250500;;;PEARLS;SEASHELLS;10005.0;2
-2;250500;;;BANANAS;SEASHELLS;4988.0;2
-2;250600;;;BANANAS;SEASHELLS;4987.0;1
-2;250700;;;PEARLS;SEASHELLS;9998.0;3
-2;251100;;;PEARLS;SEASHELLS;10002.0;5
-2;251300;;;BANANAS;SEASHELLS;4982.0;1
-2;251500;;;BANANAS;SEASHELLS;4989.0;4
-2;251700;;;PEARLS;SEASHELLS;9996.0;2
-2;251700;;;PEARLS;SEASHELLS;9996.0;2
-2;251700;;;PEARLS;SEASHELLS;9998.0;1
-2;252300;;;PEARLS;SEASHELLS;10002.0;5
-2;252800;;;PEARLS;SEASHELLS;9996.0;2
-2;252800;;;BANANAS;SEASHELLS;4984.0;2
-2;253400;;;BANANAS;SEASHELLS;4985.0;10
-2;253500;;;BANANAS;SEASHELLS;4985.0;1
-2;253500;;;PEARLS;SEASHELLS;9996.0;1
-2;253700;;;BANANAS;SEASHELLS;4986.0;1
-2;253800;;;PEARLS;SEASHELLS;10002.0;1
-2;254000;;;BANANAS;SEASHELLS;4988.0;2
-2;254000;;;BANANAS;SEASHELLS;4988.0;10
-2;254000;;;PEARLS;SEASHELLS;10005.0;2
-2;254700;;;BANANAS;SEASHELLS;4994.0;1
-2;254700;;;PEARLS;SEASHELLS;10004.0;1
-2;254800;;;PEARLS;SEASHELLS;10002.0;1
-2;255000;;;BANANAS;SEASHELLS;4987.0;1
-2;255100;;;BANANAS;SEASHELLS;4988.0;2
-2;255100;;;PEARLS;SEASHELLS;9996.0;1
-2;255400;;;BANANAS;SEASHELLS;4988.0;1
-2;255700;;;BANANAS;SEASHELLS;4992.0;1
-2;256000;;;BANANAS;SEASHELLS;4994.0;6
-2;256000;;;BANANAS;SEASHELLS;4993.0;1
-2;256000;;;BANANAS;SEASHELLS;4994.0;1
-2;256200;;;BANANAS;SEASHELLS;4989.0;15
-2;257000;;;PEARLS;SEASHELLS;10002.0;1
-2;257100;;;BANANAS;SEASHELLS;4991.0;1
-2;257100;;;BANANAS;SEASHELLS;4991.0;1
-2;257300;;;BANANAS;SEASHELLS;4995.0;5
-2;257600;;;BANANAS;SEASHELLS;4991.0;1
-2;257600;;;PEARLS;SEASHELLS;9996.0;1
-2;258000;;;PEARLS;SEASHELLS;9998.0;1
-2;258200;;;BANANAS;SEASHELLS;4990.0;2
-2;258200;;;PEARLS;SEASHELLS;9995.0;2
-2;258400;;;PEARLS;SEASHELLS;10005.0;5
-2;259300;;;BANANAS;SEASHELLS;4991.0;1
-2;259300;;;PEARLS;SEASHELLS;9998.0;1
-2;259500;;;BANANAS;SEASHELLS;4995.0;1
-2;260000;;;PEARLS;SEASHELLS;10002.0;1
-2;260200;;;PEARLS;SEASHELLS;9995.0;1
-2;260200;;;BANANAS;SEASHELLS;4989.0;1
-2;260300;;;BANANAS;SEASHELLS;4990.0;1
-2;260300;;;PEARLS;SEASHELLS;10002.0;1
-2;260600;;;PEARLS;SEASHELLS;10004.0;1
-2;260600;;;BANANAS;SEASHELLS;4990.0;1
-2;261000;;;BANANAS;SEASHELLS;4990.0;1
-2;261200;;;PEARLS;SEASHELLS;10002.0;1
-2;261300;;;PEARLS;SEASHELLS;10002.0;1
-2;261500;;;BANANAS;SEASHELLS;4989.0;1
-2;261500;;;PEARLS;SEASHELLS;9998.0;1
-2;261600;;;PEARLS;SEASHELLS;10002.0;1
-2;261800;;;BANANAS;SEASHELLS;4994.0;1
-2;261900;;;BANANAS;SEASHELLS;4989.0;1
-2;262200;;;BANANAS;SEASHELLS;4996.0;2
-2;262200;;;PEARLS;SEASHELLS;10005.0;2
-2;262400;;;PEARLS;SEASHELLS;10002.0;1
-2;262500;;;PEARLS;SEASHELLS;9998.0;2
-2;262800;;;BANANAS;SEASHELLS;4990.0;1
-2;262900;;;BANANAS;SEASHELLS;4996.0;1
-2;263700;;;BANANAS;SEASHELLS;4991.0;1
-2;263800;;;PEARLS;SEASHELLS;10002.0;1
-2;264500;;;BANANAS;SEASHELLS;4991.0;5
-2;264700;;;PEARLS;SEASHELLS;9998.0;1
-2;265000;;;PEARLS;SEASHELLS;9998.0;1
-2;265700;;;BANANAS;SEASHELLS;4995.0;2
-2;265700;;;BANANAS;SEASHELLS;4996.0;2
-2;265700;;;PEARLS;SEASHELLS;10004.0;2
-2;265900;;;BANANAS;SEASHELLS;4992.0;1
-2;265900;;;BANANAS;SEASHELLS;4994.0;1
-2;265900;;;PEARLS;SEASHELLS;10000.0;1
-2;266000;;;PEARLS;SEASHELLS;9998.0;3
-2;266000;;;BANANAS;SEASHELLS;4990.0;1
-2;266300;;;BANANAS;SEASHELLS;4989.0;1
-2;266500;;;BANANAS;SEASHELLS;4995.0;1
-2;266700;;;PEARLS;SEASHELLS;10002.0;1
-2;266800;;;BANANAS;SEASHELLS;4997.0;1
-2;266800;;;PEARLS;SEASHELLS;10004.0;1
-2;267000;;;BANANAS;SEASHELLS;4991.0;1
-2;267000;;;PEARLS;SEASHELLS;10002.0;5
-2;267600;;;PEARLS;SEASHELLS;10002.0;1
-2;267900;;;BANANAS;SEASHELLS;4994.0;1
-2;268800;;;PEARLS;SEASHELLS;10004.0;2
-2;269000;;;BANANAS;SEASHELLS;4990.0;1
-2;269000;;;BANANAS;SEASHELLS;4990.0;1
-2;269000;;;PEARLS;SEASHELLS;9996.0;1
-2;269000;;;PEARLS;SEASHELLS;9996.0;1
-2;269200;;;BANANAS;SEASHELLS;4994.0;1
-2;269200;;;PEARLS;SEASHELLS;10002.0;8
-2;269400;;;PEARLS;SEASHELLS;9995.0;5
-2;269700;;;PEARLS;SEASHELLS;9998.0;1
-2;269800;;;PEARLS;SEASHELLS;10002.0;1
-2;269800;;;BANANAS;SEASHELLS;4994.0;1
-2;269800;;;PEARLS;SEASHELLS;10002.0;2
-2;269900;;;BANANAS;SEASHELLS;4994.0;1
-2;270000;;;BANANAS;SEASHELLS;4988.0;4
-2;270100;;;BANANAS;SEASHELLS;4989.0;1
-2;270200;;;PEARLS;SEASHELLS;9998.0;1
-2;270300;;;BANANAS;SEASHELLS;4989.0;1
-2;270400;;;PEARLS;SEASHELLS;10005.0;5
-2;270600;;;BANANAS;SEASHELLS;4994.0;1
-2;270700;;;BANANAS;SEASHELLS;4989.0;1
-2;270900;;;PEARLS;SEASHELLS;10004.0;2
-2;270900;;;BANANAS;SEASHELLS;4996.0;2
-2;271200;;;BANANAS;SEASHELLS;4994.0;7
-2;271600;;;PEARLS;SEASHELLS;9998.0;1
-2;271700;;;BANANAS;SEASHELLS;4989.0;1
-2;271800;;;PEARLS;SEASHELLS;10004.0;2
-2;271900;;;BANANAS;SEASHELLS;4995.0;14
-2;272100;;;BANANAS;SEASHELLS;4994.0;1
-2;272200;;;BANANAS;SEASHELLS;4989.0;1
-2;272300;;;PEARLS;SEASHELLS;10002.0;2
-2;272700;;;PEARLS;SEASHELLS;9998.0;1
-2;272800;;;PEARLS;SEASHELLS;10004.0;1
-2;272800;;;PEARLS;SEASHELLS;10005.0;2
-2;272800;;;BANANAS;SEASHELLS;4995.0;2
-2;273400;;;PEARLS;SEASHELLS;9996.0;2
-2;273400;;;PEARLS;SEASHELLS;9996.0;6
-2;274200;;;BANANAS;SEASHELLS;4994.0;1
-2;274600;;;BANANAS;SEASHELLS;4989.0;1
-2;275000;;;BANANAS;SEASHELLS;4993.0;1
-2;275600;;;PEARLS;SEASHELLS;9998.0;1
-2;275600;;;BANANAS;SEASHELLS;4993.0;3
-2;276500;;;PEARLS;SEASHELLS;9998.0;1
-2;277000;;;BANANAS;SEASHELLS;4988.0;1
-2;277000;;;BANANAS;SEASHELLS;4988.0;1
-2;277000;;;PEARLS;SEASHELLS;9996.0;2
-2;278100;;;BANANAS;SEASHELLS;4991.0;1
-2;278200;;;PEARLS;SEASHELLS;9998.0;3
-2;278200;;;BANANAS;SEASHELLS;4988.0;1
-2;278500;;;PEARLS;SEASHELLS;9996.0;1
-2;278700;;;BANANAS;SEASHELLS;4991.0;3
-2;278700;;;BANANAS;SEASHELLS;4991.0;8
-2;279200;;;BANANAS;SEASHELLS;4987.0;4
-2;279300;;;BANANAS;SEASHELLS;4986.0;1
-2;279400;;;BANANAS;SEASHELLS;4985.0;2
-2;279400;;;PEARLS;SEASHELLS;9996.0;2
-2;279400;;;PEARLS;SEASHELLS;9995.0;2
-2;279900;;;PEARLS;SEASHELLS;9996.0;1
-2;279900;;;BANANAS;SEASHELLS;4985.0;2
-2;280200;;;BANANAS;SEASHELLS;4992.0;13
-2;280400;;;BANANAS;SEASHELLS;4992.0;2
-2;280400;;;PEARLS;SEASHELLS;10004.0;2
-2;280900;;;PEARLS;SEASHELLS;10000.0;2
-2;281100;;;PEARLS;SEASHELLS;10002.0;5
-2;282200;;;BANANAS;SEASHELLS;4984.0;1
-2;282400;;;PEARLS;SEASHELLS;10002.0;1
-2;282500;;;PEARLS;SEASHELLS;9995.0;2
-2;283300;;;BANANAS;SEASHELLS;4992.0;2
-2;283300;;;PEARLS;SEASHELLS;10004.0;1
-2;283300;;;PEARLS;SEASHELLS;10004.0;1
-2;283600;;;PEARLS;SEASHELLS;10002.0;1
-2;283700;;;PEARLS;SEASHELLS;9998.0;1
-2;284200;;;BANANAS;SEASHELLS;4992.0;10
-2;284300;;;PEARLS;SEASHELLS;9998.0;1
-2;284500;;;BANANAS;SEASHELLS;4985.0;2
-2;284500;;;PEARLS;SEASHELLS;9996.0;2
-2;285100;;;BANANAS;SEASHELLS;4986.0;1
-2;285100;;;PEARLS;SEASHELLS;9996.0;1
-2;285300;;;BANANAS;SEASHELLS;4986.0;1
-2;285700;;;PEARLS;SEASHELLS;9996.0;2
-2;286000;;;PEARLS;SEASHELLS;9998.0;1
-2;286000;;;BANANAS;SEASHELLS;4991.0;2
-2;288100;;;PEARLS;SEASHELLS;10002.0;4
-2;288100;;;PEARLS;SEASHELLS;10002.0;1
-2;288100;;;BANANAS;SEASHELLS;4984.0;1
-2;288600;;;BANANAS;SEASHELLS;4984.0;1
-2;288900;;;BANANAS;SEASHELLS;4988.0;1
-2;288900;;;BANANAS;SEASHELLS;4989.0;1
-2;288900;;;PEARLS;SEASHELLS;10004.0;1
-2;289400;;;BANANAS;SEASHELLS;4989.0;1
-2;289400;;;BANANAS;SEASHELLS;4984.0;7
-2;289700;;;BANANAS;SEASHELLS;4984.0;5
-2;289800;;;PEARLS;SEASHELLS;10004.0;2
-2;290200;;;BANANAS;SEASHELLS;4988.0;1
-2;290300;;;BANANAS;SEASHELLS;4990.0;1
-2;290300;;;PEARLS;SEASHELLS;9998.0;1
-2;291400;;;PEARLS;SEASHELLS;9995.0;4
-2;291400;;;BANANAS;SEASHELLS;4986.0;1
-2;291500;;;PEARLS;SEASHELLS;9998.0;1
-2;291700;;;BANANAS;SEASHELLS;4987.0;1
-2;291700;;;PEARLS;SEASHELLS;9998.0;1
-2;292200;;;PEARLS;SEASHELLS;10002.0;1
-2;292300;;;BANANAS;SEASHELLS;4988.0;2
-2;292300;;;PEARLS;SEASHELLS;9996.0;2
-2;292400;;;PEARLS;SEASHELLS;10002.0;1
-2;292500;;;PEARLS;SEASHELLS;10002.0;3
-2;292500;;;PEARLS;SEASHELLS;10002.0;2
-2;292600;;;BANANAS;SEASHELLS;4995.0;6
-2;292600;;;BANANAS;SEASHELLS;4995.0;1
-2;292800;;;BANANAS;SEASHELLS;4989.0;1
-2;292800;;;PEARLS;SEASHELLS;10002.0;1
-2;293000;;;BANANAS;SEASHELLS;4995.0;16
-2;293000;;;BANANAS;SEASHELLS;4988.0;1
-2;293100;;;BANANAS;SEASHELLS;4989.0;1
-2;293400;;;BANANAS;SEASHELLS;4988.0;1
-2;293400;;;BANANAS;SEASHELLS;4989.0;5
-2;293600;;;BANANAS;SEASHELLS;4988.0;1
-2;293700;;;PEARLS;SEASHELLS;10002.0;1
-2;294000;;;BANANAS;SEASHELLS;4988.0;9
-2;294200;;;BANANAS;SEASHELLS;4988.0;1
-2;294200;;;BANANAS;SEASHELLS;4988.0;4
-2;294300;;;BANANAS;SEASHELLS;4993.0;11
-2;294900;;;PEARLS;SEASHELLS;9995.0;1
-2;294900;;;BANANAS;SEASHELLS;4988.0;1
-2;295300;;;BANANAS;SEASHELLS;4989.0;1
-2;295700;;;PEARLS;SEASHELLS;10004.0;1
-2;295700;;;BANANAS;SEASHELLS;4995.0;2
-2;295800;;;PEARLS;SEASHELLS;10002.0;1
-2;295800;;;BANANAS;SEASHELLS;4988.0;1
-2;296100;;;BANANAS;SEASHELLS;4990.0;1
-2;296200;;;PEARLS;SEASHELLS;10002.0;1
-2;296300;;;BANANAS;SEASHELLS;4993.0;1
-2;296400;;;PEARLS;SEASHELLS;9998.0;5
-2;296700;;;BANANAS;SEASHELLS;4992.0;8
-2;297000;;;BANANAS;SEASHELLS;4988.0;2
-2;297100;;;BANANAS;SEASHELLS;4992.0;1
-2;297300;;;PEARLS;SEASHELLS;10004.0;2
-2;297400;;;BANANAS;SEASHELLS;4994.0;2
-2;297400;;;PEARLS;SEASHELLS;9998.0;2
-2;297400;;;BANANAS;SEASHELLS;4987.0;1
-2;297400;;;BANANAS;SEASHELLS;4993.0;1
-2;297700;;;PEARLS;SEASHELLS;10002.0;1
-2;297800;;;PEARLS;SEASHELLS;10002.0;3
-2;298100;;;BANANAS;SEASHELLS;4990.0;2
-2;298100;;;PEARLS;SEASHELLS;9998.0;2
-2;298600;;;BANANAS;SEASHELLS;4990.0;1
-2;298800;;;BANANAS;SEASHELLS;4996.0;1
-2;298900;;;BANANAS;SEASHELLS;4996.0;1
-2;299500;;;PEARLS;SEASHELLS;9995.0;5
-2;299600;;;BANANAS;SEASHELLS;4996.0;1
-2;299700;;;BANANAS;SEASHELLS;4996.0;1
-2;300700;;;BANANAS;SEASHELLS;4992.0;6
-2;300800;;;BANANAS;SEASHELLS;4999.0;1
-2;300800;;;PEARLS;SEASHELLS;10005.0;1
-2;301100;;;BANANAS;SEASHELLS;4993.0;1
-2;301400;;;PEARLS;SEASHELLS;10005.0;2
-2;301400;;;BANANAS;SEASHELLS;4998.0;2
-2;301500;;;PEARLS;SEASHELLS;10002.0;1
-2;301900;;;BANANAS;SEASHELLS;4996.0;8
-2;301900;;;BANANAS;SEASHELLS;4998.0;20
-2;302100;;;BANANAS;SEASHELLS;4996.0;1
-2;302100;;;BANANAS;SEASHELLS;4997.0;1
-2;302100;;;PEARLS;SEASHELLS;10004.0;1
-2;302400;;;PEARLS;SEASHELLS;9998.0;1
-2;302400;;;PEARLS;SEASHELLS;9998.0;4
-2;302500;;;PEARLS;SEASHELLS;9998.0;1
-2;302900;;;BANANAS;SEASHELLS;4990.0;1
-2;303100;;;BANANAS;SEASHELLS;4990.0;1
-2;303100;;;PEARLS;SEASHELLS;10005.0;2
-2;303100;;;BANANAS;SEASHELLS;4997.0;2
-2;303400;;;BANANAS;SEASHELLS;4991.0;5
-2;303600;;;BANANAS;SEASHELLS;4991.0;1
-2;303600;;;PEARLS;SEASHELLS;9998.0;5
-2;303700;;;PEARLS;SEASHELLS;10002.0;1
-2;303900;;;BANANAS;SEASHELLS;4991.0;17
-2;304100;;;BANANAS;SEASHELLS;4992.0;5
-2;305100;;;PEARLS;SEASHELLS;9998.0;1
-2;305600;;;BANANAS;SEASHELLS;4996.0;12
-2;305900;;;PEARLS;SEASHELLS;10002.0;3
-2;306000;;;BANANAS;SEASHELLS;4989.0;1
-2;306300;;;PEARLS;SEASHELLS;9998.0;1
-2;306700;;;PEARLS;SEASHELLS;9998.0;2
-2;307400;;;PEARLS;SEASHELLS;9998.0;1
-2;307500;;;BANANAS;SEASHELLS;4989.0;1
-2;307900;;;BANANAS;SEASHELLS;4997.0;1
-2;307900;;;PEARLS;SEASHELLS;10004.0;1
-2;308000;;;PEARLS;SEASHELLS;10002.0;1
-2;308200;;;PEARLS;SEASHELLS;9996.0;1
-2;308200;;;BANANAS;SEASHELLS;4990.0;1
-2;308300;;;PEARLS;SEASHELLS;10002.0;1
-2;308300;;;BANANAS;SEASHELLS;4990.0;1
-2;308500;;;BANANAS;SEASHELLS;4991.0;1
-2;308600;;;BANANAS;SEASHELLS;4992.0;5
-2;308600;;;BANANAS;SEASHELLS;4991.0;1
-2;309200;;;BANANAS;SEASHELLS;4991.0;1
-2;309600;;;BANANAS;SEASHELLS;4991.0;2
-2;309600;;;PEARLS;SEASHELLS;9998.0;2
-2;309800;;;PEARLS;SEASHELLS;9998.0;1
-2;310600;;;PEARLS;SEASHELLS;10002.0;1
-2;310800;;;BANANAS;SEASHELLS;4994.0;1
-2;310900;;;PEARLS;SEASHELLS;10004.0;2
-2;311100;;;BANANAS;SEASHELLS;4988.0;1
-2;311700;;;BANANAS;SEASHELLS;4988.0;2
-2;311700;;;PEARLS;SEASHELLS;9996.0;2
-2;312300;;;BANANAS;SEASHELLS;4990.0;2
-2;312300;;;PEARLS;SEASHELLS;9996.0;2
-2;312500;;;BANANAS;SEASHELLS;4995.0;1
-2;312600;;;PEARLS;SEASHELLS;10004.0;2
-2;312600;;;PEARLS;SEASHELLS;10004.0;8
-2;313100;;;PEARLS;SEASHELLS;9996.0;1
-2;313100;;;PEARLS;SEASHELLS;9996.0;2
-2;313100;;;BANANAS;SEASHELLS;4990.0;1
-2;313200;;;BANANAS;SEASHELLS;4990.0;1
-2;313600;;;PEARLS;SEASHELLS;10005.0;5
-2;313700;;;PEARLS;SEASHELLS;9998.0;2
-2;313700;;;PEARLS;SEASHELLS;9998.0;2
-2;314000;;;PEARLS;SEASHELLS;10002.0;1
-2;314100;;;PEARLS;SEASHELLS;10002.0;1
-2;314200;;;BANANAS;SEASHELLS;4994.0;1
-2;314700;;;PEARLS;SEASHELLS;10002.0;1
-2;314700;;;BANANAS;SEASHELLS;4992.0;2
-2;315300;;;PEARLS;SEASHELLS;10002.0;5
-2;315500;;;PEARLS;SEASHELLS;9998.0;2
-2;315800;;;BANANAS;SEASHELLS;4998.0;1
-2;315800;;;PEARLS;SEASHELLS;10002.0;1
-2;315800;;;BANANAS;SEASHELLS;4999.0;1
-2;316000;;;BANANAS;SEASHELLS;4993.0;2
-2;316200;;;PEARLS;SEASHELLS;10004.0;2
-2;316200;;;BANANAS;SEASHELLS;4999.0;2
-2;316600;;;BANANAS;SEASHELLS;5000.0;1
-2;316600;;;PEARLS;SEASHELLS;10005.0;1
-2;316800;;;BANANAS;SEASHELLS;4994.0;1
-2;316900;;;BANANAS;SEASHELLS;4999.0;1
-2;317400;;;BANANAS;SEASHELLS;4993.0;1
-2;317600;;;BANANAS;SEASHELLS;4994.0;5
-2;317700;;;PEARLS;SEASHELLS;10002.0;1
-2;317800;;;PEARLS;SEASHELLS;9998.0;3
-2;318000;;;PEARLS;SEASHELLS;9998.0;1
-2;318400;;;BANANAS;SEASHELLS;4997.0;15
-2;318600;;;PEARLS;SEASHELLS;10002.0;2
-2;318700;;;BANANAS;SEASHELLS;4996.0;1
-2;319000;;;PEARLS;SEASHELLS;9998.0;1
-2;319000;;;BANANAS;SEASHELLS;4998.0;4
-2;319500;;;BANANAS;SEASHELLS;4992.0;1
-2;319800;;;PEARLS;SEASHELLS;10002.0;1
-2;320100;;;PEARLS;SEASHELLS;9998.0;1
-2;320200;;;BANANAS;SEASHELLS;4991.0;6
-2;320300;;;PEARLS;SEASHELLS;10004.0;1
-2;320300;;;BANANAS;SEASHELLS;4997.0;1
-2;320500;;;BANANAS;SEASHELLS;4991.0;1
-2;320900;;;PEARLS;SEASHELLS;10005.0;3
-2;321100;;;BANANAS;SEASHELLS;4992.0;9
-2;321100;;;BANANAS;SEASHELLS;4992.0;1
-2;321300;;;BANANAS;SEASHELLS;4998.0;2
-2;321300;;;PEARLS;SEASHELLS;10004.0;2
-2;321600;;;BANANAS;SEASHELLS;4993.0;1
-2;321800;;;BANANAS;SEASHELLS;4993.0;1
-2;321900;;;PEARLS;SEASHELLS;9996.0;1
-2;321900;;;BANANAS;SEASHELLS;4993.0;1
-2;322000;;;BANANAS;SEASHELLS;4994.0;1
-2;322100;;;BANANAS;SEASHELLS;4994.0;1
-2;322500;;;BANANAS;SEASHELLS;4994.0;1
-2;322900;;;BANANAS;SEASHELLS;4993.0;1
-2;324100;;;PEARLS;SEASHELLS;9998.0;2
-2;324100;;;BANANAS;SEASHELLS;4995.0;2
-2;324200;;;PEARLS;SEASHELLS;9998.0;1
-2;324300;;;BANANAS;SEASHELLS;4997.0;1
-2;324500;;;BANANAS;SEASHELLS;4993.0;2
-2;324600;;;PEARLS;SEASHELLS;9995.0;6
-2;325000;;;PEARLS;SEASHELLS;10005.0;5
-2;325100;;;BANANAS;SEASHELLS;4992.0;1
-2;325100;;;PEARLS;SEASHELLS;9996.0;1
-2;325500;;;BANANAS;SEASHELLS;4993.0;1
-2;325500;;;BANANAS;SEASHELLS;4993.0;4
-2;325900;;;BANANAS;SEASHELLS;4998.0;2
-2;326000;;;PEARLS;SEASHELLS;9996.0;2
-2;326200;;;BANANAS;SEASHELLS;4991.0;1
-2;326300;;;BANANAS;SEASHELLS;4991.0;1
-2;326400;;;BANANAS;SEASHELLS;4996.0;1
-2;326600;;;BANANAS;SEASHELLS;4992.0;3
-2;326600;;;BANANAS;SEASHELLS;4992.0;1
-2;326900;;;PEARLS;SEASHELLS;10002.0;1
-2;326900;;;BANANAS;SEASHELLS;4992.0;1
-2;327100;;;PEARLS;SEASHELLS;10002.0;2
-2;327400;;;BANANAS;SEASHELLS;4995.0;8
-2;327500;;;BANANAS;SEASHELLS;4995.0;8
-2;327500;;;BANANAS;SEASHELLS;4995.0;9
-2;327700;;;BANANAS;SEASHELLS;4991.0;1
-2;327800;;;PEARLS;SEASHELLS;9996.0;1
-2;327800;;;BANANAS;SEASHELLS;4993.0;1
-2;328400;;;BANANAS;SEASHELLS;4991.0;1
-2;328600;;;BANANAS;SEASHELLS;4997.0;1
-2;329000;;;BANANAS;SEASHELLS;4997.0;1
-2;329100;;;PEARLS;SEASHELLS;10005.0;10
-2;329300;;;PEARLS;SEASHELLS;9998.0;1
-2;329700;;;PEARLS;SEASHELLS;9998.0;1
-2;329800;;;PEARLS;SEASHELLS;10004.0;3
-2;329800;;;PEARLS;SEASHELLS;10004.0;1
-2;330400;;;BANANAS;SEASHELLS;4993.0;1
-2;330600;;;PEARLS;SEASHELLS;9998.0;2
-2;330600;;;PEARLS;SEASHELLS;9998.0;3
-2;331000;;;BANANAS;SEASHELLS;4994.0;1
-2;331100;;;PEARLS;SEASHELLS;10002.0;1
-2;331200;;;PEARLS;SEASHELLS;10002.0;1
-2;331300;;;BANANAS;SEASHELLS;4992.0;1
-2;331400;;;PEARLS;SEASHELLS;9998.0;1
-2;331700;;;PEARLS;SEASHELLS;9998.0;1
-2;331800;;;BANANAS;SEASHELLS;4992.0;1
-2;331800;;;PEARLS;SEASHELLS;9998.0;1
-2;331800;;;PEARLS;SEASHELLS;10000.0;1
-2;332000;;;BANANAS;SEASHELLS;4995.0;3
-2;332300;;;BANANAS;SEASHELLS;5000.0;20
-2;332500;;;PEARLS;SEASHELLS;10002.0;1
-2;332800;;;BANANAS;SEASHELLS;5000.0;11
-2;333100;;;PEARLS;SEASHELLS;10004.0;2
-2;333100;;;BANANAS;SEASHELLS;4999.0;2
-2;333300;;;BANANAS;SEASHELLS;4993.0;1
-2;333500;;;PEARLS;SEASHELLS;9995.0;9
-2;333900;;;PEARLS;SEASHELLS;10002.0;2
-2;333900;;;BANANAS;SEASHELLS;4997.0;3
-2;334100;;;BANANAS;SEASHELLS;4993.0;1
-2;334300;;;BANANAS;SEASHELLS;4994.0;1
-2;334500;;;BANANAS;SEASHELLS;4993.0;1
-2;334800;;;BANANAS;SEASHELLS;4996.0;2
-2;335000;;;BANANAS;SEASHELLS;4999.0;1
-2;335200;;;BANANAS;SEASHELLS;4996.0;1
-2;335300;;;PEARLS;SEASHELLS;9998.0;1
-2;335400;;;PEARLS;SEASHELLS;10002.0;1
-2;335400;;;BANANAS;SEASHELLS;4999.0;9
-2;335800;;;PEARLS;SEASHELLS;9998.0;1
-2;336000;;;PEARLS;SEASHELLS;9995.0;8
-2;336200;;;PEARLS;SEASHELLS;9998.0;1
-2;336200;;;BANANAS;SEASHELLS;5003.0;1
-2;336400;;;BANANAS;SEASHELLS;5006.0;1
-2;336500;;;PEARLS;SEASHELLS;9998.0;3
-2;336600;;;BANANAS;SEASHELLS;5000.0;17
-2;336600;;;BANANAS;SEASHELLS;5001.0;2
-2;336600;;;PEARLS;SEASHELLS;9996.0;2
-2;336700;;;BANANAS;SEASHELLS;5000.0;1
-2;336800;;;PEARLS;SEASHELLS;9996.0;1
-2;336800;;;PEARLS;SEASHELLS;9996.0;2
-2;336800;;;PEARLS;SEASHELLS;9998.0;1
-2;337100;;;PEARLS;SEASHELLS;9998.0;1
-2;337200;;;BANANAS;SEASHELLS;5001.0;2
-2;337200;;;PEARLS;SEASHELLS;9998.0;2
-2;337200;;;PEARLS;SEASHELLS;9998.0;2
-2;337400;;;BANANAS;SEASHELLS;5002.0;2
-2;337500;;;PEARLS;SEASHELLS;10002.0;5
-2;337600;;;PEARLS;SEASHELLS;9996.0;1
-2;337600;;;BANANAS;SEASHELLS;5001.0;1
-2;337900;;;BANANAS;SEASHELLS;5000.0;1
-2;338300;;;BANANAS;SEASHELLS;5005.0;1
-2;338300;;;PEARLS;SEASHELLS;10004.0;1
-2;338300;;;BANANAS;SEASHELLS;4999.0;1
-2;338600;;;BANANAS;SEASHELLS;5003.0;1
-2;339000;;;PEARLS;SEASHELLS;9998.0;1
-2;339600;;;BANANAS;SEASHELLS;5002.0;1
-2;339900;;;PEARLS;SEASHELLS;9998.0;1
-2;340100;;;BANANAS;SEASHELLS;5002.0;1
-2;340500;;;BANANAS;SEASHELLS;5002.0;1
-2;340700;;;PEARLS;SEASHELLS;9996.0;2
-2;340700;;;PEARLS;SEASHELLS;9996.0;2
-2;340700;;;PEARLS;SEASHELLS;9996.0;8
-2;341000;;;PEARLS;SEASHELLS;10004.0;2
-2;341200;;;PEARLS;SEASHELLS;9996.0;1
-2;341200;;;PEARLS;SEASHELLS;9996.0;1
-2;341300;;;BANANAS;SEASHELLS;5001.0;1
-2;341300;;;PEARLS;SEASHELLS;10002.0;1
-2;341400;;;PEARLS;SEASHELLS;9998.0;1
-2;341400;;;BANANAS;SEASHELLS;4996.0;1
-2;341900;;;PEARLS;SEASHELLS;9998.0;1
-2;342100;;;BANANAS;SEASHELLS;4996.0;1
-2;342300;;;BANANAS;SEASHELLS;4995.0;1
-2;342900;;;BANANAS;SEASHELLS;4998.0;2
-2;342900;;;BANANAS;SEASHELLS;4998.0;2
-2;342900;;;PEARLS;SEASHELLS;10005.0;2
-2;343500;;;BANANAS;SEASHELLS;4997.0;1
-2;343700;;;BANANAS;SEASHELLS;4997.0;1
-2;343700;;;PEARLS;SEASHELLS;10002.0;1
-2;344100;;;PEARLS;SEASHELLS;10002.0;1
-2;344100;;;BANANAS;SEASHELLS;5000.0;1
-2;344200;;;PEARLS;SEASHELLS;9996.0;2
-2;344300;;;PEARLS;SEASHELLS;10002.0;1
-2;344600;;;BANANAS;SEASHELLS;4996.0;2
-2;344800;;;BANANAS;SEASHELLS;5001.0;1
-2;345000;;;BANANAS;SEASHELLS;4995.0;8
-2;345100;;;BANANAS;SEASHELLS;4995.0;1
-2;345400;;;PEARLS;SEASHELLS;9998.0;1
-2;345500;;;PEARLS;SEASHELLS;9998.0;1
-2;345800;;;PEARLS;SEASHELLS;9996.0;1
-2;345800;;;PEARLS;SEASHELLS;9996.0;5
-2;345900;;;BANANAS;SEASHELLS;4996.0;1
-2;346200;;;PEARLS;SEASHELLS;9996.0;6
-2;346200;;;PEARLS;SEASHELLS;9996.0;1
-2;346400;;;PEARLS;SEASHELLS;10002.0;1
-2;346600;;;PEARLS;SEASHELLS;10004.0;1
-2;347100;;;PEARLS;SEASHELLS;9998.0;1
-2;347300;;;BANANAS;SEASHELLS;4996.0;1
-2;347500;;;BANANAS;SEASHELLS;4999.0;2
-2;347500;;;PEARLS;SEASHELLS;10002.0;2
-2;347800;;;BANANAS;SEASHELLS;4993.0;1
-2;348300;;;BANANAS;SEASHELLS;4994.0;2
-2;348600;;;BANANAS;SEASHELLS;5000.0;11
-2;348800;;;BANANAS;SEASHELLS;4994.0;1
-2;349000;;;BANANAS;SEASHELLS;4993.0;1
-2;349100;;;BANANAS;SEASHELLS;4997.0;1
-2;349200;;;BANANAS;SEASHELLS;4993.0;1
-2;349400;;;PEARLS;SEASHELLS;10004.0;6
-2;349400;;;BANANAS;SEASHELLS;4999.0;1
-2;349400;;;PEARLS;SEASHELLS;10004.0;1
-2;349500;;;BANANAS;SEASHELLS;4999.0;1
-2;349600;;;PEARLS;SEASHELLS;9996.0;1
-2;349600;;;BANANAS;SEASHELLS;4993.0;1
-2;349900;;;BANANAS;SEASHELLS;5000.0;1
-2;350100;;;BANANAS;SEASHELLS;4999.0;12
-2;350400;;;PEARLS;SEASHELLS;10002.0;3
-2;350400;;;PEARLS;SEASHELLS;10002.0;3
-2;350400;;;BANANAS;SEASHELLS;4995.0;1
-2;350700;;;PEARLS;SEASHELLS;9998.0;5
-2;350800;;;BANANAS;SEASHELLS;4994.0;2
-2;350800;;;PEARLS;SEASHELLS;9996.0;2
-2;350800;;;BANANAS;SEASHELLS;4995.0;1
-2;350900;;;PEARLS;SEASHELLS;10002.0;1
-2;351000;;;BANANAS;SEASHELLS;4999.0;1
-2;351000;;;PEARLS;SEASHELLS;9998.0;1
-2;351400;;;BANANAS;SEASHELLS;5001.0;2
-2;351400;;;PEARLS;SEASHELLS;10005.0;2
-2;351500;;;BANANAS;SEASHELLS;4994.0;1
-2;351800;;;BANANAS;SEASHELLS;4999.0;2
-2;351800;;;BANANAS;SEASHELLS;4999.0;7
-2;351800;;;PEARLS;SEASHELLS;10004.0;4
-2;351800;;;PEARLS;SEASHELLS;10002.0;2
-2;351800;;;PEARLS;SEASHELLS;10004.0;2
-2;352200;;;PEARLS;SEASHELLS;10002.0;1
-2;352800;;;BANANAS;SEASHELLS;4992.0;1
-2;352900;;;BANANAS;SEASHELLS;4997.0;1
-2;353100;;;BANANAS;SEASHELLS;4992.0;1
-2;353100;;;PEARLS;SEASHELLS;9996.0;1
-2;353200;;;PEARLS;SEASHELLS;10002.0;1
-2;353200;;;PEARLS;SEASHELLS;10002.0;0
-2;353200;;;BANANAS;SEASHELLS;4992.0;20
-2;353200;;;PEARLS;SEASHELLS;10002.0;6
-2;353200;;;PEARLS;SEASHELLS;10002.0;1
-2;353600;;;PEARLS;SEASHELLS;9995.0;2
-2;353600;;;BANANAS;SEASHELLS;4993.0;2
-2;354100;;;BANANAS;SEASHELLS;4998.0;12
-2;354200;;;BANANAS;SEASHELLS;4997.0;1
-2;354200;;;PEARLS;SEASHELLS;10000.0;1
-2;354300;;;BANANAS;SEASHELLS;4998.0;1
-2;354300;;;PEARLS;SEASHELLS;10002.0;3
-2;354700;;;BANANAS;SEASHELLS;4998.0;1
-2;354800;;;BANANAS;SEASHELLS;4994.0;3
-2;355100;;;BANANAS;SEASHELLS;4992.0;2
-2;355100;;;PEARLS;SEASHELLS;9996.0;1
-2;355300;;;BANANAS;SEASHELLS;4997.0;1
-2;355500;;;PEARLS;SEASHELLS;9998.0;1
-2;356100;;;BANANAS;SEASHELLS;4993.0;1
-2;356600;;;PEARLS;SEASHELLS;10004.0;1
-2;356600;;;PEARLS;SEASHELLS;10002.0;1
-2;356600;;;PEARLS;SEASHELLS;10004.0;11
-2;357200;;;BANANAS;SEASHELLS;4990.0;1
-2;357500;;;PEARLS;SEASHELLS;9995.0;5
-2;358000;;;PEARLS;SEASHELLS;9996.0;2
-2;358300;;;BANANAS;SEASHELLS;4988.0;1
-2;358400;;;PEARLS;SEASHELLS;10002.0;7
-2;358500;;;BANANAS;SEASHELLS;4987.0;1
-2;358600;;;PEARLS;SEASHELLS;10002.0;1
-2;358600;;;BANANAS;SEASHELLS;4986.0;1
-2;359200;;;BANANAS;SEASHELLS;4991.0;1
-2;359200;;;BANANAS;SEASHELLS;4991.0;2
-2;359200;;;BANANAS;SEASHELLS;4991.0;0
-2;359200;;;BANANAS;SEASHELLS;4991.0;6
-2;359300;;;PEARLS;SEASHELLS;9995.0;6
-2;359400;;;BANANAS;SEASHELLS;4993.0;8
-2;359600;;;PEARLS;SEASHELLS;10002.0;1
-2;359800;;;BANANAS;SEASHELLS;4987.0;1
-2;359900;;;BANANAS;SEASHELLS;4986.0;1
-2;359900;;;PEARLS;SEASHELLS;9996.0;1
-2;360000;;;PEARLS;SEASHELLS;9998.0;1
-2;360400;;;PEARLS;SEASHELLS;10002.0;1
-2;360600;;;BANANAS;SEASHELLS;4990.0;1
-2;360700;;;BANANAS;SEASHELLS;4990.0;4
-2;360800;;;BANANAS;SEASHELLS;4991.0;8
-2;360900;;;PEARLS;SEASHELLS;9998.0;4
-2;361300;;;PEARLS;SEASHELLS;9996.0;1
-2;361300;;;PEARLS;SEASHELLS;9996.0;1
-2;361300;;;BANANAS;SEASHELLS;4985.0;2
-2;361700;;;BANANAS;SEASHELLS;4990.0;1
-2;362200;;;BANANAS;SEASHELLS;4985.0;2
-2;362500;;;PEARLS;SEASHELLS;10002.0;1
-2;362700;;;PEARLS;SEASHELLS;10002.0;1
-2;362800;;;PEARLS;SEASHELLS;10002.0;5
-2;362900;;;BANANAS;SEASHELLS;4991.0;1
-2;363200;;;PEARLS;SEASHELLS;10004.0;1
-2;363200;;;PEARLS;SEASHELLS;10004.0;1
-2;363300;;;BANANAS;SEASHELLS;4990.0;1
-2;364000;;;PEARLS;SEASHELLS;10002.0;1
-2;364100;;;BANANAS;SEASHELLS;4990.0;1
-2;364600;;;BANANAS;SEASHELLS;4990.0;1
-2;365000;;;BANANAS;SEASHELLS;4986.0;1
-2;365300;;;PEARLS;SEASHELLS;9998.0;5
-2;365300;;;BANANAS;SEASHELLS;4992.0;12
-2;365300;;;BANANAS;SEASHELLS;4991.0;1
-2;365300;;;PEARLS;SEASHELLS;9998.0;1
-2;365500;;;BANANAS;SEASHELLS;4992.0;13
-2;365900;;;BANANAS;SEASHELLS;4992.0;1
-2;365900;;;PEARLS;SEASHELLS;9998.0;5
-2;366100;;;PEARLS;SEASHELLS;9998.0;1
-2;366500;;;PEARLS;SEASHELLS;10002.0;1
-2;366700;;;BANANAS;SEASHELLS;4986.0;1
-2;367000;;;BANANAS;SEASHELLS;4987.0;1
-2;367100;;;BANANAS;SEASHELLS;4987.0;1
-2;367100;;;BANANAS;SEASHELLS;4993.0;16
-2;367200;;;PEARLS;SEASHELLS;10002.0;1
-2;367300;;;BANANAS;SEASHELLS;4986.0;1
-2;367900;;;BANANAS;SEASHELLS;4988.0;1
-2;368000;;;BANANAS;SEASHELLS;4993.0;2
-2;368000;;;PEARLS;SEASHELLS;10005.0;2
-2;368100;;;BANANAS;SEASHELLS;4991.0;1
-2;368100;;;PEARLS;SEASHELLS;10004.0;1
-2;368100;;;PEARLS;SEASHELLS;10002.0;1
-2;368300;;;BANANAS;SEASHELLS;4988.0;3
-2;368700;;;BANANAS;SEASHELLS;4986.0;1
-2;368700;;;PEARLS;SEASHELLS;9998.0;2
-2;368800;;;BANANAS;SEASHELLS;4993.0;1
-2;368800;;;PEARLS;SEASHELLS;10004.0;1
-2;369100;;;PEARLS;SEASHELLS;10004.0;1
-2;369100;;;BANANAS;SEASHELLS;4992.0;1
-2;369300;;;BANANAS;SEASHELLS;4986.0;1
-2;369400;;;BANANAS;SEASHELLS;4986.0;6
-2;369400;;;BANANAS;SEASHELLS;4986.0;2
-2;369700;;;PEARLS;SEASHELLS;10002.0;4
-2;369900;;;BANANAS;SEASHELLS;4991.0;1
-2;370300;;;BANANAS;SEASHELLS;4985.0;13
-2;370600;;;BANANAS;SEASHELLS;4990.0;1
-2;370700;;;PEARLS;SEASHELLS;10002.0;1
-2;370800;;;PEARLS;SEASHELLS;9998.0;1
-2;370900;;;BANANAS;SEASHELLS;4986.0;1
-2;370900;;;PEARLS;SEASHELLS;9996.0;1
-2;370900;;;PEARLS;SEASHELLS;9996.0;1
-2;370900;;;BANANAS;SEASHELLS;4986.0;2
-2;371200;;;PEARLS;SEASHELLS;9998.0;1
-2;371300;;;BANANAS;SEASHELLS;4991.0;1
-2;371400;;;PEARLS;SEASHELLS;9998.0;5
-2;371900;;;PEARLS;SEASHELLS;9998.0;1
-2;372200;;;PEARLS;SEASHELLS;10002.0;5
-2;372600;;;BANANAS;SEASHELLS;4985.0;1
-2;372700;;;BANANAS;SEASHELLS;4992.0;2
-2;372700;;;PEARLS;SEASHELLS;10004.0;2
-2;372900;;;BANANAS;SEASHELLS;4985.0;1
-2;373500;;;BANANAS;SEASHELLS;4984.0;1
-2;373500;;;PEARLS;SEASHELLS;9995.0;1
-2;373800;;;BANANAS;SEASHELLS;4990.0;1
-2;374000;;;PEARLS;SEASHELLS;10002.0;4
-2;374300;;;PEARLS;SEASHELLS;9998.0;1
-2;374300;;;BANANAS;SEASHELLS;4985.0;1
-2;374500;;;BANANAS;SEASHELLS;4984.0;20
-2;374600;;;PEARLS;SEASHELLS;9998.0;1
-2;374700;;;BANANAS;SEASHELLS;4985.0;5
-2;375200;;;BANANAS;SEASHELLS;4984.0;1
-2;375300;;;PEARLS;SEASHELLS;9996.0;1
-2;375400;;;PEARLS;SEASHELLS;10004.0;1
-2;375400;;;BANANAS;SEASHELLS;4984.0;16
-2;375500;;;BANANAS;SEASHELLS;4984.0;1
-2;375900;;;BANANAS;SEASHELLS;4989.0;1
-2;375900;;;PEARLS;SEASHELLS;10002.0;2
-2;376000;;;BANANAS;SEASHELLS;4990.0;1
-2;376100;;;BANANAS;SEASHELLS;4990.0;1
-2;376100;;;PEARLS;SEASHELLS;10002.0;5
-2;376300;;;BANANAS;SEASHELLS;4990.0;2
-2;376300;;;PEARLS;SEASHELLS;10004.0;2
-2;376900;;;BANANAS;SEASHELLS;4988.0;1
-2;376900;;;BANANAS;SEASHELLS;4988.0;11
-2;377400;;;PEARLS;SEASHELLS;9996.0;2
-2;378000;;;BANANAS;SEASHELLS;4984.0;1
-2;378300;;;PEARLS;SEASHELLS;9998.0;1
-2;378700;;;PEARLS;SEASHELLS;10002.0;4
-2;379200;;;BANANAS;SEASHELLS;4982.0;1
-2;379300;;;BANANAS;SEASHELLS;4982.0;1
-2;379400;;;BANANAS;SEASHELLS;4982.0;1
-2;379600;;;BANANAS;SEASHELLS;4987.0;1
-2;379700;;;PEARLS;SEASHELLS;9996.0;1
-2;379700;;;BANANAS;SEASHELLS;4981.0;2
-2;379800;;;PEARLS;SEASHELLS;10002.0;1
-2;379800;;;BANANAS;SEASHELLS;4985.0;1
-2;380400;;;BANANAS;SEASHELLS;4980.0;1
-2;380700;;;BANANAS;SEASHELLS;4985.0;1
-2;381000;;;PEARLS;SEASHELLS;10004.0;2
-2;381000;;;BANANAS;SEASHELLS;4980.0;2
-2;381200;;;PEARLS;SEASHELLS;10004.0;1
-2;381200;;;BANANAS;SEASHELLS;4985.0;1
-2;381200;;;BANANAS;SEASHELLS;4985.0;1
-2;381200;;;PEARLS;SEASHELLS;10002.0;1
-2;381200;;;PEARLS;SEASHELLS;10004.0;1
-2;381500;;;BANANAS;SEASHELLS;4984.0;1
-2;381700;;;PEARLS;SEASHELLS;10002.0;1
-2;382100;;;BANANAS;SEASHELLS;4986.0;10
-2;382200;;;BANANAS;SEASHELLS;4983.0;1
-2;382500;;;BANANAS;SEASHELLS;4977.0;1
-2;382600;;;BANANAS;SEASHELLS;4978.0;1
-2;383200;;;BANANAS;SEASHELLS;4983.0;3
-2;383200;;;BANANAS;SEASHELLS;4983.0;1
-2;383300;;;PEARLS;SEASHELLS;10002.0;1
-2;383300;;;BANANAS;SEASHELLS;4984.0;1
-2;383600;;;PEARLS;SEASHELLS;9996.0;1
-2;383600;;;BANANAS;SEASHELLS;4980.0;1
-2;383800;;;BANANAS;SEASHELLS;4981.0;1
-2;384000;;;PEARLS;SEASHELLS;9996.0;2
-2;384100;;;PEARLS;SEASHELLS;9998.0;3
-2;384200;;;BANANAS;SEASHELLS;4982.0;2
-2;384200;;;PEARLS;SEASHELLS;9996.0;1
-2;384400;;;BANANAS;SEASHELLS;4984.0;2
-2;384500;;;PEARLS;SEASHELLS;10002.0;1
-2;384500;;;BANANAS;SEASHELLS;4987.0;1
-2;384600;;;PEARLS;SEASHELLS;9998.0;1
-2;385400;;;BANANAS;SEASHELLS;4983.0;1
-2;386000;;;PEARLS;SEASHELLS;9998.0;1
-2;386000;;;BANANAS;SEASHELLS;4988.0;1
-2;386500;;;BANANAS;SEASHELLS;4987.0;1
-2;386500;;;PEARLS;SEASHELLS;10002.0;1
-2;386500;;;PEARLS;SEASHELLS;10002.0;3
-2;386600;;;PEARLS;SEASHELLS;9996.0;1
-2;386600;;;BANANAS;SEASHELLS;4982.0;1
-2;387000;;;BANANAS;SEASHELLS;4985.0;3
-2;387300;;;BANANAS;SEASHELLS;4980.0;10
-2;387600;;;BANANAS;SEASHELLS;4981.0;1
-2;387600;;;PEARLS;SEASHELLS;9998.0;1
-2;387700;;;PEARLS;SEASHELLS;9995.0;2
-2;387700;;;BANANAS;SEASHELLS;4981.0;2
-2;387700;;;BANANAS;SEASHELLS;4986.0;1
-2;387900;;;BANANAS;SEASHELLS;4987.0;1
-2;387900;;;PEARLS;SEASHELLS;10005.0;1
-2;389000;;;PEARLS;SEASHELLS;9996.0;2
-2;389000;;;BANANAS;SEASHELLS;4982.0;2
-2;389500;;;BANANAS;SEASHELLS;4981.0;1
-2;389700;;;PEARLS;SEASHELLS;9998.0;1
-2;389800;;;PEARLS;SEASHELLS;9996.0;1
-2;390100;;;BANANAS;SEASHELLS;4987.0;1
-2;390200;;;BANANAS;SEASHELLS;4983.0;1
-2;390400;;;BANANAS;SEASHELLS;4982.0;1
-2;390400;;;BANANAS;SEASHELLS;4982.0;20
-2;390400;;;BANANAS;SEASHELLS;0.0;2
-2;390400;;;PEARLS;SEASHELLS;10002.0;1
-2;390500;;;BANANAS;SEASHELLS;4988.0;1
-2;390700;;;PEARLS;SEASHELLS;10002.0;1
-2;391000;;;BANANAS;SEASHELLS;4988.0;1
-2;391100;;;PEARLS;SEASHELLS;9996.0;2
-2;391100;;;BANANAS;SEASHELLS;4983.0;15
-2;392000;;;BANANAS;SEASHELLS;4984.0;2
-2;392000;;;BANANAS;SEASHELLS;4987.0;1
-2;392100;;;BANANAS;SEASHELLS;4982.0;1
-2;392300;;;PEARLS;SEASHELLS;10005.0;2
-2;392500;;;BANANAS;SEASHELLS;4989.0;8
-2;393000;;;PEARLS;SEASHELLS;9998.0;1
-2;393100;;;PEARLS;SEASHELLS;9998.0;1
-2;393300;;;PEARLS;SEASHELLS;10000.0;1
-2;393300;;;PEARLS;SEASHELLS;9998.0;1
-2;393300;;;BANANAS;SEASHELLS;4980.0;1
-2;393600;;;PEARLS;SEASHELLS;9998.0;1
-2;393800;;;BANANAS;SEASHELLS;4985.0;1
-2;394100;;;BANANAS;SEASHELLS;4986.0;2
-2;394200;;;BANANAS;SEASHELLS;4980.0;18
-2;394500;;;PEARLS;SEASHELLS;9996.0;1
-2;394500;;;BANANAS;SEASHELLS;4979.0;1
-2;394700;;;PEARLS;SEASHELLS;10004.0;1
-2;394700;;;BANANAS;SEASHELLS;4986.0;1
-2;394900;;;PEARLS;SEASHELLS;9998.0;1
-2;396300;;;BANANAS;SEASHELLS;4986.0;7
-2;396600;;;BANANAS;SEASHELLS;4985.0;1
-2;396700;;;BANANAS;SEASHELLS;4980.0;2
-2;396700;;;PEARLS;SEASHELLS;9996.0;2
-2;396800;;;PEARLS;SEASHELLS;10002.0;2
-2;396900;;;BANANAS;SEASHELLS;4984.0;4
-2;397000;;;BANANAS;SEASHELLS;4985.0;1
-2;397100;;;BANANAS;SEASHELLS;4979.0;1
-2;397100;;;BANANAS;SEASHELLS;4979.0;6
-2;397200;;;BANANAS;SEASHELLS;4978.0;1
-2;397200;;;BANANAS;SEASHELLS;4978.0;10
-2;397600;;;BANANAS;SEASHELLS;4978.0;5
-2;397700;;;PEARLS;SEASHELLS;10002.0;1
-2;398000;;;BANANAS;SEASHELLS;4982.0;1
-2;398200;;;BANANAS;SEASHELLS;4984.0;12
-2;398300;;;BANANAS;SEASHELLS;4978.0;1
-2;398500;;;BANANAS;SEASHELLS;4983.0;1
-2;398800;;;BANANAS;SEASHELLS;4978.0;1
-2;399200;;;PEARLS;SEASHELLS;10002.0;3
-2;400000;;;BANANAS;SEASHELLS;4984.0;12
-2;400200;;;BANANAS;SEASHELLS;4978.0;1
-2;400400;;;PEARLS;SEASHELLS;9996.0;1
-2;400400;;;BANANAS;SEASHELLS;4980.0;1
-2;400500;;;PEARLS;SEASHELLS;9998.0;1
-2;400600;;;PEARLS;SEASHELLS;10004.0;1
-2;400600;;;BANANAS;SEASHELLS;4986.0;2
-2;400600;;;PEARLS;SEASHELLS;10004.0;1
-2;400800;;;PEARLS;SEASHELLS;10002.0;5
-2;400800;;;BANANAS;SEASHELLS;4979.0;1
-2;401500;;;PEARLS;SEASHELLS;9998.0;3
-2;401500;;;PEARLS;SEASHELLS;9998.0;8
-2;401600;;;PEARLS;SEASHELLS;9998.0;1
-2;401600;;;BANANAS;SEASHELLS;4987.0;9
-2;402400;;;PEARLS;SEASHELLS;9996.0;2
-2;402500;;;BANANAS;SEASHELLS;4987.0;1
-2;402600;;;BANANAS;SEASHELLS;4982.0;1
-2;402800;;;PEARLS;SEASHELLS;9998.0;1
-2;402900;;;BANANAS;SEASHELLS;4989.0;2
-2;402900;;;BANANAS;SEASHELLS;4989.0;19
-2;402900;;;BANANAS;SEASHELLS;4989.0;6
-2;403200;;;PEARLS;SEASHELLS;10002.0;1
-2;403800;;;BANANAS;SEASHELLS;4982.0;1
-2;403800;;;PEARLS;SEASHELLS;9998.0;1
-2;403900;;;BANANAS;SEASHELLS;4986.0;1
-2;404200;;;PEARLS;SEASHELLS;10002.0;3
-2;404900;;;PEARLS;SEASHELLS;9998.0;2
-2;404900;;;BANANAS;SEASHELLS;4981.0;2
-2;405100;;;BANANAS;SEASHELLS;4980.0;1
-2;405200;;;PEARLS;SEASHELLS;9998.0;3
-2;405900;;;PEARLS;SEASHELLS;9998.0;1
-2;406200;;;PEARLS;SEASHELLS;10002.0;3
-2;406600;;;BANANAS;SEASHELLS;4985.0;2
-2;407500;;;PEARLS;SEASHELLS;9995.0;1
-2;407500;;;PEARLS;SEASHELLS;9998.0;5
-2;407500;;;PEARLS;SEASHELLS;9998.0;1
-2;407500;;;BANANAS;SEASHELLS;4987.0;1
-2;407500;;;BANANAS;SEASHELLS;4986.0;1
-2;407900;;;PEARLS;SEASHELLS;9998.0;1
-2;407900;;;BANANAS;SEASHELLS;4987.0;1
-2;408600;;;PEARLS;SEASHELLS;10002.0;1
-2;409100;;;PEARLS;SEASHELLS;9998.0;1
-2;409200;;;PEARLS;SEASHELLS;9998.0;1
-2;409200;;;BANANAS;SEASHELLS;4983.0;1
-2;410200;;;PEARLS;SEASHELLS;9998.0;1
-2;410600;;;PEARLS;SEASHELLS;10004.0;2
-2;410600;;;PEARLS;SEASHELLS;10004.0;9
-2;410700;;;PEARLS;SEASHELLS;9998.0;1
-2;410800;;;BANANAS;SEASHELLS;4983.0;1
-2;411000;;;BANANAS;SEASHELLS;4984.0;1
-2;411900;;;PEARLS;SEASHELLS;9998.0;1
-2;412000;;;PEARLS;SEASHELLS;10002.0;3
-2;412000;;;PEARLS;SEASHELLS;10002.0;1
-2;412100;;;PEARLS;SEASHELLS;9998.0;1
-2;412600;;;PEARLS;SEASHELLS;9996.0;2
-2;412900;;;PEARLS;SEASHELLS;10004.0;1
-2;413000;;;PEARLS;SEASHELLS;10002.0;5
-2;413100;;;PEARLS;SEASHELLS;10002.0;1
-2;413100;;;PEARLS;SEASHELLS;9995.0;2
-2;413100;;;BANANAS;SEASHELLS;4982.0;2
-2;413300;;;PEARLS;SEASHELLS;10002.0;1
-2;413600;;;BANANAS;SEASHELLS;4982.0;1
-2;413600;;;PEARLS;SEASHELLS;10002.0;2
-2;414000;;;PEARLS;SEASHELLS;10005.0;1
-2;414000;;;PEARLS;SEASHELLS;9998.0;1
-2;414000;;;PEARLS;SEASHELLS;10004.0;2
-2;414000;;;PEARLS;SEASHELLS;10004.0;5
-2;414000;;;BANANAS;SEASHELLS;4987.0;1
-2;414400;;;BANANAS;SEASHELLS;4980.0;1
-2;414900;;;BANANAS;SEASHELLS;4987.0;8
-2;415100;;;BANANAS;SEASHELLS;4986.0;1
-2;415100;;;PEARLS;SEASHELLS;10002.0;3
-2;415100;;;PEARLS;SEASHELLS;10002.0;8
-2;415800;;;PEARLS;SEASHELLS;9995.0;6
-2;416100;;;PEARLS;SEASHELLS;9998.0;3
-2;416100;;;PEARLS;SEASHELLS;9998.0;2
-2;416800;;;BANANAS;SEASHELLS;4989.0;1
-2;416800;;;PEARLS;SEASHELLS;10004.0;1
-2;417200;;;BANANAS;SEASHELLS;4982.0;10
-2;417800;;;PEARLS;SEASHELLS;9998.0;1
-2;417800;;;BANANAS;SEASHELLS;4981.0;1
-2;417800;;;PEARLS;SEASHELLS;9996.0;1
-2;417900;;;PEARLS;SEASHELLS;9998.0;1
-2;418100;;;BANANAS;SEASHELLS;4981.0;1
-2;418200;;;BANANAS;SEASHELLS;4981.0;1
-2;418200;;;BANANAS;SEASHELLS;4985.0;2
-2;418300;;;BANANAS;SEASHELLS;4981.0;1
-2;418300;;;PEARLS;SEASHELLS;10002.0;1
-2;418500;;;PEARLS;SEASHELLS;9998.0;1
-2;418700;;;BANANAS;SEASHELLS;4987.0;2
-2;418700;;;BANANAS;SEASHELLS;4984.0;6
-2;418800;;;BANANAS;SEASHELLS;4988.0;1
-2;419000;;;BANANAS;SEASHELLS;4987.0;1
-2;419400;;;BANANAS;SEASHELLS;4985.0;3
-2;420100;;;BANANAS;SEASHELLS;4989.0;1
-2;420100;;;PEARLS;SEASHELLS;10002.0;1
-2;420200;;;PEARLS;SEASHELLS;10005.0;11
-2;420300;;;PEARLS;SEASHELLS;10002.0;4
-2;420500;;;BANANAS;SEASHELLS;4989.0;1
-2;420600;;;BANANAS;SEASHELLS;4984.0;1
-2;420600;;;PEARLS;SEASHELLS;9996.0;1
-2;421200;;;PEARLS;SEASHELLS;10002.0;1
-2;421500;;;PEARLS;SEASHELLS;9998.0;1
-2;421600;;;BANANAS;SEASHELLS;4990.0;1
-2;421700;;;BANANAS;SEASHELLS;4988.0;3
-2;421800;;;BANANAS;SEASHELLS;4984.0;1
-2;421900;;;PEARLS;SEASHELLS;10002.0;1
-2;422000;;;BANANAS;SEASHELLS;4985.0;1
-2;422100;;;BANANAS;SEASHELLS;4991.0;3
-2;422200;;;BANANAS;SEASHELLS;4985.0;1
-2;422500;;;BANANAS;SEASHELLS;4986.0;2
-2;423200;;;BANANAS;SEASHELLS;4992.0;1
-2;423900;;;BANANAS;SEASHELLS;4994.0;9
-2;424000;;;PEARLS;SEASHELLS;9998.0;5
-2;424300;;;BANANAS;SEASHELLS;4987.0;1
-2;424400;;;PEARLS;SEASHELLS;9998.0;1
-2;424400;;;PEARLS;SEASHELLS;9998.0;9
-2;424600;;;PEARLS;SEASHELLS;10004.0;1
-2;424600;;;BANANAS;SEASHELLS;4992.0;1
-2;424600;;;PEARLS;SEASHELLS;10002.0;1
-2;424700;;;PEARLS;SEASHELLS;10002.0;1
-2;425000;;;PEARLS;SEASHELLS;9996.0;1
-2;425000;;;BANANAS;SEASHELLS;4991.0;1
-2;425000;;;BANANAS;SEASHELLS;4991.0;1
-2;425100;;;BANANAS;SEASHELLS;4991.0;1
-2;425600;;;BANANAS;SEASHELLS;4986.0;2
-2;425600;;;PEARLS;SEASHELLS;10002.0;1
-2;425600;;;PEARLS;SEASHELLS;9995.0;2
-2;425900;;;BANANAS;SEASHELLS;4986.0;1
-2;426300;;;PEARLS;SEASHELLS;9998.0;1
-2;426400;;;PEARLS;SEASHELLS;10002.0;5
-2;426800;;;BANANAS;SEASHELLS;4987.0;1
-2;426800;;;PEARLS;SEASHELLS;9998.0;1
-2;427200;;;PEARLS;SEASHELLS;10002.0;1
-2;427700;;;BANANAS;SEASHELLS;4992.0;9
-2;427700;;;PEARLS;SEASHELLS;9998.0;1
-2;427800;;;PEARLS;SEASHELLS;9996.0;2
-2;427800;;;BANANAS;SEASHELLS;4986.0;2
-2;428100;;;BANANAS;SEASHELLS;4992.0;2
-2;428100;;;PEARLS;SEASHELLS;10004.0;1
-2;428200;;;BANANAS;SEASHELLS;4985.0;1
-2;428300;;;BANANAS;SEASHELLS;4985.0;1
-2;428400;;;BANANAS;SEASHELLS;4985.0;1
-2;428700;;;PEARLS;SEASHELLS;9995.0;11
-2;428900;;;BANANAS;SEASHELLS;4989.0;1
-2;429100;;;PEARLS;SEASHELLS;10002.0;1
-2;429300;;;BANANAS;SEASHELLS;4989.0;1
-2;429800;;;PEARLS;SEASHELLS;9998.0;1
-2;429900;;;BANANAS;SEASHELLS;4987.0;3
-2;430100;;;PEARLS;SEASHELLS;10005.0;3
-2;430300;;;BANANAS;SEASHELLS;4984.0;4
-2;430500;;;PEARLS;SEASHELLS;10002.0;1
-2;431000;;;BANANAS;SEASHELLS;4982.0;1
-2;431100;;;PEARLS;SEASHELLS;10002.0;1
-2;431100;;;PEARLS;SEASHELLS;9998.0;5
-2;431500;;;BANANAS;SEASHELLS;4982.0;1
-2;431900;;;BANANAS;SEASHELLS;4981.0;1
-2;432200;;;BANANAS;SEASHELLS;4982.0;1
-2;432200;;;BANANAS;SEASHELLS;4982.0;12
-2;432300;;;PEARLS;SEASHELLS;10002.0;1
-2;432400;;;BANANAS;SEASHELLS;4983.0;1
-2;432600;;;BANANAS;SEASHELLS;4981.0;14
-2;432700;;;PEARLS;SEASHELLS;9998.0;1
-2;432800;;;PEARLS;SEASHELLS;9998.0;1
-2;432800;;;PEARLS;SEASHELLS;9998.0;1
-2;433100;;;PEARLS;SEASHELLS;10002.0;1
-2;433200;;;BANANAS;SEASHELLS;4987.0;1
-2;433300;;;PEARLS;SEASHELLS;9998.0;1
-2;433400;;;BANANAS;SEASHELLS;4988.0;1
-2;433500;;;PEARLS;SEASHELLS;10002.0;1
-2;433900;;;BANANAS;SEASHELLS;4983.0;5
-2;434000;;;PEARLS;SEASHELLS;9998.0;8
-2;434200;;;BANANAS;SEASHELLS;4983.0;1
-2;434200;;;BANANAS;SEASHELLS;4988.0;11
-2;434500;;;BANANAS;SEASHELLS;4988.0;1
-2;434800;;;BANANAS;SEASHELLS;4985.0;5
-2;434800;;;PEARLS;SEASHELLS;10002.0;1
-2;435200;;;BANANAS;SEASHELLS;4988.0;1
-2;435400;;;PEARLS;SEASHELLS;9995.0;6
-2;435700;;;BANANAS;SEASHELLS;4983.0;3
-2;436300;;;BANANAS;SEASHELLS;4986.0;1
-2;436400;;;BANANAS;SEASHELLS;4986.0;1
-2;436600;;;BANANAS;SEASHELLS;4981.0;1
-2;437200;;;BANANAS;SEASHELLS;4985.0;1
-2;437200;;;PEARLS;SEASHELLS;10004.0;1
-2;437400;;;PEARLS;SEASHELLS;9998.0;2
-2;437900;;;BANANAS;SEASHELLS;4980.0;1
-2;438400;;;BANANAS;SEASHELLS;4987.0;1
-2;438400;;;PEARLS;SEASHELLS;10004.0;1
-2;438800;;;PEARLS;SEASHELLS;10002.0;1
-2;439200;;;BANANAS;SEASHELLS;4988.0;11
-2;439200;;;BANANAS;SEASHELLS;4988.0;1
-2;439300;;;PEARLS;SEASHELLS;9996.0;1
-2;439300;;;BANANAS;SEASHELLS;4982.0;1
-2;439400;;;BANANAS;SEASHELLS;4982.0;1
-2;439500;;;BANANAS;SEASHELLS;4983.0;2
-2;439700;;;PEARLS;SEASHELLS;10002.0;1
-2;439800;;;PEARLS;SEASHELLS;9996.0;1
-2;439800;;;PEARLS;SEASHELLS;9996.0;7
-2;439900;;;PEARLS;SEASHELLS;10002.0;2
-2;440100;;;BANANAS;SEASHELLS;4988.0;1
-2;440300;;;PEARLS;SEASHELLS;10004.0;1
-2;440300;;;BANANAS;SEASHELLS;4987.0;1
-2;440300;;;PEARLS;SEASHELLS;10004.0;4
-2;440600;;;BANANAS;SEASHELLS;4982.0;1
-2;440700;;;BANANAS;SEASHELLS;4987.0;1
-2;440700;;;PEARLS;SEASHELLS;9996.0;2
-2;440900;;;BANANAS;SEASHELLS;4982.0;1
-2;441200;;;BANANAS;SEASHELLS;4983.0;2
-2;441200;;;PEARLS;SEASHELLS;10002.0;1
-2;441200;;;PEARLS;SEASHELLS;10002.0;1
-2;441300;;;BANANAS;SEASHELLS;4990.0;2
-2;441700;;;BANANAS;SEASHELLS;4983.0;4
-2;441700;;;BANANAS;SEASHELLS;4983.0;6
-2;441700;;;BANANAS;SEASHELLS;4983.0;2
-2;441900;;;BANANAS;SEASHELLS;4987.0;3
-2;442100;;;PEARLS;SEASHELLS;10004.0;2
-2;442100;;;BANANAS;SEASHELLS;4983.0;1
-2;442100;;;PEARLS;SEASHELLS;10004.0;3
-2;442100;;;PEARLS;SEASHELLS;10004.0;1
-2;442300;;;BANANAS;SEASHELLS;4987.0;1
-2;442300;;;PEARLS;SEASHELLS;10002.0;1
-2;442400;;;BANANAS;SEASHELLS;4982.0;1
-2;442500;;;PEARLS;SEASHELLS;9998.0;1
-2;442900;;;PEARLS;SEASHELLS;9998.0;1
-2;443000;;;PEARLS;SEASHELLS;10004.0;2
-2;443100;;;PEARLS;SEASHELLS;10002.0;1
-2;443300;;;PEARLS;SEASHELLS;10002.0;3
-2;443500;;;PEARLS;SEASHELLS;10002.0;1
-2;443500;;;BANANAS;SEASHELLS;4983.0;1
-2;444000;;;BANANAS;SEASHELLS;4986.0;1
-2;444100;;;BANANAS;SEASHELLS;4981.0;2
-2;444100;;;PEARLS;SEASHELLS;9996.0;1
-2;444100;;;PEARLS;SEASHELLS;9998.0;1
-2;444100;;;PEARLS;SEASHELLS;9996.0;1
-2;444200;;;PEARLS;SEASHELLS;9998.0;1
-2;444300;;;BANANAS;SEASHELLS;4987.0;2
-2;444400;;;PEARLS;SEASHELLS;10002.0;1
-2;444400;;;BANANAS;SEASHELLS;4981.0;1
-2;444500;;;BANANAS;SEASHELLS;4981.0;1
-2;444500;;;PEARLS;SEASHELLS;9998.0;1
-2;444700;;;PEARLS;SEASHELLS;9998.0;1
-2;444800;;;BANANAS;SEASHELLS;4981.0;7
-2;444900;;;BANANAS;SEASHELLS;4981.0;1
-2;444900;;;PEARLS;SEASHELLS;9998.0;1
-2;445100;;;BANANAS;SEASHELLS;4982.0;2
-2;445300;;;PEARLS;SEASHELLS;9998.0;1
-2;445400;;;BANANAS;SEASHELLS;4981.0;12
-2;445400;;;BANANAS;SEASHELLS;4986.0;1
-2;445600;;;PEARLS;SEASHELLS;9998.0;1
-2;446600;;;PEARLS;SEASHELLS;9998.0;1
-2;447000;;;PEARLS;SEASHELLS;10002.0;1
-2;447400;;;BANANAS;SEASHELLS;4988.0;5
-2;447400;;;PEARLS;SEASHELLS;10002.0;4
-2;447400;;;BANANAS;SEASHELLS;4981.0;1
-2;447700;;;BANANAS;SEASHELLS;4987.0;1
-2;448300;;;BANANAS;SEASHELLS;4986.0;1
-2;448500;;;PEARLS;SEASHELLS;10005.0;2
-2;448500;;;BANANAS;SEASHELLS;4987.0;2
-2;448700;;;PEARLS;SEASHELLS;10002.0;1
-2;448800;;;PEARLS;SEASHELLS;10002.0;5
-2;448800;;;PEARLS;SEASHELLS;10002.0;1
-2;448900;;;BANANAS;SEASHELLS;4981.0;1
-2;449400;;;PEARLS;SEASHELLS;10002.0;3
-2;449400;;;PEARLS;SEASHELLS;10002.0;1
-2;450000;;;BANANAS;SEASHELLS;4984.0;2
-2;450000;;;BANANAS;SEASHELLS;4984.0;1
-2;450100;;;PEARLS;SEASHELLS;9995.0;2
-2;450100;;;BANANAS;SEASHELLS;4983.0;2
-2;450400;;;BANANAS;SEASHELLS;4987.0;1
-2;450400;;;PEARLS;SEASHELLS;10002.0;1
-2;450500;;;BANANAS;SEASHELLS;4983.0;1
-2;450800;;;PEARLS;SEASHELLS;9996.0;2
-2;451000;;;BANANAS;SEASHELLS;4983.0;1
-2;451300;;;PEARLS;SEASHELLS;9998.0;1
-2;451300;;;BANANAS;SEASHELLS;4988.0;1
-2;451500;;;BANANAS;SEASHELLS;4989.0;12
-2;451600;;;PEARLS;SEASHELLS;10002.0;1
-2;451800;;;PEARLS;SEASHELLS;9996.0;7
-2;451800;;;PEARLS;SEASHELLS;9996.0;1
-2;451900;;;PEARLS;SEASHELLS;10004.0;2
-2;451900;;;PEARLS;SEASHELLS;10004.0;9
-2;452200;;;PEARLS;SEASHELLS;9998.0;1
-2;452200;;;PEARLS;SEASHELLS;9998.0;2
-2;452300;;;BANANAS;SEASHELLS;4983.0;1
-2;452500;;;PEARLS;SEASHELLS;9998.0;1
-2;452600;;;BANANAS;SEASHELLS;4984.0;1
-2;453100;;;BANANAS;SEASHELLS;4985.0;2
-2;453200;;;PEARLS;SEASHELLS;9998.0;1
-2;453900;;;PEARLS;SEASHELLS;10002.0;1
-2;454300;;;PEARLS;SEASHELLS;9998.0;1
-2;454500;;;PEARLS;SEASHELLS;9996.0;1
-2;454500;;;BANANAS;SEASHELLS;4983.0;1
-2;454800;;;BANANAS;SEASHELLS;4990.0;2
-2;454800;;;PEARLS;SEASHELLS;10004.0;2
-2;455100;;;BANANAS;SEASHELLS;4985.0;1
-2;455500;;;BANANAS;SEASHELLS;4985.0;1
-2;455600;;;BANANAS;SEASHELLS;4984.0;1
-2;455600;;;PEARLS;SEASHELLS;9996.0;1
-2;455800;;;BANANAS;SEASHELLS;4990.0;2
-2;456000;;;PEARLS;SEASHELLS;10004.0;1
-2;456100;;;BANANAS;SEASHELLS;4983.0;1
-2;456400;;;PEARLS;SEASHELLS;9998.0;1
-2;456700;;;PEARLS;SEASHELLS;10002.0;1
-2;456800;;;BANANAS;SEASHELLS;4987.0;3
-2;456900;;;PEARLS;SEASHELLS;10002.0;4
-2;456900;;;PEARLS;SEASHELLS;10002.0;1
-2;457200;;;BANANAS;SEASHELLS;4985.0;8
-2;458400;;;PEARLS;SEASHELLS;10004.0;6
-2;458400;;;PEARLS;SEASHELLS;10004.0;1
-2;458500;;;PEARLS;SEASHELLS;10002.0;1
-2;458600;;;BANANAS;SEASHELLS;4985.0;1
-2;458800;;;PEARLS;SEASHELLS;10002.0;1
-2;459000;;;PEARLS;SEASHELLS;9998.0;1
-2;459200;;;BANANAS;SEASHELLS;4990.0;1
-2;459300;;;BANANAS;SEASHELLS;4986.0;1
-2;459700;;;PEARLS;SEASHELLS;10002.0;1
-2;460100;;;PEARLS;SEASHELLS;10002.0;3
-2;460500;;;BANANAS;SEASHELLS;4984.0;2
-2;460600;;;BANANAS;SEASHELLS;4985.0;2
-2;461100;;;BANANAS;SEASHELLS;4984.0;1
-2;461300;;;BANANAS;SEASHELLS;4988.0;1
-2;461400;;;PEARLS;SEASHELLS;10002.0;5
-2;461700;;;PEARLS;SEASHELLS;9998.0;2
-2;462100;;;PEARLS;SEASHELLS;9998.0;3
-2;462100;;;PEARLS;SEASHELLS;9998.0;1
-2;462200;;;PEARLS;SEASHELLS;10002.0;1
-2;462300;;;PEARLS;SEASHELLS;10002.0;1
-2;462600;;;BANANAS;SEASHELLS;4984.0;1
-2;463200;;;PEARLS;SEASHELLS;10002.0;1
-2;463700;;;BANANAS;SEASHELLS;4991.0;1
-2;463800;;;BANANAS;SEASHELLS;4992.0;1
-2;463900;;;PEARLS;SEASHELLS;10002.0;1
-2;463900;;;BANANAS;SEASHELLS;4988.0;2
-2;463900;;;PEARLS;SEASHELLS;10005.0;7
-2;464100;;;BANANAS;SEASHELLS;4987.0;1
-2;464100;;;PEARLS;SEASHELLS;9996.0;1
-2;464500;;;BANANAS;SEASHELLS;4987.0;1
-2;464500;;;PEARLS;SEASHELLS;10000.0;1
-2;464700;;;PEARLS;SEASHELLS;10002.0;2
-2;464900;;;PEARLS;SEASHELLS;9998.0;1
-2;465000;;;BANANAS;SEASHELLS;4985.0;1
-2;465000;;;PEARLS;SEASHELLS;10002.0;3
-2;465200;;;BANANAS;SEASHELLS;4991.0;2
-2;465200;;;PEARLS;SEASHELLS;10004.0;2
-2;465300;;;PEARLS;SEASHELLS;10002.0;1
-2;465500;;;PEARLS;SEASHELLS;10004.0;5
-2;465500;;;PEARLS;SEASHELLS;10004.0;1
-2;465500;;;BANANAS;SEASHELLS;4989.0;1
-2;466100;;;PEARLS;SEASHELLS;10002.0;1
-2;466200;;;BANANAS;SEASHELLS;4983.0;2
-2;466200;;;PEARLS;SEASHELLS;9996.0;2
-2;466300;;;BANANAS;SEASHELLS;4984.0;7
-2;466800;;;BANANAS;SEASHELLS;4983.0;1
-2;467100;;;BANANAS;SEASHELLS;4985.0;4
-2;467100;;;BANANAS;SEASHELLS;4988.0;1
-2;467600;;;PEARLS;SEASHELLS;9995.0;10
-2;468000;;;PEARLS;SEASHELLS;9998.0;1
-2;468000;;;BANANAS;SEASHELLS;4981.0;1
-2;468500;;;BANANAS;SEASHELLS;4985.0;1
-2;469100;;;PEARLS;SEASHELLS;10004.0;2
-2;469100;;;BANANAS;SEASHELLS;4986.0;2
-2;469300;;;BANANAS;SEASHELLS;4980.0;5
-2;469400;;;PEARLS;SEASHELLS;9998.0;1
-2;469500;;;BANANAS;SEASHELLS;4986.0;2
-2;469500;;;BANANAS;SEASHELLS;4986.0;2
-2;469600;;;BANANAS;SEASHELLS;4986.0;2
-2;469600;;;BANANAS;SEASHELLS;4985.0;1
-2;469600;;;PEARLS;SEASHELLS;10004.0;2
-2;470100;;;BANANAS;SEASHELLS;4982.0;1
-2;470500;;;BANANAS;SEASHELLS;4987.0;1
-2;470800;;;PEARLS;SEASHELLS;10004.0;1
-2;470800;;;BANANAS;SEASHELLS;4988.0;2
-2;471100;;;PEARLS;SEASHELLS;10002.0;1
-2;471600;;;BANANAS;SEASHELLS;4980.0;1
-2;471600;;;BANANAS;SEASHELLS;4987.0;1
-2;471600;;;PEARLS;SEASHELLS;10004.0;1
-2;471900;;;PEARLS;SEASHELLS;9998.0;4
-2;472000;;;PEARLS;SEASHELLS;9998.0;1
-2;472000;;;BANANAS;SEASHELLS;4980.0;1
-2;472100;;;PEARLS;SEASHELLS;10005.0;2
-2;472100;;;BANANAS;SEASHELLS;4987.0;2
-2;472200;;;PEARLS;SEASHELLS;9998.0;2
-2;472200;;;BANANAS;SEASHELLS;4981.0;4
-2;472400;;;BANANAS;SEASHELLS;4985.0;1
-2;472900;;;BANANAS;SEASHELLS;4985.0;1
-2;472900;;;BANANAS;SEASHELLS;4985.0;2
-2;473400;;;BANANAS;SEASHELLS;4985.0;4
-2;473500;;;BANANAS;SEASHELLS;4986.0;1
-2;473600;;;BANANAS;SEASHELLS;4982.0;3
-2;473600;;;PEARLS;SEASHELLS;10002.0;1
-2;473700;;;BANANAS;SEASHELLS;4981.0;1
-2;474000;;;BANANAS;SEASHELLS;4986.0;1
-2;474100;;;PEARLS;SEASHELLS;10005.0;11
-2;474300;;;BANANAS;SEASHELLS;4981.0;6
-2;474300;;;PEARLS;SEASHELLS;9998.0;1
-2;474300;;;BANANAS;SEASHELLS;4981.0;1
-2;474500;;;BANANAS;SEASHELLS;4986.0;1
-2;474800;;;BANANAS;SEASHELLS;4982.0;2
-2;474900;;;BANANAS;SEASHELLS;4981.0;1
-2;475100;;;BANANAS;SEASHELLS;4982.0;4
-2;475100;;;BANANAS;SEASHELLS;4985.0;1
-2;475300;;;BANANAS;SEASHELLS;4982.0;5
-2;475500;;;BANANAS;SEASHELLS;4985.0;1
-2;476100;;;BANANAS;SEASHELLS;4981.0;1
-2;476200;;;BANANAS;SEASHELLS;4982.0;2
-2;476300;;;BANANAS;SEASHELLS;4981.0;1
-2;476400;;;PEARLS;SEASHELLS;10005.0;2
-2;476800;;;BANANAS;SEASHELLS;4982.0;2
-2;476800;;;BANANAS;SEASHELLS;4982.0;11
-2;477000;;;PEARLS;SEASHELLS;10002.0;5
-2;477000;;;BANANAS;SEASHELLS;4986.0;1
-2;477100;;;BANANAS;SEASHELLS;4981.0;4
-2;477100;;;BANANAS;SEASHELLS;4981.0;1
-2;477500;;;PEARLS;SEASHELLS;9996.0;1
-2;477500;;;PEARLS;SEASHELLS;9998.0;5
-2;477500;;;BANANAS;SEASHELLS;4981.0;2
-2;477500;;;PEARLS;SEASHELLS;9996.0;1
-2;477600;;;PEARLS;SEASHELLS;10002.0;1
-2;477900;;;BANANAS;SEASHELLS;4980.0;2
-2;477900;;;PEARLS;SEASHELLS;10000.0;2
-2;478200;;;BANANAS;SEASHELLS;4985.0;1
-2;478400;;;BANANAS;SEASHELLS;4981.0;1
-2;478500;;;PEARLS;SEASHELLS;10002.0;2
-2;478600;;;PEARLS;SEASHELLS;9998.0;2
-2;478900;;;PEARLS;SEASHELLS;9996.0;1
-2;478900;;;BANANAS;SEASHELLS;4980.0;1
-2;479000;;;PEARLS;SEASHELLS;10002.0;1
-2;479400;;;PEARLS;SEASHELLS;9998.0;1
-2;479600;;;PEARLS;SEASHELLS;9996.0;6
-2;479600;;;PEARLS;SEASHELLS;9996.0;2
-2;479800;;;PEARLS;SEASHELLS;10002.0;5
-2;479800;;;BANANAS;SEASHELLS;4985.0;1
-2;480300;;;BANANAS;SEASHELLS;4979.0;10
-2;480300;;;BANANAS;SEASHELLS;4984.0;1
-2;480700;;;BANANAS;SEASHELLS;4979.0;1
-2;480800;;;BANANAS;SEASHELLS;4986.0;2
-2;481300;;;BANANAS;SEASHELLS;4980.0;1
-2;481700;;;PEARLS;SEASHELLS;9998.0;1
-2;482300;;;BANANAS;SEASHELLS;4980.0;1
-2;482500;;;BANANAS;SEASHELLS;4982.0;2
-2;482500;;;PEARLS;SEASHELLS;9998.0;1
-2;482600;;;PEARLS;SEASHELLS;9998.0;5
-2;482600;;;PEARLS;SEASHELLS;9998.0;2
-2;482700;;;PEARLS;SEASHELLS;10002.0;5
-2;482800;;;BANANAS;SEASHELLS;4984.0;1
-2;482800;;;BANANAS;SEASHELLS;4985.0;1
-2;483000;;;BANANAS;SEASHELLS;4984.0;1
-2;483300;;;BANANAS;SEASHELLS;4985.0;1
-2;483300;;;PEARLS;SEASHELLS;10004.0;1
-2;483500;;;BANANAS;SEASHELLS;4983.0;1
-2;484000;;;BANANAS;SEASHELLS;4983.0;1
-2;484100;;;BANANAS;SEASHELLS;4978.0;1
-2;484400;;;BANANAS;SEASHELLS;4982.0;1
-2;484800;;;PEARLS;SEASHELLS;9996.0;2
-2;484800;;;BANANAS;SEASHELLS;4977.0;2
-2;484900;;;PEARLS;SEASHELLS;9996.0;1
-2;484900;;;BANANAS;SEASHELLS;4977.0;2
-2;485500;;;PEARLS;SEASHELLS;9998.0;1
-2;485500;;;BANANAS;SEASHELLS;4976.0;2
-2;485500;;;PEARLS;SEASHELLS;9996.0;2
-2;485500;;;BANANAS;SEASHELLS;4977.0;5
-2;485900;;;BANANAS;SEASHELLS;4975.0;1
-2;485900;;;PEARLS;SEASHELLS;9996.0;1
-2;486000;;;BANANAS;SEASHELLS;4982.0;12
-2;486200;;;BANANAS;SEASHELLS;4980.0;5
-2;486200;;;BANANAS;SEASHELLS;4980.0;7
-2;486300;;;BANANAS;SEASHELLS;4976.0;8
-2;486700;;;BANANAS;SEASHELLS;4978.0;4
-2;486700;;;BANANAS;SEASHELLS;4974.0;9
-2;486800;;;BANANAS;SEASHELLS;4980.0;1
-2;487000;;;BANANAS;SEASHELLS;4974.0;1
-2;487200;;;PEARLS;SEASHELLS;10004.0;2
-2;487200;;;PEARLS;SEASHELLS;10004.0;1
-2;487300;;;BANANAS;SEASHELLS;4975.0;1
-2;487500;;;PEARLS;SEASHELLS;9996.0;2
-2;487600;;;BANANAS;SEASHELLS;4976.0;1
-2;487700;;;PEARLS;SEASHELLS;9996.0;1
-2;487700;;;PEARLS;SEASHELLS;9996.0;2
-2;487700;;;BANANAS;SEASHELLS;4980.0;1
-2;488200;;;BANANAS;SEASHELLS;4982.0;20
-2;488200;;;PEARLS;SEASHELLS;10002.0;1
-2;488200;;;BANANAS;SEASHELLS;4982.0;2
-2;488200;;;PEARLS;SEASHELLS;10005.0;2
-2;488500;;;BANANAS;SEASHELLS;4978.0;2
-2;488500;;;BANANAS;SEASHELLS;4978.0;1
