day;timestamp;buyer;seller;symbol;currency;price;quantity
2;100;Gary;Camilla;BERRIES;SEASHELLS;3854.0;19
2;100;Charlie;Paris;PEARLS;SEASHELLS;9998.0;1
2;200;Paris;Caesar;DIP;SEASHELLS;7094.0;7
2;200;Paris;Charlie;BANANAS;SEASHELLS;4827.0;1
2;200;Charlie;Paris;PEARLS;SEASHELLS;9998.0;1
2;300;Charlie;Paris;BANANAS;SEASHELLS;4822.0;1
2;400;Charlie;Pablo;BANANAS;SEASHELLS;4823.0;5
2;500;Paris;Charlie;PEARLS;SEASHELLS;10005.0;2
2;500;Paris;Charlie;BANANAS;SEASHELLS;4828.0;2
2;500;Paris;Camilla;BERRIES;SEASHELLS;3854.0;6
2;600;Caesar;Paris;BAGUETTE;SEASHELLS;12247.0;6
2;1000;Pablo;Paris;PEARLS;SEASHELLS;10002.0;1
2;1000;Paris;Caesar;DIP;SEASHELLS;7099.0;4
2;1000;Pablo;Charlie;PEARLS;SEASHELLS;10002.0;2
2;1200;Caesar;Paris;DIP;SEASHELLS;7096.0;9
2;1200;Charlie;Paris;BANANAS;SEASHELLS;4822.0;1
2;1300;Pablo;Camilla;PICNIC_BASKET;SEASHELLS;74297.0;6
2;1300;Charlie;Paris;PEARLS;SEASHELLS;9998.0;1
2;1300;Camilla;Camilla;DIVING_GEAR;SEASHELLS;99179.0;3
2;1300;Camilla;Paris;DIVING_GEAR;SEASHELLS;99179.0;3
2;1500;Charlie;Paris;BANANAS;SEASHELLS;4822.0;1
2;1600;Caesar;Gary;PEARLS;SEASHELLS;9996.0;1
2;1700;Paris;Caesar;UKULELE;SEASHELLS;20965.0;3
2;1900;Camilla;Gary;PEARLS;SEASHELLS;9998.0;8
2;1900;Charlie;Gary;PEARLS;SEASHELLS;9998.0;4
2;2000;Caesar;Paris;UKULELE;SEASHELLS;20970.0;2
2;2300;Caesar;Paris;UKULELE;SEASHELLS;20968.0;2
2;2400;Paris;Charlie;DIVING_GEAR;SEASHELLS;99170.0;1
2;2500;Paris;Caesar;DIP;SEASHELLS;7095.0;6
2;2500;Charlie;Paris;DIVING_GEAR;SEASHELLS;99181.0;2
2;2700;Paris;Caesar;BAGUETTE;SEASHELLS;12238.0;5
2;2800;Caesar;Paris;DIP;SEASHELLS;7090.0;9
2;2900;Caesar;Paris;DIP;SEASHELLS;7090.0;10
2;3200;Paris;Charlie;PEARLS;SEASHELLS;10004.0;1
2;3200;Paris;Charlie;BANANAS;SEASHELLS;4828.0;2
2;3200;Paris;Caesar;PEARLS;SEASHELLS;10004.0;1
2;3400;Caesar;Paris;PEARLS;SEASHELLS;9998.0;1
2;3500;Pablo;Charlie;BANANAS;SEASHELLS;4825.0;4
2;3600;Penelope;Camilla;PEARLS;SEASHELLS;10002.0;5
2;3600;Paris;Caesar;BAGUETTE;SEASHELLS;12239.0;4
2;3600;Penelope;Charlie;PEARLS;SEASHELLS;10002.0;3
2;3900;Pablo;Charlie;PEARLS;SEASHELLS;10002.0;4
2;3900;Charlie;Peter;COCONUTS;SEASHELLS;7921.0;10
2;4300;Camilla;Paris;BERRIES;SEASHELLS;3847.0;4
2;4600;Paris;Charlie;BANANAS;SEASHELLS;4825.0;1
2;4900;Paris;Caesar;PEARLS;SEASHELLS;10004.0;2
2;4900;Caesar;Camilla;UKULELE;SEASHELLS;20960.0;7
2;4900;Paris;Caesar;BANANAS;SEASHELLS;4824.0;2
2;5000;Caesar;Camilla;BAGUETTE;SEASHELLS;12223.0;4
2;5000;Charlie;Caesar;BANANAS;SEASHELLS;4820.0;3
2;5100;Charlie;Paris;DIVING_GEAR;SEASHELLS;99178.0;1
2;5300;Caesar;Caesar;COCONUTS;SEASHELLS;7923.0;46
2;5500;Caesar;Camilla;DIP;SEASHELLS;7084.0;4
2;5700;Camilla;Pablo;PICNIC_BASKET;SEASHELLS;74216.0;1
2;5700;Caesar;Pablo;PICNIC_BASKET;SEASHELLS;74217.0;1
2;5800;Charlie;Pablo;BANANAS;SEASHELLS;4818.0;1
2;5900;Caesar;Paris;PEARLS;SEASHELLS;9996.0;1
2;5900;Charlie;Paris;BANANAS;SEASHELLS;4817.0;1
2;6100;Caesar;Paris;UKULELE;SEASHELLS;20966.0;5
2;6200;Caesar;Camilla;DIP;SEASHELLS;7086.0;3
2;6300;Charlie;Pablo;BANANAS;SEASHELLS;4818.0;5
2;6300;Charlie;Penelope;BANANAS;SEASHELLS;4817.0;2
2;6500;Camilla;Gary;BERRIES;SEASHELLS;3847.0;13
2;6800;Caesar;Paris;DIP;SEASHELLS;7087.0;5
2;6900;Paris;Caesar;UKULELE;SEASHELLS;20963.0;2
2;6900;Charlie;Camilla;DIVING_GEAR;SEASHELLS;99185.0;2
2;6900;Paris;Charlie;DIVING_GEAR;SEASHELLS;99188.0;1
2;7100;Caesar;Caesar;COCONUTS;SEASHELLS;7914.0;40
2;7200;Caesar;Camilla;BAGUETTE;SEASHELLS;12210.0;5
2;7300;Pablo;Caesar;PICNIC_BASKET;SEASHELLS;74259.0;1
2;7300;Caesar;Paris;DIP;SEASHELLS;7088.0;8
2;7400;Caesar;Camilla;DIP;SEASHELLS;7090.0;6
2;7400;Charlie;Paris;BANANAS;SEASHELLS;4815.0;1
2;7400;Paris;Caesar;BAGUETTE;SEASHELLS;12210.0;4
2;7500;Paris;Caesar;DIP;SEASHELLS;7092.0;7
2;7800;Paris;Camilla;BANANAS;SEASHELLS;4819.0;1
2;7800;Pablo;Camilla;PEARLS;SEASHELLS;10002.0;2
2;7900;Gary;Caesar;PEARLS;SEASHELLS;10004.0;1
2;7900;Caesar;Paris;DIP;SEASHELLS;7088.0;5
2;7900;Gary;Charlie;PEARLS;SEASHELLS;10004.0;8
2;8000;Peter;Charlie;PINA_COLADAS;SEASHELLS;14829.0;2
2;8100;Camilla;Gary;BERRIES;SEASHELLS;3845.0;11
2;8200;Caesar;Paris;DIP;SEASHELLS;7089.0;5
2;8200;Caesar;Paris;BAGUETTE;SEASHELLS;12209.0;7
2;8200;Paris;Charlie;DIVING_GEAR;SEASHELLS;99143.0;1
2;8500;Penelope;Charlie;BANANAS;SEASHELLS;4819.0;2
2;8500;Gary;Charlie;BANANAS;SEASHELLS;4819.0;13
2;8600;Penelope;Charlie;PEARLS;SEASHELLS;10004.0;6
2;8600;Caesar;Paris;BAGUETTE;SEASHELLS;12212.0;5
2;8600;Camilla;Camilla;DIVING_GEAR;SEASHELLS;99143.0;1
2;8600;Penelope;Caesar;PEARLS;SEASHELLS;10004.0;1
2;8700;Camilla;Paris;DIVING_GEAR;SEASHELLS;99155.0;3
2;8800;Camilla;Paris;DIVING_GEAR;SEASHELLS;99150.0;1
2;8900;Pablo;Camilla;PICNIC_BASKET;SEASHELLS;74258.0;3
2;9100;Charlie;Penelope;BANANAS;SEASHELLS;4814.0;7
2;9100;Caesar;Penelope;PICNIC_BASKET;SEASHELLS;74242.0;1
2;9100;Camilla;Penelope;BANANAS;SEASHELLS;4814.0;3
2;9100;Caesar;Paris;BAGUETTE;SEASHELLS;12212.0;8
2;9100;Caesar;Camilla;BAGUETTE;SEASHELLS;12212.0;5
2;9300;Peter;Charlie;COCONUTS;SEASHELLS;7914.0;10
2;9400;Paris;Caesar;BAGUETTE;SEASHELLS;12207.0;8
2;9400;Charlie;Paris;BANANAS;SEASHELLS;4814.0;1
2;9500;Paris;Caesar;BAGUETTE;SEASHELLS;12203.0;6
2;9600;Camilla;Paris;PEARLS;SEASHELLS;9998.0;2
2;9600;Paris;Paris;BANANAS;SEASHELLS;4819.0;1
2;9700;Caesar;Penelope;PEARLS;SEASHELLS;9996.0;1
2;9800;Paris;Caesar;UKULELE;SEASHELLS;20954.0;4
2;9800;Caesar;Peter;COCONUTS;SEASHELLS;7914.0;8
2;9900;Paris;Caesar;DIP;SEASHELLS;7083.0;5
2;9900;Paris;Caesar;BAGUETTE;SEASHELLS;12192.0;4
2;9900;Paris;Charlie;BANANAS;SEASHELLS;4818.0;1
2;10100;Paris;Caesar;DIP;SEASHELLS;7082.0;4
2;10200;Charlie;Gina;BANANAS;SEASHELLS;4814.0;8
2;10300;Caesar;Paris;UKULELE;SEASHELLS;20952.0;3
2;10300;Camilla;Paris;DIVING_GEAR;SEASHELLS;99120.0;2
2;10400;Charlie;Peter;COCONUTS;SEASHELLS;7916.0;10
2;10500;Charlie;Paris;PEARLS;SEASHELLS;9995.0;2
2;10500;Paris;Camilla;PEARLS;SEASHELLS;10002.0;1
2;10500;Charlie;Paris;BANANAS;SEASHELLS;4813.0;2
2;10600;Peter;Charlie;COCONUTS;SEASHELLS;7921.0;10
2;10600;Paris;Camilla;BANANAS;SEASHELLS;4817.0;1
2;10800;Caesar;Paris;DIP;SEASHELLS;7078.0;8
2;10900;Paris;Camilla;BERRIES;SEASHELLS;3851.0;9
2;11300;Charlie;Paris;PEARLS;SEASHELLS;9998.0;1
2;11300;Paris;Camilla;DIVING_GEAR;SEASHELLS;99113.0;1
2;11700;Paris;Caesar;PEARLS;SEASHELLS;10002.0;1
2;12100;Paris;Pablo;PEARLS;SEASHELLS;9998.0;1
2;12100;Paris;Caesar;UKULELE;SEASHELLS;20949.0;1
2;12100;Paris;Charlie;BANANAS;SEASHELLS;4817.0;1
2;12200;Charlie;Paris;BANANAS;SEASHELLS;4810.0;1
2;12500;Caesar;Caesar;PINA_COLADAS;SEASHELLS;14852.0;21
2;13000;Charlie;Paris;PEARLS;SEASHELLS;9998.0;1
2;13000;Caesar;Camilla;DIP;SEASHELLS;7080.0;8
2;13100;Pablo;Charlie;PEARLS;SEASHELLS;10002.0;3
2;13200;Caesar;Penelope;PICNIC_BASKET;SEASHELLS;74205.0;1
2;13300;Paris;Caesar;DIP;SEASHELLS;7080.0;8
2;13400;Caesar;Paris;BAGUETTE;SEASHELLS;12191.0;6
2;13400;Peter;Charlie;COCONUTS;SEASHELLS;7930.0;10
2;13600;Paris;Charlie;PEARLS;SEASHELLS;10002.0;1
2;13900;Charlie;Paris;BANANAS;SEASHELLS;4810.0;1
2;14300;Paris;Caesar;BAGUETTE;SEASHELLS;12203.0;4
2;14300;Caesar;Paris;DIP;SEASHELLS;7077.0;5
2;14400;Paris;Caesar;DIP;SEASHELLS;7079.0;6
2;14400;Penelope;Camilla;BERRIES;SEASHELLS;3848.0;10
2;14700;Penelope;Charlie;BANANAS;SEASHELLS;4817.0;10
2;14700;Paris;Caesar;UKULELE;SEASHELLS;20943.0;1
2;14700;Paris;Charlie;BANANAS;SEASHELLS;4815.0;1
2;15000;Camilla;Pablo;PEARLS;SEASHELLS;9998.0;3
2;15000;Paris;Charlie;BANANAS;SEASHELLS;4815.0;1
2;15100;Caesar;Paris;BAGUETTE;SEASHELLS;12214.0;4
2;15200;Paris;Caesar;DIP;SEASHELLS;7080.0;5
2;15200;Charlie;Pablo;PINA_COLADAS;SEASHELLS;14859.0;8
2;15500;Paris;Paris;PEARLS;SEASHELLS;10002.0;1
2;15500;Camilla;Paris;BANANAS;SEASHELLS;4811.0;1
2;15600;Olivia;Camilla;BERRIES;SEASHELLS;3846.0;17
2;15600;Paris;Camilla;PEARLS;SEASHELLS;10002.0;1
2;15700;Camilla;Penelope;BERRIES;SEASHELLS;3840.0;10
2;16100;Caesar;Paris;BANANAS;SEASHELLS;4811.0;1
2;16100;Caesar;Paris;PEARLS;SEASHELLS;9996.0;1
2;16200;Caesar;Paris;UKULELE;SEASHELLS;20945.0;4
2;16200;Paris;Caesar;BAGUETTE;SEASHELLS;12213.0;6
2;16400;Caesar;Paris;BAGUETTE;SEASHELLS;12211.0;3
2;16600;Caesar;Camilla;DIP;SEASHELLS;7071.0;4
2;16600;Gary;Caesar;BANANAS;SEASHELLS;4818.0;2
2;16700;Paris;Caesar;BANANAS;SEASHELLS;4818.0;2
2;16700;Caesar;Paris;UKULELE;SEASHELLS;20952.0;3
2;16700;Paris;Caesar;PEARLS;SEASHELLS;10004.0;2
2;16800;Caesar;Camilla;DIP;SEASHELLS;7070.0;6
2;16900;Caesar;Caesar;PINA_COLADAS;SEASHELLS;14864.0;21
2;16900;Caesar;Caesar;PINA_COLADAS;SEASHELLS;14864.0;11
2;16900;Paris;Charlie;PEARLS;SEASHELLS;10002.0;1
2;17000;Gina;Charlie;PEARLS;SEASHELLS;10002.0;5
2;17000;Gina;Pablo;PEARLS;SEASHELLS;9998.0;3
2;17200;Paris;Charlie;PEARLS;SEASHELLS;10002.0;1
2;17300;Charlie;Paris;DIVING_GEAR;SEASHELLS;99170.0;1
2;17400;Camilla;Penelope;BERRIES;SEASHELLS;3841.0;11
2;17400;Paris;Caesar;BAGUETTE;SEASHELLS;12213.0;6
2;17800;Paris;Camilla;PEARLS;SEASHELLS;10002.0;1
2;17900;Caesar;Paris;BAGUETTE;SEASHELLS;12209.0;5
2;17900;Paris;Charlie;BANANAS;SEASHELLS;4816.0;1
2;18000;Gina;Paris;BANANAS;SEASHELLS;4816.0;1
2;18000;Paris;Charlie;BANANAS;SEASHELLS;4816.0;0
2;18000;Camilla;Paris;PEARLS;SEASHELLS;9998.0;2
2;18000;Gina;Charlie;BANANAS;SEASHELLS;4816.0;9
2;18000;Paris;Paris;BANANAS;SEASHELLS;4816.0;1
2;18300;Caesar;Camilla;UKULELE;SEASHELLS;20941.0;6
2;18600;Charlie;Paris;BANANAS;SEASHELLS;4811.0;1
2;18700;Paris;Charlie;BANANAS;SEASHELLS;4817.0;1
2;18700;Caesar;Paris;BAGUETTE;SEASHELLS;12208.0;7
2;18800;Paris;Caesar;UKULELE;SEASHELLS;20945.0;4
2;18900;Paris;Caesar;BAGUETTE;SEASHELLS;12210.0;4
2;18900;Caesar;Gary;PEARLS;SEASHELLS;9996.0;1
2;19200;Paris;Camilla;PEARLS;SEASHELLS;10002.0;1
2;19200;Paris;Camilla;BANANAS;SEASHELLS;4817.0;1
2;19500;Camilla;Paris;PEARLS;SEASHELLS;9998.0;2
2;19500;Camilla;Paris;BANANAS;SEASHELLS;4813.0;2
2;19600;Paris;Caesar;UKULELE;SEASHELLS;20955.0;5
2;19700;Caesar;Paris;BANANAS;SEASHELLS;4813.0;1
2;19900;Charlie;Gary;PEARLS;SEASHELLS;9996.0;7
2;19900;Caesar;Gary;PEARLS;SEASHELLS;9996.0;2
2;20000;Paris;Caesar;UKULELE;SEASHELLS;20960.0;1
2;20100;Caesar;Paris;BAGUETTE;SEASHELLS;12206.0;5
2;20100;Paris;Charlie;BANANAS;SEASHELLS;4818.0;2
2;20100;Paris;Caesar;PEARLS;SEASHELLS;10004.0;2
2;20300;Charlie;Paris;PEARLS;SEASHELLS;9998.0;1
2;20300;Charlie;Paris;BANANAS;SEASHELLS;4813.0;1
2;20300;Caesar;Paris;BAGUETTE;SEASHELLS;12212.0;3
2;20400;Charlie;Penelope;PEARLS;SEASHELLS;9995.0;5
2;20700;Camilla;Paris;DIVING_GEAR;SEASHELLS;99129.0;3
2;20800;Caesar;Paris;DIP;SEASHELLS;7066.0;4
2;20900;Charlie;Paris;PEARLS;SEASHELLS;9998.0;1
2;21000;Penelope;Caesar;PICNIC_BASKET;SEASHELLS;74193.0;2
2;21000;Charlie;Paris;DIVING_GEAR;SEASHELLS;99144.0;3
2;21000;Charlie;Pablo;BANANAS;SEASHELLS;4815.0;4
2;21100;Paris;Caesar;UKULELE;SEASHELLS;20957.0;5
2;21100;Pablo;Charlie;PEARLS;SEASHELLS;10002.0;2
2;21300;Paris;Charlie;BANANAS;SEASHELLS;4819.0;1
2;21400;Caesar;Camilla;DIP;SEASHELLS;7066.0;5
2;21400;Pablo;Camilla;PEARLS;SEASHELLS;10002.0;3
2;21500;Paris;Charlie;DIVING_GEAR;SEASHELLS;99114.0;2
2;21500;Charlie;Paris;PEARLS;SEASHELLS;9998.0;1
2;21500;Charlie;Peter;PINA_COLADAS;SEASHELLS;14860.0;5
2;21600;Charlie;Pablo;BANANAS;SEASHELLS;4816.0;4
2;21700;Caesar;Paris;UKULELE;SEASHELLS;20948.0;3
2;21800;Caesar;Paris;UKULELE;SEASHELLS;20954.0;5
2;21800;Paris;Camilla;BERRIES;SEASHELLS;3850.0;9
2;22100;Caesar;Paris;UKULELE;SEASHELLS;20950.0;1
2;22400;Caesar;Paris;DIP;SEASHELLS;7067.0;9
2;22500;Caesar;Paris;BAGUETTE;SEASHELLS;12223.0;6
2;22600;Charlie;Penelope;PEARLS;SEASHELLS;9995.0;2
2;22900;Caesar;Paris;UKULELE;SEASHELLS;20944.0;5
2;23100;Paris;Caesar;DIP;SEASHELLS;7073.0;8
2;23200;Caesar;Paris;UKULELE;SEASHELLS;20946.0;3
2;23300;Charlie;Pablo;BANANAS;SEASHELLS;4816.0;1
2;23400;Charlie;Gina;BANANAS;SEASHELLS;4816.0;11
2;23600;Paris;Camilla;DIVING_GEAR;SEASHELLS;99075.0;1
2;23600;Caesar;Paris;UKULELE;SEASHELLS;20949.0;2
2;23600;Pablo;Camilla;PEARLS;SEASHELLS;10002.0;3
2;23600;Caesar;Camilla;DIP;SEASHELLS;7073.0;3
2;23700;Paris;Caesar;PEARLS;SEASHELLS;10004.0;1
2;23700;Paris;Charlie;BANANAS;SEASHELLS;4822.0;1
2;23900;Camilla;Pablo;PICNIC_BASKET;SEASHELLS;74239.0;4
2;23900;Caesar;Pablo;PICNIC_BASKET;SEASHELLS;74239.0;2
2;24000;Caesar;Paris;DIP;SEASHELLS;7072.0;9
2;24300;Caesar;Paris;UKULELE;SEASHELLS;20948.0;1
2;24400;Camilla;Paris;BANANAS;SEASHELLS;4816.0;1
2;24400;Caesar;Camilla;BAGUETTE;SEASHELLS;12217.0;9
2;24400;Camilla;Pablo;PEARLS;SEASHELLS;9998.0;2
2;24400;Caesar;Paris;UKULELE;SEASHELLS;20946.0;3
2;24500;Paris;Camilla;DIVING_GEAR;SEASHELLS;99066.0;1
2;24600;Charlie;Pablo;BANANAS;SEASHELLS;4817.0;3
2;24600;Caesar;Paris;DIP;SEASHELLS;7075.0;8
2;24700;Pablo;Charlie;BANANAS;SEASHELLS;4820.0;1
2;24700;Caesar;Paris;BAGUETTE;SEASHELLS;12218.0;7
2;24900;Paris;Caesar;BAGUETTE;SEASHELLS;12220.0;7
2;24900;Paris;Caesar;UKULELE;SEASHELLS;20953.0;3
2;25100;Penelope;Caesar;PICNIC_BASKET;SEASHELLS;74245.0;1
2;25100;Paris;Caesar;BAGUETTE;SEASHELLS;12220.0;5
2;25200;Gina;Charlie;BANANAS;SEASHELLS;4819.0;5
2;25200;Gina;Camilla;BANANAS;SEASHELLS;4819.0;5
2;25400;Caesar;Penelope;PICNIC_BASKET;SEASHELLS;74229.0;2
2;25500;Caesar;Paris;UKULELE;SEASHELLS;20948.0;3
2;25500;Camilla;Gary;BERRIES;SEASHELLS;3844.0;16
2;25500;Paris;Pablo;PEARLS;SEASHELLS;9998.0;1
2;25500;Camilla;Pablo;PEARLS;SEASHELLS;9998.0;3
2;25600;Caesar;Paris;UKULELE;SEASHELLS;20953.0;3
2;25600;Paris;Caesar;BAGUETTE;SEASHELLS;12226.0;8
2;25700;Penelope;Caesar;PEARLS;SEASHELLS;10004.0;1
2;25700;Penelope;Charlie;PEARLS;SEASHELLS;10004.0;4
2;25800;Paris;Caesar;DIP;SEASHELLS;7081.0;4
2;25900;Pablo;Paris;PEARLS;SEASHELLS;10002.0;1
2;25900;Pablo;Charlie;PEARLS;SEASHELLS;10002.0;2
2;25900;Paris;Caesar;BAGUETTE;SEASHELLS;12225.0;5
2;26000;Caesar;Paris;BAGUETTE;SEASHELLS;12227.0;7
2;26000;Charlie;Paris;PEARLS;SEASHELLS;9998.0;1
2;26100;Charlie;Paris;BANANAS;SEASHELLS;4814.0;1
2;26200;Camilla;Gary;BERRIES;SEASHELLS;3844.0;15
2;26200;Pablo;Penelope;BANANAS;SEASHELLS;4818.0;3
2;26400;Camilla;Pablo;PICNIC_BASKET;SEASHELLS;74263.0;6
2;26400;Charlie;Peter;PINA_COLADAS;SEASHELLS;14869.0;2
2;26400;Caesar;Pablo;PICNIC_BASKET;SEASHELLS;74264.0;1
2;26400;Paris;Caesar;BAGUETTE;SEASHELLS;12231.0;5
2;26600;Caesar;Paris;BAGUETTE;SEASHELLS;12238.0;8
2;26700;Caesar;Paris;BAGUETTE;SEASHELLS;12239.0;7
2;26800;Caesar;Camilla;BAGUETTE;SEASHELLS;12239.0;8
2;26800;Paris;Charlie;BANANAS;SEASHELLS;4820.0;1
2;26900;Caesar;Camilla;DIP;SEASHELLS;7078.0;8
2;27000;Gina;Pablo;BANANAS;SEASHELLS;4816.0;4
2;27000;Gina;Caesar;BANANAS;SEASHELLS;4820.0;4
2;27000;Paris;Caesar;BAGUETTE;SEASHELLS;12244.0;6
2;27100;Paris;Caesar;BANANAS;SEASHELLS;4821.0;1
2;27100;Paris;Caesar;PEARLS;SEASHELLS;10004.0;1
2;27100;Paris;Camilla;BERRIES;SEASHELLS;3850.0;10
2;27200;Paris;Charlie;DIVING_GEAR;SEASHELLS;99122.0;1
2;27300;Camilla;Paris;BERRIES;SEASHELLS;3842.0;1
2;27400;Paris;Camilla;BERRIES;SEASHELLS;3849.0;9
2;27400;Paris;Caesar;BAGUETTE;SEASHELLS;12239.0;6
2;27500;Caesar;Camilla;DIP;SEASHELLS;7077.0;12
2;27500;Camilla;Paris;DIVING_GEAR;SEASHELLS;99114.0;2
2;27600;Penelope;Charlie;PEARLS;SEASHELLS;10005.0;7
2;27800;Paris;Charlie;PEARLS;SEASHELLS;10002.0;1
2;28000;Paris;Caesar;UKULELE;SEASHELLS;20977.0;5
2;28200;Paris;Pablo;BANANAS;SEASHELLS;4814.0;1
2;28200;Charlie;Paris;PEARLS;SEASHELLS;9998.0;1
2;28200;Charlie;Pablo;BANANAS;SEASHELLS;4814.0;3
2;28400;Pablo;Charlie;PEARLS;SEASHELLS;10002.0;4
2;28400;Caesar;Olivia;UKULELE;SEASHELLS;20991.0;3
2;28500;Paris;Camilla;BERRIES;SEASHELLS;3849.0;2
2;28600;Paris;Camilla;PEARLS;SEASHELLS;10002.0;1
2;28600;Charlie;Gary;PEARLS;SEASHELLS;9995.0;10
2;28800;Charlie;Paris;PEARLS;SEASHELLS;9995.0;2
2;28800;Charlie;Paris;BANANAS;SEASHELLS;4811.0;2
2;29000;Paris;Caesar;BAGUETTE;SEASHELLS;12239.0;5
2;29000;Penelope;Charlie;BANANAS;SEASHELLS;4817.0;7
2;29100;Paris;Charlie;BANANAS;SEASHELLS;4816.0;1
2;29100;Paris;Charlie;PEARLS;SEASHELLS;10002.0;1
2;29200;Caesar;Pablo;PINA_COLADAS;SEASHELLS;14876.0;8
2;29200;Paris;Caesar;BAGUETTE;SEASHELLS;12237.0;7
2;29300;Caesar;Paris;BAGUETTE;SEASHELLS;12236.0;5
2;29400;Paris;Camilla;BANANAS;SEASHELLS;4816.0;1
2;29400;Paris;Charlie;DIVING_GEAR;SEASHELLS;99145.0;3
2;29500;Paris;Caesar;DIP;SEASHELLS;7077.0;8
2;29700;Caesar;Paris;UKULELE;SEASHELLS;20976.0;5
2;29800;Caesar;Paris;PEARLS;SEASHELLS;9996.0;1
2;29800;Charlie;Paris;BANANAS;SEASHELLS;4811.0;1
2;29900;Caesar;Paris;PEARLS;SEASHELLS;9998.0;1
2;30000;Paris;Caesar;DIP;SEASHELLS;7075.0;8
2;30100;Paris;Caesar;DIP;SEASHELLS;7076.0;10
2;30100;Caesar;Pablo;COCONUTS;SEASHELLS;7937.0;30
2;30100;Caesar;Paris;BAGUETTE;SEASHELLS;12238.0;6
2;30300;Caesar;Peter;PINA_COLADAS;SEASHELLS;14889.0;2
2;30700;Paris;Charlie;DIVING_GEAR;SEASHELLS;99145.0;1
2;30800;Caesar;Paris;DIP;SEASHELLS;7071.0;9
2;30800;Paris;Caesar;BAGUETTE;SEASHELLS;12233.0;3
2;30800;Gina;Charlie;BANANAS;SEASHELLS;4817.0;12
2;30900;Paris;Caesar;DIP;SEASHELLS;7072.0;6
2;30900;Paris;Caesar;UKULELE;SEASHELLS;20966.0;4
2;31000;Paris;Caesar;UKULELE;SEASHELLS;20962.0;3
2;31200;Caesar;Paris;UKULELE;SEASHELLS;20960.0;4
2;31200;Gary;Camilla;BERRIES;SEASHELLS;3852.0;11
2;31300;Paris;Charlie;BANANAS;SEASHELLS;4817.0;1
2;31600;Paris;Caesar;UKULELE;SEASHELLS;20956.0;2
2;31700;Paris;Caesar;UKULELE;SEASHELLS;20960.0;3
2;31700;Camilla;Penelope;BERRIES;SEASHELLS;3845.0;12
2;31700;Paris;Charlie;BANANAS;SEASHELLS;4818.0;1
2;31800;Penelope;Charlie;BANANAS;SEASHELLS;4819.0;12
2;31900;Gary;Charlie;BANANAS;SEASHELLS;4819.0;15
2;32000;Charlie;Penelope;BANANAS;SEASHELLS;4813.0;12
2;32100;Penelope;Charlie;BANANAS;SEASHELLS;4819.0;12
2;32300;Caesar;Paris;UKULELE;SEASHELLS;20973.0;1
2;32300;Caesar;Caesar;PINA_COLADAS;SEASHELLS;14882.0;25
2;32400;Caesar;Penelope;PICNIC_BASKET;SEASHELLS;74181.0;1
2;32400;Caesar;Paris;DIP;SEASHELLS;7070.0;8
2;32500;Caesar;Paris;UKULELE;SEASHELLS;20972.0;1
2;32600;Caesar;Camilla;BAGUETTE;SEASHELLS;12221.0;9
2;32700;Pablo;Caesar;PICNIC_BASKET;SEASHELLS;74182.0;1
2;32800;Camilla;Camilla;DIVING_GEAR;SEASHELLS;99127.0;1
2;32800;Caesar;Paris;BAGUETTE;SEASHELLS;12225.0;5
2;32800;Camilla;Penelope;BERRIES;SEASHELLS;3844.0;13
2;32900;Charlie;Paris;BANANAS;SEASHELLS;4813.0;1
2;32900;Camilla;Charlie;DIVING_GEAR;SEASHELLS;99129.0;1
2;33100;Caesar;Paris;BAGUETTE;SEASHELLS;12227.0;8
2;33100;Camilla;Paris;BANANAS;SEASHELLS;4813.0;1
2;33200;Gina;Charlie;BANANAS;SEASHELLS;4818.0;9
2;33200;Caesar;Camilla;UKULELE;SEASHELLS;20969.0;6
2;33300;Penelope;Camilla;BANANAS;SEASHELLS;4817.0;3
2;33300;Caesar;Paris;UKULELE;SEASHELLS;20969.0;4
2;33600;Paris;Caesar;PEARLS;SEASHELLS;10004.0;1
2;33600;Paris;Caesar;BANANAS;SEASHELLS;4818.0;1
2;33600;Penelope;Caesar;PICNIC_BASKET;SEASHELLS;74142.0;2
2;33800;Paris;Caesar;DIP;SEASHELLS;7067.0;10
2;34000;Paris;Camilla;DIVING_GEAR;SEASHELLS;99122.0;2
2;34800;Pablo;Paris;PEARLS;SEASHELLS;10002.0;1
2;35000;Gary;Caesar;BANANAS;SEASHELLS;4815.0;2
2;35100;Paris;Caesar;DIP;SEASHELLS;7076.0;8
2;35200;Paris;Caesar;DIP;SEASHELLS;7077.0;7
2;35200;Pablo;Paris;BANANAS;SEASHELLS;4816.0;1
2;35200;Caesar;Penelope;PEARLS;SEASHELLS;9996.0;1
2;35500;Caesar;Paris;DIP;SEASHELLS;7074.0;7
2;35800;Caesar;Camilla;DIP;SEASHELLS;7072.0;3
2;35900;Paris;Caesar;DIP;SEASHELLS;7074.0;5
2;35900;Camilla;Paris;DIVING_GEAR;SEASHELLS;99123.0;2
2;36000;Caesar;Camilla;DIP;SEASHELLS;7071.0;3
2;36000;Gary;Camilla;BERRIES;SEASHELLS;3853.0;13
2;36000;Peter;Charlie;COCONUTS;SEASHELLS;7949.0;9
2;36100;Paris;Caesar;UKULELE;SEASHELLS;20971.0;2
2;36100;Paris;Caesar;BAGUETTE;SEASHELLS;12225.0;6
2;36100;Caesar;Caesar;COCONUTS;SEASHELLS;7946.0;54
2;36200;Charlie;Caesar;BANANAS;SEASHELLS;4814.0;5
2;36600;Penelope;Caesar;BANANAS;SEASHELLS;4818.0;1
2;36600;Charlie;Gary;BANANAS;SEASHELLS;4812.0;13
2;36700;Paris;Camilla;BERRIES;SEASHELLS;3851.0;5
2;36800;Charlie;Penelope;BANANAS;SEASHELLS;4813.0;1
2;36800;Caesar;Penelope;BANANAS;SEASHELLS;4813.0;2
2;36800;Charlie;Paris;PEARLS;SEASHELLS;9998.0;1
2;36900;Charlie;Paris;BANANAS;SEASHELLS;4813.0;1
2;37000;Penelope;Camilla;PICNIC_BASKET;SEASHELLS;74199.0;9
2;37100;Penelope;Charlie;BANANAS;SEASHELLS;4819.0;3
2;37100;Gary;Charlie;BANANAS;SEASHELLS;4819.0;18
2;37200;Paris;Caesar;BAGUETTE;SEASHELLS;12230.0;3
2;37300;Caesar;Camilla;DIP;SEASHELLS;7071.0;9
2;37300;Penelope;Camilla;PICNIC_BASKET;SEASHELLS;74197.0;10
2;37400;Caesar;Camilla;BAGUETTE;SEASHELLS;12229.0;7
2;37600;Caesar;Caesar;PINA_COLADAS;SEASHELLS;14888.0;25
2;37700;Paris;Charlie;BANANAS;SEASHELLS;4819.0;1
2;37800;Camilla;Paris;PEARLS;SEASHELLS;9998.0;2
2;37800;Camilla;Paris;BANANAS;SEASHELLS;4815.0;2
2;37900;Camilla;Paris;DIVING_GEAR;SEASHELLS;99131.0;2
2;37900;Camilla;Camilla;DIVING_GEAR;SEASHELLS;99131.0;2
2;38000;Paris;Caesar;BAGUETTE;SEASHELLS;12219.0;6
2;38100;Penelope;Camilla;BERRIES;SEASHELLS;3851.0;13
2;38300;Gina;Charlie;BANANAS;SEASHELLS;4818.0;8
2;38500;Camilla;Gary;BERRIES;SEASHELLS;3844.0;16
2;38800;Penelope;Charlie;PEARLS;SEASHELLS;10005.0;5
2;39000;Paris;Caesar;BAGUETTE;SEASHELLS;12226.0;6
2;39300;Penelope;Caesar;PICNIC_BASKET;SEASHELLS;74144.0;5
2;39400;Caesar;Paris;DIP;SEASHELLS;7070.0;8
2;39500;Caesar;Paris;UKULELE;SEASHELLS;20973.0;3
2;39500;Paris;Charlie;BANANAS;SEASHELLS;4819.0;1
2;39800;Charlie;Caesar;BANANAS;SEASHELLS;4816.0;4
2;40000;Paris;Camilla;DIVING_GEAR;SEASHELLS;99101.0;3
2;40100;Caesar;Paris;DIP;SEASHELLS;7069.0;4
2;40100;Camilla;Penelope;BERRIES;SEASHELLS;3846.0;15
2;40200;Caesar;Paris;DIP;SEASHELLS;7068.0;8
2;40200;Paris;Caesar;BAGUETTE;SEASHELLS;12217.0;6
2;40400;Caesar;Camilla;DIP;SEASHELLS;7067.0;7
2;40600;Penelope;Camilla;BERRIES;SEASHELLS;3855.0;12
2;40700;Caesar;Penelope;BANANAS;SEASHELLS;4817.0;5
2;41100;Pablo;Camilla;PEARLS;SEASHELLS;10002.0;3
2;41100;Paris;Caesar;UKULELE;SEASHELLS;20978.0;3
2;41200;Caesar;Paris;DIP;SEASHELLS;7069.0;10
2;41300;Caesar;Paris;BAGUETTE;SEASHELLS;12209.0;3
2;41400;Caesar;Pablo;PICNIC_BASKET;SEASHELLS;74097.0;2
2;41400;Camilla;Pablo;PICNIC_BASKET;SEASHELLS;74096.0;4
2;41600;Charlie;Peter;COCONUTS;SEASHELLS;7937.0;7
2;41600;Caesar;Paris;BAGUETTE;SEASHELLS;12206.0;8
2;41900;Caesar;Paris;DIP;SEASHELLS;7068.0;8
2;42000;Caesar;Paris;BAGUETTE;SEASHELLS;12211.0;8
2;42000;Caesar;Camilla;DIP;SEASHELLS;7067.0;5
2;42200;Peter;Charlie;COCONUTS;SEASHELLS;7940.0;8
2;42600;Paris;Charlie;BERRIES;SEASHELLS;3856.0;7
2;42600;Caesar;Paris;BAGUETTE;SEASHELLS;12218.0;8
2;42600;Caesar;Paris;UKULELE;SEASHELLS;20972.0;3
2;42700;Caesar;Paris;BAGUETTE;SEASHELLS;12220.0;3
2;42800;Charlie;Paris;BANANAS;SEASHELLS;4814.0;1
2;42900;Caesar;Paris;UKULELE;SEASHELLS;20964.0;5
2;42900;Paris;Gina;BERRIES;SEASHELLS;3852.0;4
2;42900;Caesar;Caesar;COCONUTS;SEASHELLS;7940.0;50
2;42900;Peter;Gina;BERRIES;SEASHELLS;3852.0;3
2;43200;Camilla;Gary;BERRIES;SEASHELLS;3849.0;19
2;43200;Paris;Camilla;BANANAS;SEASHELLS;4818.0;1
2;43400;Caesar;Paris;UKULELE;SEASHELLS;20971.0;3
2;43400;Paris;Camilla;BAGUETTE;SEASHELLS;12220.0;5
2;43400;Gary;Charlie;PEARLS;SEASHELLS;10005.0;11
2;43700;Gina;Caesar;PEARLS;SEASHELLS;10002.0;5
2;43700;Gina;Charlie;PEARLS;SEASHELLS;10002.0;1
2;43800;Caesar;Paris;DIP;SEASHELLS;7071.0;10
2;44300;Paris;Caesar;UKULELE;SEASHELLS;20971.0;2
2;44600;Camilla;Penelope;BERRIES;SEASHELLS;3848.0;11
2;44800;Camilla;Pablo;PICNIC_BASKET;SEASHELLS;74231.0;1
2;44800;Paris;Caesar;BAGUETTE;SEASHELLS;12229.0;8
2;44800;Caesar;Paris;DIP;SEASHELLS;7076.0;4
2;44800;Caesar;Pablo;PICNIC_BASKET;SEASHELLS;74231.0;1
2;45000;Caesar;Paris;BANANAS;SEASHELLS;4817.0;1
2;45000;Paris;Caesar;UKULELE;SEASHELLS;20963.0;3
2;45200;Penelope;Camilla;PICNIC_BASKET;SEASHELLS;74241.0;7
2;45400;Charlie;Gina;PEARLS;SEASHELLS;9998.0;6
2;45500;Caesar;Camilla;DIP;SEASHELLS;7074.0;9
2;45600;Caesar;Paris;BANANAS;SEASHELLS;4815.0;1
2;45700;Caesar;Caesar;PINA_COLADAS;SEASHELLS;14895.0;22
2;46000;Gary;Charlie;BANANAS;SEASHELLS;4821.0;12
2;46200;Charlie;Paris;DIVING_GEAR;SEASHELLS;99085.0;3
2;46300;Penelope;Charlie;PEARLS;SEASHELLS;10004.0;3
2;46300;Penelope;Caesar;PEARLS;SEASHELLS;10004.0;1
2;46300;Peter;Caesar;PINA_COLADAS;SEASHELLS;14894.0;4
2;46500;Paris;Caesar;BAGUETTE;SEASHELLS;12225.0;6
2;46800;Camilla;Penelope;BERRIES;SEASHELLS;3847.0;11
2;47000;Charlie;Pablo;COCONUTS;SEASHELLS;7946.0;25
2;47100;Penelope;Charlie;PEARLS;SEASHELLS;10005.0;8
2;47100;Caesar;Camilla;DIP;SEASHELLS;7074.0;3
2;47100;Camilla;Paris;BANANAS;SEASHELLS;4816.0;1
2;47400;Charlie;Paris;PEARLS;SEASHELLS;9995.0;1
2;47400;Charlie;Paris;BANANAS;SEASHELLS;4816.0;1
2;47400;Charlie;Paris;PEARLS;SEASHELLS;9998.0;1
2;47500;Paris;Charlie;BANANAS;SEASHELLS;4823.0;1
2;47500;Peter;Charlie;COCONUTS;SEASHELLS;7948.0;10
2;47500;Paris;Caesar;PEARLS;SEASHELLS;10004.0;1
2;47600;Paris;Caesar;DIP;SEASHELLS;7079.0;9
2;48000;Charlie;Pablo;PEARLS;SEASHELLS;9998.0;3
2;48000;Paris;Caesar;DIP;SEASHELLS;7079.0;10
2;48200;Pablo;Charlie;PEARLS;SEASHELLS;10002.0;3
2;48200;Caesar;Paris;DIP;SEASHELLS;7079.0;4
2;48200;Paris;Charlie;PEARLS;SEASHELLS;10002.0;1
2;48300;Paris;Penelope;PEARLS;SEASHELLS;10002.0;1
2;48300;Penelope;Caesar;PICNIC_BASKET;SEASHELLS;74203.0;2
2;48400;Charlie;Camilla;DIVING_GEAR;SEASHELLS;99106.0;3
2;48400;Charlie;Paris;BANANAS;SEASHELLS;4816.0;1
2;48500;Camilla;Penelope;BERRIES;SEASHELLS;3848.0;14
2;48500;Gary;Charlie;PEARLS;SEASHELLS;10005.0;10
2;48700;Camilla;Paris;BERRIES;SEASHELLS;3849.0;7
2;48900;Paris;Caesar;BAGUETTE;SEASHELLS;12228.0;6
2;48900;Charlie;Paris;PEARLS;SEASHELLS;9998.0;1
2;49000;Charlie;Paris;PEARLS;SEASHELLS;9995.0;2
2;49000;Charlie;Paris;BANANAS;SEASHELLS;4817.0;2
2;49000;Paris;Caesar;DIP;SEASHELLS;7080.0;5
2;49100;Charlie;Paris;BANANAS;SEASHELLS;4817.0;1
2;49300;Penelope;Caesar;PEARLS;SEASHELLS;10004.0;1
2;49300;Camilla;Penelope;BANANAS;SEASHELLS;4818.0;8
2;49300;Camilla;Paris;BANANAS;SEASHELLS;4817.0;1
2;49400;Paris;Charlie;BANANAS;SEASHELLS;4822.0;1
2;49400;Paris;Caesar;DIP;SEASHELLS;7083.0;8
2;49600;Caesar;Camilla;BAGUETTE;SEASHELLS;12233.0;6
2;49800;Charlie;Paris;PEARLS;SEASHELLS;9998.0;1
2;50000;Paris;Caesar;DIP;SEASHELLS;7085.0;6
2;50200;Caesar;Paris;UKULELE;SEASHELLS;20905.0;5
2;50200;Charlie;Penelope;BANANAS;SEASHELLS;4817.0;10
2;50200;Caesar;Penelope;PICNIC_BASKET;SEASHELLS;74175.0;1
2;50300;Charlie;Peter;COCONUTS;SEASHELLS;7948.0;7
2;50400;Charlie;Paris;BANANAS;SEASHELLS;4816.0;1
2;50500;Caesar;Camilla;BAGUETTE;SEASHELLS;12230.0;6
2;50500;Charlie;Paris;BANANAS;SEASHELLS;4816.0;1
2;50500;Charlie;Paris;PEARLS;SEASHELLS;9995.0;1
2;50600;Paris;Caesar;PEARLS;SEASHELLS;10004.0;1
2;50600;Paris;Charlie;PEARLS;SEASHELLS;10004.0;1
2;50600;Paris;Charlie;BANANAS;SEASHELLS;4823.0;2
2;50600;Paris;Charlie;BANANAS;SEASHELLS;4821.0;1
2;50700;Charlie;Paris;DIVING_GEAR;SEASHELLS;99118.0;2
2;50800;Caesar;Paris;UKULELE;SEASHELLS;20904.0;1
2;51000;Camilla;Paris;BERRIES;SEASHELLS;3853.0;1
2;51100;Charlie;Gary;PEARLS;SEASHELLS;9996.0;10
2;51100;Caesar;Gary;PEARLS;SEASHELLS;9996.0;1
2;51200;Charlie;Paris;PEARLS;SEASHELLS;9995.0;2
2;51200;Charlie;Paris;BANANAS;SEASHELLS;4816.0;2
2;51300;Penelope;Charlie;PEARLS;SEASHELLS;10005.0;6
2;51500;Peter;Charlie;PINA_COLADAS;SEASHELLS;14886.0;3
2;51900;Charlie;Penelope;PEARLS;SEASHELLS;9995.0;4
2;52100;Paris;Caesar;UKULELE;SEASHELLS;20903.0;5
2;52300;Paris;Caesar;UKULELE;SEASHELLS;20901.0;5
2;52400;Paris;Caesar;BAGUETTE;SEASHELLS;12240.0;5
2;52500;Paris;Caesar;UKULELE;SEASHELLS;20907.0;4
2;52500;Charlie;Paris;PEARLS;SEASHELLS;9998.0;1
2;52500;Caesar;Pablo;PICNIC_BASKET;SEASHELLS;74202.0;2
2;52500;Camilla;Pablo;PICNIC_BASKET;SEASHELLS;74201.0;2
2;52600;Caesar;Paris;PEARLS;SEASHELLS;9998.0;1
2;52700;Gary;Caesar;PEARLS;SEASHELLS;10004.0;2
2;52700;Gary;Charlie;PEARLS;SEASHELLS;10004.0;6
2;53000;Paris;Caesar;BAGUETTE;SEASHELLS;12231.0;5
2;53000;Caesar;Paris;PEARLS;SEASHELLS;9996.0;1
2;53000;Caesar;Paris;UKULELE;SEASHELLS;20899.0;2
2;53000;Paris;Paris;BANANAS;SEASHELLS;4820.0;1
2;53100;Paris;Caesar;UKULELE;SEASHELLS;20898.0;5
2;53200;Charlie;Pablo;PEARLS;SEASHELLS;9998.0;5
2;53300;Caesar;Camilla;DIP;SEASHELLS;7092.0;9
2;53400;Caesar;Paris;BAGUETTE;SEASHELLS;12229.0;3
2;53600;Paris;Charlie;BANANAS;SEASHELLS;4821.0;1
2;53600;Paris;Caesar;PEARLS;SEASHELLS;10004.0;1
2;53700;Caesar;Camilla;DIP;SEASHELLS;7090.0;10
2;53800;Caesar;Paris;UKULELE;SEASHELLS;20903.0;2
2;53900;Paris;Charlie;PEARLS;SEASHELLS;10005.0;1
2;53900;Paris;Camilla;DIVING_GEAR;SEASHELLS;99138.0;1
2;53900;Paris;Charlie;BANANAS;SEASHELLS;4819.0;1
2;54000;Charlie;Pablo;BANANAS;SEASHELLS;4814.0;5
2;54100;Caesar;Paris;BANANAS;SEASHELLS;4813.0;1
2;54200;Caesar;Paris;UKULELE;SEASHELLS;20911.0;1
2;54300;Paris;Caesar;DIP;SEASHELLS;7093.0;6
2;54300;Charlie;Gina;BANANAS;SEASHELLS;4814.0;7
2;54400;Penelope;Charlie;BANANAS;SEASHELLS;4821.0;3
2;54400;Peter;Caesar;COCONUTS;SEASHELLS;7940.0;5
2;54500;Paris;Camilla;BERRIES;SEASHELLS;3861.0;10
2;54500;Charlie;Pablo;COCONUTS;SEASHELLS;7938.0;26
2;54700;Charlie;Penelope;BANANAS;SEASHELLS;4813.0;2
2;54800;Caesar;Paris;BANANAS;SEASHELLS;4813.0;1
2;54800;Caesar;Paris;UKULELE;SEASHELLS;20910.0;1
2;55000;Paris;Caesar;DIP;SEASHELLS;7098.0;8
2;55000;Charlie;Caesar;BANANAS;SEASHELLS;4815.0;5
2;55100;Caesar;Paris;DIP;SEASHELLS;7099.0;9
2;55200;Caesar;Paris;BAGUETTE;SEASHELLS;12239.0;5
2;55300;Caesar;Paris;BAGUETTE;SEASHELLS;12237.0;8
2;55400;Paris;Caesar;DIP;SEASHELLS;7100.0;5
2;55500;Charlie;Pablo;COCONUTS;SEASHELLS;7939.0;12
2;55500;Paris;Charlie;DIVING_GEAR;SEASHELLS;99088.0;3
2;55600;Caesar;Penelope;BANANAS;SEASHELLS;4812.0;2
2;55900;Camilla;Paris;BANANAS;SEASHELLS;4812.0;1
2;55900;Camilla;Pablo;BANANAS;SEASHELLS;4813.0;2
2;56000;Paris;Gary;BANANAS;SEASHELLS;4813.0;1
2;56000;Camilla;Gary;BANANAS;SEASHELLS;4813.0;10
2;56000;Camilla;Penelope;BERRIES;SEASHELLS;3854.0;15
2;56000;Paris;Caesar;PEARLS;SEASHELLS;10004.0;1
2;56000;Camilla;Pablo;PEARLS;SEASHELLS;9998.0;5
2;56100;Charlie;Paris;BANANAS;SEASHELLS;4811.0;1
2;56300;Caesar;Penelope;PICNIC_BASKET;SEASHELLS;74201.0;2
2;56400;Charlie;Paris;PEARLS;SEASHELLS;9998.0;1
2;56600;Gary;Charlie;BANANAS;SEASHELLS;4817.0;16
2;56600;Penelope;Camilla;BERRIES;SEASHELLS;3860.0;10
2;56800;Charlie;Paris;BANANAS;SEASHELLS;4810.0;2
2;56800;Caesar;Paris;PEARLS;SEASHELLS;9996.0;2
2;56900;Caesar;Camilla;DIP;SEASHELLS;7093.0;5
2;57100;Camilla;Paris;BERRIES;SEASHELLS;3854.0;4
2;57100;Penelope;Camilla;PICNIC_BASKET;SEASHELLS;74282.0;6
2;57500;Pablo;Peter;BERRIES;SEASHELLS;3856.0;4
2;57600;Paris;Paris;PEARLS;SEASHELLS;9998.0;1
2;57600;Paris;Paris;BANANAS;SEASHELLS;4809.0;1
2;57700;Pablo;Charlie;PEARLS;SEASHELLS;10002.0;5
2;57800;Camilla;Pablo;PEARLS;SEASHELLS;9998.0;1
2;57800;Paris;Charlie;BANANAS;SEASHELLS;4813.0;1
2;57900;Charlie;Paris;BANANAS;SEASHELLS;4808.0;1
2;58100;Caesar;Paris;UKULELE;SEASHELLS;20897.0;2
2;58300;Charlie;Paris;BANANAS;SEASHELLS;4807.0;1
2;58400;Penelope;Caesar;PICNIC_BASKET;SEASHELLS;74285.0;2
2;58400;Paris;Charlie;BANANAS;SEASHELLS;4813.0;1
2;58400;Paris;Caesar;PEARLS;SEASHELLS;10004.0;1
2;58500;Penelope;Caesar;PEARLS;SEASHELLS;10004.0;2
2;58600;Caesar;Paris;DIP;SEASHELLS;7096.0;6
2;58600;Caesar;Penelope;PICNIC_BASKET;SEASHELLS;74294.0;1
2;58700;Paris;Caesar;DIP;SEASHELLS;7099.0;4
2;58800;Paris;Caesar;DIP;SEASHELLS;7099.0;8
2;58900;Paris;Camilla;BANANAS;SEASHELLS;4811.0;1
2;58900;Paris;Camilla;BANANAS;SEASHELLS;4810.0;2
2;58900;Paris;Camilla;PEARLS;SEASHELLS;10002.0;1
2;58900;Pablo;Camilla;BANANAS;SEASHELLS;4810.0;2
2;58900;Pablo;Camilla;PEARLS;SEASHELLS;10002.0;4
2;59000;Caesar;Paris;UKULELE;SEASHELLS;20891.0;1
2;59100;Camilla;Penelope;PEARLS;SEASHELLS;9998.0;2
2;59100;Pablo;Caesar;PICNIC_BASKET;SEASHELLS;74250.0;2
2;59100;Camilla;Paris;PEARLS;SEASHELLS;9998.0;2
2;59100;Camilla;Paris;BANANAS;SEASHELLS;4807.0;2
2;59200;Paris;Charlie;PEARLS;SEASHELLS;10002.0;1
2;59200;Penelope;Caesar;PICNIC_BASKET;SEASHELLS;74232.0;2
2;59200;Paris;Camilla;DIVING_GEAR;SEASHELLS;99054.0;3
2;59400;Paris;Caesar;UKULELE;SEASHELLS;20886.0;1
2;59400;Camilla;Pablo;PEARLS;SEASHELLS;9998.0;4
2;59700;Caesar;Paris;DIP;SEASHELLS;7093.0;8
2;59800;Penelope;Camilla;PICNIC_BASKET;SEASHELLS;74220.0;6
2;59800;Charlie;Penelope;PEARLS;SEASHELLS;9995.0;5
2;59900;Charlie;Paris;BANANAS;SEASHELLS;4809.0;1
2;60000;Pablo;Caesar;PICNIC_BASKET;SEASHELLS;74198.0;8
2;60000;Charlie;Paris;BANANAS;SEASHELLS;4808.0;1
2;60100;Camilla;Paris;BANANAS;SEASHELLS;4808.0;1
2;60200;Caesar;Paris;UKULELE;SEASHELLS;20891.0;4
2;60200;Caesar;Pablo;COCONUTS;SEASHELLS;7928.0;19
2;60300;Paris;Caesar;DIP;SEASHELLS;7093.0;9
2;60300;Penelope;Caesar;PICNIC_BASKET;SEASHELLS;74188.0;2
2;60400;Paris;Caesar;BAGUETTE;SEASHELLS;12232.0;7
2;60700;Caesar;Paris;UKULELE;SEASHELLS;20890.0;1
2;61000;Peter;Charlie;COCONUTS;SEASHELLS;7931.0;6
2;61000;Charlie;Penelope;PEARLS;SEASHELLS;9995.0;2
2;61000;Caesar;Paris;BAGUETTE;SEASHELLS;12215.0;3
2;61100;Camilla;Paris;DIVING_GEAR;SEASHELLS;99046.0;2
2;61100;Caesar;Paris;UKULELE;SEASHELLS;20878.0;2
2;61100;Caesar;Gary;BANANAS;SEASHELLS;4810.0;6
2;61100;Camilla;Paris;PEARLS;SEASHELLS;9998.0;1
2;61200;Caesar;Camilla;BAGUETTE;SEASHELLS;12218.0;10
2;61200;Paris;Camilla;BANANAS;SEASHELLS;4812.0;1
2;61200;Paris;Caesar;DIP;SEASHELLS;7094.0;4
2;61300;Camilla;Pablo;PEARLS;SEASHELLS;9998.0;1
2;61300;Paris;Caesar;DIP;SEASHELLS;7093.0;10
2;61500;Caesar;Paris;DIP;SEASHELLS;7093.0;9
2;61600;Camilla;Paris;BERRIES;SEASHELLS;3855.0;4
2;61600;Caesar;Paris;DIP;SEASHELLS;7093.0;4
2;62000;Camilla;Penelope;BERRIES;SEASHELLS;3855.0;10
2;62000;Caesar;Camilla;UKULELE;SEASHELLS;20878.0;6
2;62000;Paris;Caesar;DIP;SEASHELLS;7094.0;10
2;62300;Camilla;Pablo;PEARLS;SEASHELLS;9998.0;1
2;62300;Camilla;Paris;BANANAS;SEASHELLS;4805.0;1
2;62500;Charlie;Paris;BANANAS;SEASHELLS;4806.0;1
2;62500;Paris;Charlie;PEARLS;SEASHELLS;10002.0;1
2;62600;Paris;Charlie;BANANAS;SEASHELLS;4810.0;1
2;62600;Paris;Caesar;UKULELE;SEASHELLS;20886.0;4
2;62700;Paris;Camilla;BANANAS;SEASHELLS;4810.0;1
2;62900;Paris;Caesar;UKULELE;SEASHELLS;20891.0;5
2;62900;Charlie;Peter;PINA_COLADAS;SEASHELLS;14825.0;3
2;63000;Caesar;Paris;UKULELE;SEASHELLS;20890.0;5
2;63000;Caesar;Paris;BAGUETTE;SEASHELLS;12227.0;6
2;63200;Paris;Camilla;BANANAS;SEASHELLS;4810.0;1
2;63200;Paris;Camilla;PEARLS;SEASHELLS;10002.0;1
2;63400;Paris;Caesar;BANANAS;SEASHELLS;4812.0;1
2;63400;Camilla;Penelope;BERRIES;SEASHELLS;3856.0;11
2;63400;Paris;Caesar;PEARLS;SEASHELLS;10004.0;1
2;63500;Charlie;Pablo;BANANAS;SEASHELLS;4808.0;3
2;63500;Paris;Caesar;UKULELE;SEASHELLS;20887.0;4
2;63600;Camilla;Penelope;BANANAS;SEASHELLS;4807.0;5
2;63800;Gary;Charlie;BANANAS;SEASHELLS;4813.0;16
2;63800;Paris;Charlie;BANANAS;SEASHELLS;4811.0;1
2;63800;Paris;Caesar;UKULELE;SEASHELLS;20885.0;4
2;64100;Caesar;Paris;UKULELE;SEASHELLS;20884.0;5
2;64100;Penelope;Pablo;PEARLS;SEASHELLS;9998.0;2
2;64200;Charlie;Paris;BANANAS;SEASHELLS;4806.0;1
2;64400;Paris;Caesar;UKULELE;SEASHELLS;20888.0;4
2;64500;Paris;Peter;BERRIES;SEASHELLS;3860.0;1
2;64600;Caesar;Paris;UKULELE;SEASHELLS;20893.0;5
2;64600;Charlie;Paris;BANANAS;SEASHELLS;4807.0;1
2;64900;Paris;Caesar;BAGUETTE;SEASHELLS;12233.0;8
2;65000;Paris;Camilla;BANANAS;SEASHELLS;4810.0;2
2;65000;Paris;Camilla;PEARLS;SEASHELLS;10002.0;2
2;65100;Camilla;Paris;BERRIES;SEASHELLS;3857.0;2
2;65100;Camilla;Paris;BANANAS;SEASHELLS;4806.0;1
2;65100;Caesar;Camilla;BAGUETTE;SEASHELLS;12226.0;8
2;65200;Penelope;Caesar;BANANAS;SEASHELLS;4812.0;2
2;65300;Caesar;Paris;DIP;SEASHELLS;7089.0;10
2;65400;Paris;Camilla;PEARLS;SEASHELLS;10002.0;1
2;65400;Penelope;Camilla;PEARLS;SEASHELLS;10002.0;1
2;65400;Caesar;Paris;UKULELE;SEASHELLS;20885.0;4
2;65400;Charlie;Paris;BANANAS;SEASHELLS;4806.0;1
2;65500;Caesar;Paris;BAGUETTE;SEASHELLS;12218.0;4
2;65600;Paris;Camilla;BERRIES;SEASHELLS;3862.0;2
2;65700;Camilla;Gina;PEARLS;SEASHELLS;9998.0;4
2;65700;Charlie;Paris;PEARLS;SEASHELLS;9995.0;1
2;65700;Camilla;Paris;BANANAS;SEASHELLS;4807.0;1
2;66000;Paris;Charlie;BANANAS;SEASHELLS;4812.0;2
2;66000;Paris;Caesar;PEARLS;SEASHELLS;10004.0;2
2;66100;Charlie;Pablo;PEARLS;SEASHELLS;9998.0;2
2;66300;Charlie;Paris;BANANAS;SEASHELLS;4807.0;1
2;66400;Charlie;Paris;PEARLS;SEASHELLS;9998.0;1
2;66400;Caesar;Pablo;PICNIC_BASKET;SEASHELLS;74019.0;2
2;66400;Camilla;Pablo;PICNIC_BASKET;SEASHELLS;74019.0;3
2;66500;Charlie;Paris;BANANAS;SEASHELLS;4807.0;1
2;66600;Charlie;Pablo;PEARLS;SEASHELLS;9998.0;2
2;66700;Caesar;Paris;BANANAS;SEASHELLS;4807.0;1
2;67000;Charlie;Paris;DIVING_GEAR;SEASHELLS;99137.0;3
2;67000;Paris;Gina;BANANAS;SEASHELLS;4812.0;1
2;67000;Charlie;Gina;BANANAS;SEASHELLS;4808.0;11
2;67300;Charlie;Paris;BANANAS;SEASHELLS;4808.0;1
2;67300;Caesar;Paris;UKULELE;SEASHELLS;20881.0;5
2;67400;Caesar;Pablo;PICNIC_BASKET;SEASHELLS;73963.0;2
2;67500;Paris;Camilla;BERRIES;SEASHELLS;3858.0;8
2;67500;Penelope;Charlie;BANANAS;SEASHELLS;4814.0;10
2;67600;Charlie;Paris;PEARLS;SEASHELLS;9995.0;2
2;67600;Charlie;Paris;BANANAS;SEASHELLS;4807.0;2
2;67700;Camilla;Paris;PEARLS;SEASHELLS;9998.0;1
2;67700;Caesar;Paris;BANANAS;SEASHELLS;4810.0;1
2;67800;Paris;Gary;BANANAS;SEASHELLS;4813.0;1
2;67900;Caesar;Camilla;DIP;SEASHELLS;7080.0;10
2;68000;Paris;Charlie;BANANAS;SEASHELLS;4815.0;2
2;68000;Paris;Caesar;PEARLS;SEASHELLS;10004.0;2
2;68100;Caesar;Penelope;PICNIC_BASKET;SEASHELLS;73918.0;2
2;68200;Paris;Caesar;DIP;SEASHELLS;7082.0;4
2;68200;Caesar;Camilla;UKULELE;SEASHELLS;20869.0;9
2;68300;Camilla;Paris;BANANAS;SEASHELLS;4811.0;1
2;68300;Pablo;Charlie;PEARLS;SEASHELLS;10002.0;1
2;68300;Paris;Caesar;BAGUETTE;SEASHELLS;12227.0;4
2;68500;Camilla;Penelope;PEARLS;SEASHELLS;9998.0;5
2;68600;Charlie;Paris;PEARLS;SEASHELLS;9998.0;1
2;68600;Paris;Caesar;UKULELE;SEASHELLS;20870.0;3
2;68600;Caesar;Pablo;COCONUTS;SEASHELLS;7918.0;24
2;68600;Charlie;Caesar;BANANAS;SEASHELLS;4813.0;6
2;68700;Caesar;Paris;BAGUETTE;SEASHELLS;12223.0;3
2;69000;Paris;Charlie;BANANAS;SEASHELLS;4816.0;2
2;69000;Paris;Caesar;PEARLS;SEASHELLS;10004.0;2
2;69100;Caesar;Paris;UKULELE;SEASHELLS;20871.0;2
2;69100;Pablo;Gary;BERRIES;SEASHELLS;3855.0;7
2;69200;Charlie;Pablo;PINA_COLADAS;SEASHELLS;14837.0;13
2;69300;Charlie;Pablo;BANANAS;SEASHELLS;4811.0;3
2;69400;Charlie;Penelope;BANANAS;SEASHELLS;4810.0;9
2;69400;Camilla;Camilla;DIVING_GEAR;SEASHELLS;99184.0;1
2;69500;Caesar;Pablo;PICNIC_BASKET;SEASHELLS;73963.0;1
2;69500;Camilla;Pablo;PICNIC_BASKET;SEASHELLS;73962.0;4
2;69800;Caesar;Paris;BAGUETTE;SEASHELLS;12222.0;5
2;70300;Caesar;Pablo;PICNIC_BASKET;SEASHELLS;73868.0;1
2;70300;Paris;Caesar;UKULELE;SEASHELLS;20858.0;5
2;70500;Camilla;Paris;PEARLS;SEASHELLS;9998.0;1
2;70500;Pablo;Charlie;BANANAS;SEASHELLS;4813.0;1
2;71000;Charlie;Pablo;BANANAS;SEASHELLS;4810.0;5
2;71100;Gary;Charlie;PEARLS;SEASHELLS;10004.0;7
2;71100;Gary;Caesar;PEARLS;SEASHELLS;10004.0;2
2;71200;Caesar;Paris;DIP;SEASHELLS;7081.0;7
2;71300;Paris;Charlie;PEARLS;SEASHELLS;10002.0;1
2;71400;Charlie;Pablo;PEARLS;SEASHELLS;9998.0;3
2;71500;Caesar;Camilla;BAGUETTE;SEASHELLS;12206.0;10
2;71600;Caesar;Penelope;PEARLS;SEASHELLS;9996.0;2
2;71700;Paris;Caesar;UKULELE;SEASHELLS;20859.0;3
2;71800;Penelope;Charlie;BANANAS;SEASHELLS;4816.0;2
2;71900;Paris;Caesar;BANANAS;SEASHELLS;4814.0;1
2;72000;Paris;Caesar;UKULELE;SEASHELLS;20857.0;1
2;72000;Pablo;Charlie;BANANAS;SEASHELLS;4813.0;4
2;72100;Camilla;Paris;DIVING_GEAR;SEASHELLS;99125.0;1
2;72100;Paris;Caesar;BAGUETTE;SEASHELLS;12210.0;8
2;72200;Charlie;Paris;BANANAS;SEASHELLS;4809.0;1
2;72300;Charlie;Pablo;PEARLS;SEASHELLS;9998.0;1
2;72400;Caesar;Camilla;BAGUETTE;SEASHELLS;12205.0;5
2;72500;Charlie;Paris;PEARLS;SEASHELLS;9995.0;2
2;72500;Charlie;Paris;BANANAS;SEASHELLS;4808.0;2
2;72600;Caesar;Camilla;DIP;SEASHELLS;7078.0;12
2;72600;Paris;Caesar;UKULELE;SEASHELLS;20867.0;4
2;72700;Paris;Caesar;DIP;SEASHELLS;7080.0;7
2;72700;Caesar;Penelope;PICNIC_BASKET;SEASHELLS;73883.0;2
2;72800;Paris;Camilla;BANANAS;SEASHELLS;4813.0;2
2;72800;Paris;Camilla;PEARLS;SEASHELLS;10002.0;2
2;72900;Charlie;Paris;BANANAS;SEASHELLS;4808.0;1
2;73000;Camilla;Camilla;DIVING_GEAR;SEASHELLS;99146.0;2
2;73100;Charlie;Pablo;BANANAS;SEASHELLS;4810.0;1
2;73100;Caesar;Paris;DIP;SEASHELLS;7081.0;8
2;73300;Camilla;Penelope;BERRIES;SEASHELLS;3850.0;11
2;73300;Charlie;Pablo;COCONUTS;SEASHELLS;7922.0;25
2;73300;Paris;Camilla;DIVING_GEAR;SEASHELLS;99134.0;2
2;73300;Camilla;Penelope;BANANAS;SEASHELLS;4810.0;5
2;73500;Camilla;Penelope;PICNIC_BASKET;SEASHELLS;73858.0;6
2;73600;Caesar;Paris;DIP;SEASHELLS;7081.0;8
2;73700;Penelope;Camilla;PICNIC_BASKET;SEASHELLS;73868.0;8
2;73800;Caesar;Paris;UKULELE;SEASHELLS;20855.0;4
2;73800;Caesar;Paris;BAGUETTE;SEASHELLS;12197.0;3
2;74000;Paris;Caesar;UKULELE;SEASHELLS;20857.0;4
2;74000;Gina;Charlie;BANANAS;SEASHELLS;4815.0;10
2;74000;Caesar;Pablo;PINA_COLADAS;SEASHELLS;14840.0;12
2;74200;Caesar;Caesar;COCONUTS;SEASHELLS;7920.0;11
2;74200;Caesar;Caesar;COCONUTS;SEASHELLS;7920.0;63
2;74300;Paris;Charlie;BANANAS;SEASHELLS;4815.0;1
2;74400;Caesar;Paris;UKULELE;SEASHELLS;20860.0;4
2;74400;Charlie;Paris;BANANAS;SEASHELLS;4811.0;1
2;74400;Caesar;Camilla;BAGUETTE;SEASHELLS;12193.0;6
2;74400;Charlie;Peter;COCONUTS;SEASHELLS;7918.0;10
2;74500;Camilla;Penelope;PICNIC_BASKET;SEASHELLS;73880.0;10
2;74500;Caesar;Pablo;PICNIC_BASKET;SEASHELLS;73881.0;2
2;74500;Camilla;Pablo;PICNIC_BASKET;SEASHELLS;73880.0;5
2;74600;Penelope;Caesar;PEARLS;SEASHELLS;10004.0;1
2;74600;Penelope;Charlie;PEARLS;SEASHELLS;10004.0;7
2;74700;Pablo;Charlie;PEARLS;SEASHELLS;10002.0;3
2;74700;Charlie;Pablo;BANANAS;SEASHELLS;4812.0;2
2;74800;Paris;Charlie;BANANAS;SEASHELLS;4816.0;1
2;74800;Paris;Camilla;BERRIES;SEASHELLS;3859.0;10
2;74800;Charlie;Pablo;PEARLS;SEASHELLS;9998.0;4
2;74900;Paris;Caesar;UKULELE;SEASHELLS;20858.0;3
2;74900;Charlie;Gina;BANANAS;SEASHELLS;4811.0;8
2;74900;Caesar;Camilla;DIP;SEASHELLS;7082.0;11
2;75200;Caesar;Paris;BANANAS;SEASHELLS;4811.0;1
2;75300;Penelope;Caesar;PEARLS;SEASHELLS;10004.0;2
2;75400;Gary;Caesar;PEARLS;SEASHELLS;10004.0;1
2;75400;Paris;Charlie;DIVING_GEAR;SEASHELLS;99180.0;1
2;75500;Paris;Charlie;PEARLS;SEASHELLS;10002.0;1
2;75600;Charlie;Paris;BANANAS;SEASHELLS;4811.0;1
2;75700;Caesar;Paris;UKULELE;SEASHELLS;20864.0;4
2;75900;Paris;Camilla;BERRIES;SEASHELLS;3863.0;7
2;76000;Caesar;Paris;DIP;SEASHELLS;7080.0;6
2;76400;Charlie;Paris;PEARLS;SEASHELLS;9998.0;1
2;76400;Paris;Charlie;BANANAS;SEASHELLS;4816.0;1
2;76400;Caesar;Camilla;BAGUETTE;SEASHELLS;12191.0;4
2;76500;Paris;Charlie;BANANAS;SEASHELLS;4816.0;1
2;76800;Caesar;Camilla;BAGUETTE;SEASHELLS;12188.0;7
2;77000;Camilla;Paris;PEARLS;SEASHELLS;9998.0;1
2;77100;Paris;Charlie;BANANAS;SEASHELLS;4816.0;1
2;77500;Caesar;Camilla;BAGUETTE;SEASHELLS;12186.0;4
2;77600;Camilla;Camilla;DIVING_GEAR;SEASHELLS;99196.0;1
2;77600;Charlie;Paris;PEARLS;SEASHELLS;9998.0;1
2;77700;Paris;Camilla;BERRIES;SEASHELLS;3864.0;6
2;78000;Paris;Camilla;PEARLS;SEASHELLS;10002.0;1
2;78100;Charlie;Paris;BANANAS;SEASHELLS;4809.0;1
2;78300;Paris;Charlie;PEARLS;SEASHELLS;10005.0;1
2;78300;Paris;Charlie;BANANAS;SEASHELLS;4816.0;1
2;78300;Paris;Charlie;BANANAS;SEASHELLS;4814.0;1
2;78400;Camilla;Penelope;BERRIES;SEASHELLS;3860.0;14
2;78600;Paris;Caesar;BAGUETTE;SEASHELLS;12177.0;5
2;79100;Paris;Caesar;UKULELE;SEASHELLS;20868.0;4
2;79200;Charlie;Paris;DIVING_GEAR;SEASHELLS;99191.0;3
2;79200;Caesar;Camilla;BAGUETTE;SEASHELLS;12184.0;8
2;79400;Peter;Caesar;COCONUTS;SEASHELLS;7921.0;7
2;79500;Caesar;Paris;BAGUETTE;SEASHELLS;12182.0;8
2;79600;Caesar;Paris;UKULELE;SEASHELLS;20866.0;2
2;79800;Caesar;Paris;BAGUETTE;SEASHELLS;12178.0;3
2;79900;Camilla;Camilla;DIVING_GEAR;SEASHELLS;99185.0;3
2;80100;Paris;Camilla;BANANAS;SEASHELLS;4815.0;1
2;80300;Charlie;Pablo;PINA_COLADAS;SEASHELLS;14820.0;8
2;80600;Charlie;Pablo;PEARLS;SEASHELLS;9998.0;3
2;80900;Penelope;Charlie;PEARLS;SEASHELLS;10004.0;7
2;80900;Penelope;Caesar;PEARLS;SEASHELLS;10004.0;1
2;80900;Caesar;Paris;DIP;SEASHELLS;7085.0;7
2;80900;Paris;Charlie;BANANAS;SEASHELLS;4816.0;1
2;81000;Paris;Camilla;BERRIES;SEASHELLS;3865.0;2
2;81100;Caesar;Paris;BAGUETTE;SEASHELLS;12182.0;6
2;81200;Caesar;Paris;BANANAS;SEASHELLS;4811.0;1
2;81200;Charlie;Paris;BANANAS;SEASHELLS;4811.0;1
2;81200;Charlie;Paris;PEARLS;SEASHELLS;9996.0;1
2;81200;Caesar;Paris;PEARLS;SEASHELLS;9996.0;1
2;81500;Camilla;Charlie;DIVING_GEAR;SEASHELLS;99157.0;1
2;81700;Charlie;Pablo;PINA_COLADAS;SEASHELLS;14819.0;7
2;81800;Paris;Charlie;BANANAS;SEASHELLS;4818.0;2
2;81800;Caesar;Pablo;COCONUTS;SEASHELLS;7918.0;27
2;81800;Paris;Charlie;PEARLS;SEASHELLS;10005.0;2
2;81900;Paris;Camilla;BANANAS;SEASHELLS;4815.0;2
2;81900;Caesar;Camilla;DIP;SEASHELLS;7082.0;6
2;81900;Pablo;Camilla;PICNIC_BASKET;SEASHELLS;73966.0;6
2;81900;Pablo;Caesar;PICNIC_BASKET;SEASHELLS;73966.0;2
2;81900;Paris;Camilla;PEARLS;SEASHELLS;10002.0;2
2;82000;Penelope;Camilla;BERRIES;SEASHELLS;3866.0;11
2;82200;Charlie;Paris;PEARLS;SEASHELLS;9998.0;1
2;82500;Caesar;Penelope;PICNIC_BASKET;SEASHELLS;73973.0;2
2;82700;Caesar;Paris;PEARLS;SEASHELLS;9996.0;1
2;82700;Pablo;Caesar;PINA_COLADAS;SEASHELLS;14817.0;12
2;82700;Charlie;Paris;BANANAS;SEASHELLS;4810.0;1
2;82800;Paris;Charlie;PEARLS;SEASHELLS;10002.0;1
2;82800;Paris;Caesar;BAGUETTE;SEASHELLS;12190.0;5
2;82800;Caesar;Paris;DIP;SEASHELLS;7079.0;7
2;82900;Camilla;Paris;BANANAS;SEASHELLS;4811.0;1
2;82900;Camilla;Paris;PEARLS;SEASHELLS;9998.0;1
2;83000;Camilla;Penelope;BERRIES;SEASHELLS;3859.0;14
2;83200;Paris;Caesar;UKULELE;SEASHELLS;20846.0;1
2;83500;Charlie;Paris;BANANAS;SEASHELLS;4811.0;1
2;83500;Charlie;Gary;BANANAS;SEASHELLS;4811.0;13
2;83500;Caesar;Paris;DIP;SEASHELLS;7082.0;8
2;83800;Camilla;Gary;BANANAS;SEASHELLS;4812.0;10
2;83800;Caesar;Paris;UKULELE;SEASHELLS;20846.0;4
2;83800;Penelope;Caesar;PEARLS;SEASHELLS;10004.0;1
2;83900;Caesar;Paris;DIP;SEASHELLS;7084.0;5
2;84000;Paris;Charlie;BANANAS;SEASHELLS;4818.0;2
2;84000;Paris;Charlie;PEARLS;SEASHELLS;10002.0;1
2;84000;Paris;Charlie;PEARLS;SEASHELLS;10005.0;2
2;84100;Penelope;Camilla;BERRIES;SEASHELLS;3864.0;13
2;84100;Pablo;Caesar;PICNIC_BASKET;SEASHELLS;74043.0;2
2;84100;Pablo;Camilla;PICNIC_BASKET;SEASHELLS;74043.0;3
2;84200;Camilla;Paris;PEARLS;SEASHELLS;9998.0;1
2;84200;Charlie;Paris;DIVING_GEAR;SEASHELLS;99156.0;2
2;84300;Paris;Charlie;BANANAS;SEASHELLS;4817.0;1
2;84300;Paris;Caesar;UKULELE;SEASHELLS;20858.0;5
2;84700;Gina;Camilla;BANANAS;SEASHELLS;4816.0;3
2;84700;Peter;Charlie;PINA_COLADAS;SEASHELLS;14821.0;4
2;84700;Gina;Paris;BANANAS;SEASHELLS;4812.0;1
2;84700;Paris;Camilla;BERRIES;SEASHELLS;3863.0;7
2;84700;Gary;Camilla;PEARLS;SEASHELLS;10002.0;3
2;84800;Camilla;Pablo;PICNIC_BASKET;SEASHELLS;74081.0;8
2;84800;Charlie;Penelope;BANANAS;SEASHELLS;4811.0;3
2;84900;Charlie;Paris;PEARLS;SEASHELLS;9998.0;1
2;85000;Caesar;Camilla;DIP;SEASHELLS;7079.0;8
2;85200;Caesar;Paris;DIP;SEASHELLS;7078.0;9
2;85400;Camilla;Gary;BANANAS;SEASHELLS;4814.0;9
2;85500;Pablo;Paris;PEARLS;SEASHELLS;10002.0;1
2;85600;Paris;Caesar;DIP;SEASHELLS;7076.0;8
2;85700;Charlie;Paris;DIVING_GEAR;SEASHELLS;99157.0;2
2;85700;Caesar;Paris;BAGUETTE;SEASHELLS;12210.0;7
2;85800;Charlie;Paris;DIVING_GEAR;SEASHELLS;99158.0;1
2;85800;Paris;Charlie;PEARLS;SEASHELLS;10002.0;1
2;86000;Paris;Charlie;PEARLS;SEASHELLS;10002.0;1
2;86000;Paris;Caesar;DIP;SEASHELLS;7078.0;4
2;86100;Penelope;Charlie;PEARLS;SEASHELLS;10005.0;6
2;86400;Paris;Caesar;DIP;SEASHELLS;7078.0;8
2;86500;Caesar;Paris;DIP;SEASHELLS;7076.0;4
2;86600;Caesar;Paris;BAGUETTE;SEASHELLS;12220.0;5
2;86700;Paris;Charlie;BANANAS;SEASHELLS;4816.0;1
2;86700;Pablo;Charlie;PEARLS;SEASHELLS;10002.0;5
2;86700;Camilla;Pablo;PICNIC_BASKET;SEASHELLS;74126.0;2
2;86700;Caesar;Paris;DIP;SEASHELLS;7075.0;5
2;86800;Paris;Caesar;PEARLS;SEASHELLS;10004.0;1
2;86800;Paris;Caesar;UKULELE;SEASHELLS;20896.0;1
2;86800;Paris;Charlie;BANANAS;SEASHELLS;4818.0;1
2;86900;Camilla;Camilla;DIVING_GEAR;SEASHELLS;99167.0;3
2;86900;Camilla;Penelope;BERRIES;SEASHELLS;3857.0;14
2;87000;Caesar;Paris;UKULELE;SEASHELLS;20899.0;4
2;87100;Paris;Caesar;UKULELE;SEASHELLS;20902.0;3
2;87300;Caesar;Camilla;DIP;SEASHELLS;7076.0;11
2;87300;Camilla;Pablo;PEARLS;SEASHELLS;9998.0;5
2;87300;Caesar;Paris;DIP;SEASHELLS;7076.0;5
2;87400;Caesar;Paris;DIP;SEASHELLS;7075.0;7
2;87600;Paris;Caesar;BAGUETTE;SEASHELLS;12218.0;5
2;87700;Pablo;Camilla;PICNIC_BASKET;SEASHELLS;74162.0;7
2;87700;Pablo;Caesar;PICNIC_BASKET;SEASHELLS;74162.0;1
2;87700;Penelope;Camilla;PICNIC_BASKET;SEASHELLS;74163.0;9
2;87800;Camilla;Gary;BANANAS;SEASHELLS;4811.0;6
2;87800;Penelope;Gary;BANANAS;SEASHELLS;4811.0;6
2;87800;Paris;Caesar;BAGUETTE;SEASHELLS;12219.0;7
2;87800;Charlie;Gary;BANANAS;SEASHELLS;4811.0;5
2;87800;Caesar;Paris;DIP;SEASHELLS;7077.0;7
2;87900;Charlie;Paris;BANANAS;SEASHELLS;4811.0;1
2;88000;Paris;Caesar;UKULELE;SEASHELLS;20900.0;1
2;88000;Caesar;Camilla;UKULELE;SEASHELLS;20899.0;5
2;88000;Caesar;Penelope;PICNIC_BASKET;SEASHELLS;74149.0;1
2;88000;Caesar;Camilla;DIP;SEASHELLS;7077.0;3
2;88200;Camilla;Pablo;BANANAS;SEASHELLS;4812.0;4
2;88200;Charlie;Pablo;BANANAS;SEASHELLS;4812.0;1
2;88300;Paris;Charlie;BANANAS;SEASHELLS;4817.0;2
2;88300;Paris;Caesar;UKULELE;SEASHELLS;20902.0;1
2;88300;Paris;Caesar;PEARLS;SEASHELLS;10004.0;2
2;88400;Charlie;Pablo;PINA_COLADAS;SEASHELLS;14816.0;13
2;88500;Caesar;Paris;BAGUETTE;SEASHELLS;12220.0;8
2;88600;Paris;Caesar;BANANAS;SEASHELLS;4815.0;1
2;88600;Caesar;Camilla;DIP;SEASHELLS;7076.0;3
2;89000;Caesar;Paris;BAGUETTE;SEASHELLS;12224.0;3
2;89100;Paris;Caesar;DIP;SEASHELLS;7074.0;6
2;89200;Charlie;Paris;PEARLS;SEASHELLS;9998.0;1
2;89400;Caesar;Paris;UKULELE;SEASHELLS;20889.0;3
2;89500;Gary;Charlie;PEARLS;SEASHELLS;10005.0;11
2;89600;Charlie;Pablo;PEARLS;SEASHELLS;9998.0;2
2;89600;Charlie;Paris;PEARLS;SEASHELLS;9998.0;1
2;89600;Charlie;Pablo;BANANAS;SEASHELLS;4813.0;2
2;89800;Caesar;Camilla;BAGUETTE;SEASHELLS;12225.0;10
2;89800;Charlie;Paris;PEARLS;SEASHELLS;9995.0;2
2;89800;Gina;Paris;BANANAS;SEASHELLS;4816.0;2
2;89900;Peter;Penelope;BERRIES;SEASHELLS;3858.0;3
2;89900;Penelope;Camilla;PICNIC_BASKET;SEASHELLS;74135.0;10
2;89900;Paris;Caesar;UKULELE;SEASHELLS;20894.0;3
2;89900;Caesar;Paris;DIP;SEASHELLS;7073.0;4
2;90300;Caesar;Paris;UKULELE;SEASHELLS;20905.0;2
2;90400;Charlie;Peter;COCONUTS;SEASHELLS;7915.0;6
2;90400;Charlie;Paris;DIVING_GEAR;SEASHELLS;99182.0;3
2;90400;Paris;Caesar;BAGUETTE;SEASHELLS;12217.0;7
2;90700;Caesar;Camilla;DIP;SEASHELLS;7075.0;4
2;90700;Camilla;Pablo;PICNIC_BASKET;SEASHELLS;74165.0;6
2;90700;Pablo;Charlie;PEARLS;SEASHELLS;10002.0;1
2;90700;Caesar;Pablo;PICNIC_BASKET;SEASHELLS;74166.0;2
2;90700;Caesar;Paris;UKULELE;SEASHELLS;20915.0;2
2;90800;Paris;Caesar;PEARLS;SEASHELLS;10004.0;1
2;90800;Paris;Paris;BANANAS;SEASHELLS;4811.0;1
2;91200;Paris;Caesar;DIP;SEASHELLS;7073.0;8
2;91200;Charlie;Paris;BANANAS;SEASHELLS;4810.0;2
2;91200;Charlie;Paris;PEARLS;SEASHELLS;9995.0;2
2;91200;Caesar;Camilla;DIP;SEASHELLS;7072.0;12
2;91300;Paris;Charlie;BANANAS;SEASHELLS;4815.0;1
2;91300;Penelope;Caesar;PICNIC_BASKET;SEASHELLS;74126.0;1
2;91500;Charlie;Pablo;COCONUTS;SEASHELLS;7919.0;27
2;91600;Paris;Caesar;DIP;SEASHELLS;7073.0;7
2;91700;Paris;Caesar;UKULELE;SEASHELLS;20911.0;4
2;91800;Camilla;Paris;DIVING_GEAR;SEASHELLS;99210.0;1
2;91800;Caesar;Pablo;PICNIC_BASKET;SEASHELLS;74134.0;2
2;91900;Caesar;Paris;BAGUETTE;SEASHELLS;12216.0;3
2;91900;Pablo;Camilla;PEARLS;SEASHELLS;10002.0;1
2;91900;Paris;Caesar;DIP;SEASHELLS;7075.0;6
2;91900;Pablo;Charlie;PEARLS;SEASHELLS;10002.0;3
2;92000;Charlie;Penelope;PEARLS;SEASHELLS;9996.0;3
2;92000;Caesar;Penelope;PEARLS;SEASHELLS;9996.0;2
2;92000;Pablo;Charlie;BANANAS;SEASHELLS;4816.0;4
2;92000;Charlie;Paris;DIVING_GEAR;SEASHELLS;99214.0;1
2;92100;Camilla;Penelope;PICNIC_BASKET;SEASHELLS;74123.0;8
2;92400;Caesar;Paris;DIP;SEASHELLS;7074.0;7
2;92500;Paris;Caesar;UKULELE;SEASHELLS;20917.0;1
2;92600;Charlie;Pablo;BANANAS;SEASHELLS;4813.0;4
2;92900;Camilla;Penelope;BERRIES;SEASHELLS;3855.0;13
2;93000;Camilla;Paris;BANANAS;SEASHELLS;4811.0;1
2;93200;Paris;Camilla;PEARLS;SEASHELLS;10002.0;1
2;93500;Penelope;Caesar;PICNIC_BASKET;SEASHELLS;74107.0;2
2;93600;Penelope;Caesar;PEARLS;SEASHELLS;10004.0;2
2;93600;Penelope;Charlie;PEARLS;SEASHELLS;10004.0;1
2;93600;Paris;Caesar;UKULELE;SEASHELLS;20929.0;4
2;94100;Paris;Caesar;DIP;SEASHELLS;7073.0;9
2;94200;Caesar;Camilla;UKULELE;SEASHELLS;20920.0;3
2;94200;Charlie;Paris;PEARLS;SEASHELLS;9998.0;1
2;94200;Paris;Charlie;BANANAS;SEASHELLS;4817.0;1
2;94300;Charlie;Paris;PEARLS;SEASHELLS;9998.0;1
2;94500;Paris;Caesar;PEARLS;SEASHELLS;10004.0;1
2;94500;Paris;Charlie;PEARLS;SEASHELLS;10004.0;1
2;94500;Paris;Charlie;BANANAS;SEASHELLS;4818.0;2
2;94500;Paris;Charlie;DIVING_GEAR;SEASHELLS;99203.0;3
2;94600;Paris;Paris;BANANAS;SEASHELLS;4817.0;1
2;94600;Caesar;Paris;DIP;SEASHELLS;7073.0;6
2;94600;Camilla;Paris;PEARLS;SEASHELLS;9998.0;1
2;94700;Paris;Caesar;BAGUETTE;SEASHELLS;12199.0;7
2;94800;Camilla;Paris;PEARLS;SEASHELLS;9998.0;1
2;94800;Camilla;Paris;BANANAS;SEASHELLS;4814.0;1
2;95000;Paris;Charlie;DIVING_GEAR;SEASHELLS;99213.0;3
2;95100;Paris;Camilla;BANANAS;SEASHELLS;4818.0;1
2;95100;Camilla;Paris;DIVING_GEAR;SEASHELLS;99214.0;1
2;95300;Paris;Camilla;BERRIES;SEASHELLS;3862.0;9
2;95300;Caesar;Paris;BAGUETTE;SEASHELLS;12197.0;6
2;95400;Pablo;Charlie;PEARLS;SEASHELLS;10002.0;4
2;95400;Pablo;Paris;PEARLS;SEASHELLS;10002.0;1
2;95400;Paris;Charlie;BANANAS;SEASHELLS;4818.0;1
2;95500;Paris;Caesar;DIP;SEASHELLS;7076.0;8
2;95500;Caesar;Caesar;COCONUTS;SEASHELLS;7918.0;1
2;95500;Camilla;Paris;BERRIES;SEASHELLS;3856.0;1
2;95500;Caesar;Caesar;COCONUTS;SEASHELLS;7918.0;62
2;95500;Camilla;Pablo;PICNIC_BASKET;SEASHELLS;74019.0;5
2;95600;Paris;Caesar;DIP;SEASHELLS;7076.0;4
2;95600;Penelope;Charlie;BANANAS;SEASHELLS;4819.0;4
2;95600;Camilla;Camilla;DIVING_GEAR;SEASHELLS;99192.0;1
2;95800;Caesar;Paris;DIP;SEASHELLS;7072.0;7
2;95800;Paris;Caesar;BAGUETTE;SEASHELLS;12194.0;3
2;95900;Camilla;Paris;PEARLS;SEASHELLS;9998.0;1
2;96000;Paris;Camilla;BANANAS;SEASHELLS;4819.0;1
2;96100;Charlie;Paris;DIVING_GEAR;SEASHELLS;99176.0;1
2;96300;Caesar;Camilla;BAGUETTE;SEASHELLS;12183.0;4
2;96400;Charlie;Gary;BANANAS;SEASHELLS;4814.0;13
2;96400;Paris;Caesar;DIP;SEASHELLS;7077.0;5
2;96500;Camilla;Paris;DIVING_GEAR;SEASHELLS;99193.0;3
2;96700;Caesar;Camilla;BAGUETTE;SEASHELLS;12184.0;10
2;97200;Paris;Caesar;UKULELE;SEASHELLS;20892.0;5
2;97400;Caesar;Paris;DIP;SEASHELLS;7077.0;9
2;97400;Gary;Camilla;BERRIES;SEASHELLS;3864.0;20
2;97400;Charlie;Paris;BANANAS;SEASHELLS;4814.0;1
2;97500;Paris;Caesar;UKULELE;SEASHELLS;20895.0;2
2;97500;Camilla;Penelope;PICNIC_BASKET;SEASHELLS;74005.0;5
2;97500;Charlie;Camilla;DIVING_GEAR;SEASHELLS;99191.0;2
2;97600;Caesar;Pablo;PICNIC_BASKET;SEASHELLS;74011.0;1
2;97600;Camilla;Pablo;PICNIC_BASKET;SEASHELLS;74010.0;3
2;97800;Camilla;Paris;UKULELE;SEASHELLS;20897.0;1
2;97800;Paris;Caesar;BAGUETTE;SEASHELLS;12189.0;6
2;97900;Pablo;Charlie;PEARLS;SEASHELLS;10002.0;4
2;97900;Caesar;Penelope;PICNIC_BASKET;SEASHELLS;74031.0;2
2;98000;Charlie;Gina;BANANAS;SEASHELLS;4814.0;13
2;98000;Caesar;Paris;DIP;SEASHELLS;7075.0;9
2;98200;Camilla;Pablo;PEARLS;SEASHELLS;9998.0;1
2;98300;Camilla;Pablo;PICNIC_BASKET;SEASHELLS;74011.0;1
2;98300;Paris;Charlie;PEARLS;SEASHELLS;10002.0;1
2;98300;Camilla;Penelope;PICNIC_BASKET;SEASHELLS;74010.0;10
2;98300;Caesar;Pablo;PICNIC_BASKET;SEASHELLS;74011.0;1
2;98500;Pablo;Camilla;BANANAS;SEASHELLS;4818.0;1
2;98500;Pablo;Charlie;BANANAS;SEASHELLS;4818.0;3
2;98500;Camilla;Paris;DIVING_GEAR;SEASHELLS;99196.0;1
2;98500;Caesar;Camilla;BAGUETTE;SEASHELLS;12182.0;4
2;99000;Charlie;Pablo;BANANAS;SEASHELLS;4816.0;4
2;99000;Charlie;Paris;BANANAS;SEASHELLS;4815.0;1
2;99100;Caesar;Paris;UKULELE;SEASHELLS;20886.0;1
2;99200;Paris;Caesar;DIP;SEASHELLS;7070.0;5
2;99300;Paris;Caesar;BANANAS;SEASHELLS;4820.0;2
2;99300;Caesar;Camilla;DIP;SEASHELLS;7066.0;4
2;99300;Paris;Caesar;PEARLS;SEASHELLS;10004.0;2
2;99500;Camilla;Gary;BERRIES;SEASHELLS;3854.0;10
2;99600;Camilla;Pablo;BANANAS;SEASHELLS;4815.0;2
2;99700;Pablo;Charlie;BANANAS;SEASHELLS;4817.0;3
2;99700;Paris;Caesar;BAGUETTE;SEASHELLS;12195.0;4
2;100100;Camilla;Camilla;DIVING_GEAR;SEASHELLS;99177.0;1
2;100200;Camilla;Gary;BERRIES;SEASHELLS;3854.0;17
2;100200;Paris;Charlie;PEARLS;SEASHELLS;10002.0;1
2;100300;Caesar;Caesar;COCONUTS;SEASHELLS;7917.0;48
2;100500;Camilla;Camilla;DIVING_GEAR;SEASHELLS;99168.0;3
2;100600;Paris;Charlie;BANANAS;SEASHELLS;4819.0;1
2;100600;Paris;Caesar;PEARLS;SEASHELLS;10004.0;1
2;100800;Caesar;Paris;UKULELE;SEASHELLS;20901.0;2
2;101100;Charlie;Pablo;PEARLS;SEASHELLS;9998.0;4
2;101200;Caesar;Paris;BAGUETTE;SEASHELLS;12212.0;8
2;101200;Charlie;Peter;COCONUTS;SEASHELLS;7920.0;9
2;101200;Paris;Charlie;PEARLS;SEASHELLS;10002.0;1
2;101200;Paris;Caesar;UKULELE;SEASHELLS;20904.0;2
2;101300;Caesar;Paris;DIP;SEASHELLS;7068.0;5
2;101700;Charlie;Paris;DIVING_GEAR;SEASHELLS;99170.0;1
2;101700;Charlie;Paris;BANANAS;SEASHELLS;4812.0;1
2;101800;Charlie;Paris;PEARLS;SEASHELLS;9995.0;2
2;101800;Charlie;Paris;BANANAS;SEASHELLS;4813.0;2
2;101900;Camilla;Paris;BANANAS;SEASHELLS;4813.0;1
2;102000;Charlie;Penelope;BANANAS;SEASHELLS;4813.0;2
2;102100;Peter;Pablo;BERRIES;SEASHELLS;3856.0;3
2;102300;Charlie;Paris;PEARLS;SEASHELLS;9998.0;1
2;102400;Penelope;Paris;BANANAS;SEASHELLS;4813.0;1
2;102400;Charlie;Pablo;BANANAS;SEASHELLS;4814.0;1
2;102600;Paris;Charlie;PEARLS;SEASHELLS;10002.0;1
2;102700;Gary;Charlie;BANANAS;SEASHELLS;4820.0;14
2;103100;Caesar;Camilla;DIP;SEASHELLS;7076.0;8
2;103100;Caesar;Paris;DIP;SEASHELLS;7076.0;5
2;103200;Paris;Charlie;BANANAS;SEASHELLS;4819.0;1
2;103200;Paris;Caesar;PEARLS;SEASHELLS;10004.0;1
2;103200;Penelope;Charlie;BANANAS;SEASHELLS;4819.0;3
2;103300;Caesar;Pablo;BANANAS;SEASHELLS;4815.0;3
2;103400;Caesar;Paris;UKULELE;SEASHELLS;20897.0;1
2;103500;Paris;Caesar;UKULELE;SEASHELLS;20895.0;5
2;103500;Charlie;Pablo;PEARLS;SEASHELLS;9998.0;5
2;103800;Paris;Charlie;BANANAS;SEASHELLS;4818.0;1
2;103900;Caesar;Pablo;COCONUTS;SEASHELLS;7922.0;13
2;104500;Paris;Caesar;UKULELE;SEASHELLS;20904.0;3
2;104500;Charlie;Paris;DIVING_GEAR;SEASHELLS;99175.0;2
2;104500;Charlie;Paris;BANANAS;SEASHELLS;4813.0;1
2;104600;Charlie;Paris;BANANAS;SEASHELLS;4813.0;1
2;104600;Charlie;Paris;PEARLS;SEASHELLS;9998.0;1
2;104700;Pablo;Charlie;BANANAS;SEASHELLS;4817.0;2
2;104700;Pablo;Paris;BANANAS;SEASHELLS;4817.0;1
2;104700;Paris;Caesar;UKULELE;SEASHELLS;20914.0;3
2;105100;Caesar;Camilla;BAGUETTE;SEASHELLS;12224.0;6
2;105200;Charlie;Paris;BANANAS;SEASHELLS;4813.0;1
2;105300;Camilla;Paris;BANANAS;SEASHELLS;4813.0;1
2;105400;Charlie;Peter;PINA_COLADAS;SEASHELLS;14870.0;2
2;105400;Caesar;Paris;DIP;SEASHELLS;7080.0;9
2;105500;Paris;Gary;BANANAS;SEASHELLS;4818.0;1
2;105700;Caesar;Camilla;UKULELE;SEASHELLS;20907.0;5
2;105700;Charlie;Camilla;DIVING_GEAR;SEASHELLS;99167.0;1
2;106000;Caesar;Paris;DIP;SEASHELLS;7081.0;6
2;106100;Paris;Caesar;BAGUETTE;SEASHELLS;12226.0;3
2;106200;Camilla;Paris;BERRIES;SEASHELLS;3856.0;2
2;106800;Caesar;Paris;BAGUETTE;SEASHELLS;12228.0;8
2;106800;Charlie;Paris;BANANAS;SEASHELLS;4815.0;1
2;107100;Paris;Caesar;DIP;SEASHELLS;7088.0;8
2;107100;Caesar;Caesar;COCONUTS;SEASHELLS;7913.0;43
2;107100;Caesar;Paris;UKULELE;SEASHELLS;20906.0;4
2;107300;Paris;Camilla;DIVING_GEAR;SEASHELLS;99217.0;2
2;107600;Charlie;Paris;BANANAS;SEASHELLS;4813.0;1
2;107800;Charlie;Paris;PEARLS;SEASHELLS;9996.0;1
2;107800;Paris;Paris;BANANAS;SEASHELLS;4818.0;1
2;107800;Caesar;Paris;PEARLS;SEASHELLS;9996.0;1
2;107900;Paris;Pablo;BANANAS;SEASHELLS;4814.0;1
2;107900;Paris;Caesar;PEARLS;SEASHELLS;10004.0;1
2;108000;Gina;Peter;BERRIES;SEASHELLS;3861.0;5
2;108000;Caesar;Paris;BAGUETTE;SEASHELLS;12225.0;5
2;108300;Camilla;Camilla;DIVING_GEAR;SEASHELLS;99225.0;2
2;108300;Pablo;Peter;PINA_COLADAS;SEASHELLS;14861.0;5
2;108400;Charlie;Pablo;BANANAS;SEASHELLS;4815.0;4
2;108500;Charlie;Paris;PEARLS;SEASHELLS;9998.0;1
2;108500;Paris;Caesar;UKULELE;SEASHELLS;20914.0;1
2;108600;Camilla;Paris;DIVING_GEAR;SEASHELLS;99240.0;1
2;109000;Caesar;Paris;UKULELE;SEASHELLS;20921.0;1
2;109000;Caesar;Paris;BANANAS;SEASHELLS;4812.0;1
2;109200;Caesar;Paris;UKULELE;SEASHELLS;20924.0;1
2;109200;Paris;Charlie;DIVING_GEAR;SEASHELLS;99248.0;2
2;109200;Penelope;Camilla;PICNIC_BASKET;SEASHELLS;74124.0;7
2;109400;Caesar;Paris;DIP;SEASHELLS;7079.0;9
2;109600;Charlie;Paris;PEARLS;SEASHELLS;9998.0;1
2;109600;Caesar;Pablo;PICNIC_BASKET;SEASHELLS;74110.0;1
2;109600;Camilla;Pablo;PICNIC_BASKET;SEASHELLS;74109.0;2
2;109800;Caesar;Paris;BAGUETTE;SEASHELLS;12219.0;7
2;109900;Paris;Caesar;UKULELE;SEASHELLS;20932.0;2
2;109900;Penelope;Camilla;PICNIC_BASKET;SEASHELLS;74100.0;5
2;109900;Penelope;Charlie;BANANAS;SEASHELLS;4815.0;11
2;109900;Paris;Caesar;DIP;SEASHELLS;7082.0;5
2;109900;Paris;Charlie;BANANAS;SEASHELLS;4814.0;1
2;110000;Paris;Caesar;DIP;SEASHELLS;7082.0;4
2;110000;Caesar;Gary;PEARLS;SEASHELLS;9996.0;2
2;110000;Gary;Camilla;BANANAS;SEASHELLS;4813.0;4
2;110000;Caesar;Caesar;COCONUTS;SEASHELLS;7911.0;51
2;110100;Paris;Charlie;PEARLS;SEASHELLS;10002.0;1
2;110200;Charlie;Penelope;PEARLS;SEASHELLS;9995.0;5
2;110400;Camilla;Pablo;PICNIC_BASKET;SEASHELLS;74101.0;6
2;110400;Caesar;Peter;COCONUTS;SEASHELLS;7910.0;9
2;110700;Paris;Caesar;BAGUETTE;SEASHELLS;12223.0;3
2;111000;Caesar;Caesar;PINA_COLADAS;SEASHELLS;14853.0;1
2;111000;Caesar;Caesar;PINA_COLADAS;SEASHELLS;14853.0;30
2;111100;Camilla;Paris;DIVING_GEAR;SEASHELLS;99294.0;1
2;111200;Caesar;Paris;BANANAS;SEASHELLS;4809.0;1
2;111400;Charlie;Paris;BANANAS;SEASHELLS;4809.0;1
2;111500;Caesar;Paris;BAGUETTE;SEASHELLS;12224.0;8
2;111700;Caesar;Penelope;PICNIC_BASKET;SEASHELLS;74071.0;1
2;111700;Caesar;Camilla;BAGUETTE;SEASHELLS;12221.0;9
2;111700;Charlie;Peter;PINA_COLADAS;SEASHELLS;14844.0;3
2;111800;Camilla;Penelope;PICNIC_BASKET;SEASHELLS;74065.0;5
2;111800;Charlie;Pablo;PEARLS;SEASHELLS;9998.0;3
2;111800;Paris;Caesar;DIP;SEASHELLS;7075.0;6
2;111900;Charlie;Pablo;PINA_COLADAS;SEASHELLS;14839.0;5
2;112100;Paris;Caesar;BAGUETTE;SEASHELLS;12220.0;7
2;112300;Charlie;Paris;PEARLS;SEASHELLS;9998.0;1
2;112300;Charlie;Paris;BANANAS;SEASHELLS;4812.0;1
2;112500;Paris;Caesar;UKULELE;SEASHELLS;20929.0;3
2;112500;Camilla;Paris;DIVING_GEAR;SEASHELLS;99282.0;1
2;112600;Charlie;Paris;BANANAS;SEASHELLS;4812.0;1
2;112700;Paris;Charlie;BANANAS;SEASHELLS;4817.0;1
2;112800;Charlie;Paris;PEARLS;SEASHELLS;9998.0;1
2;112900;Pablo;Charlie;BANANAS;SEASHELLS;4816.0;1
2;112900;Pablo;Paris;BANANAS;SEASHELLS;4816.0;1
2;113000;Caesar;Paris;BAGUETTE;SEASHELLS;12225.0;7
2;113100;Paris;Caesar;DIP;SEASHELLS;7075.0;4
2;113100;Paris;Charlie;PEARLS;SEASHELLS;10002.0;1
2;113300;Caesar;Paris;BAGUETTE;SEASHELLS;12227.0;5
2;113700;Charlie;Gina;BANANAS;SEASHELLS;4812.0;10
2;113800;Penelope;Charlie;BANANAS;SEASHELLS;4817.0;12
2;114000;Penelope;Camilla;BERRIES;SEASHELLS;3865.0;11
2;114000;Paris;Charlie;PEARLS;SEASHELLS;10002.0;1
2;114100;Paris;Pablo;PEARLS;SEASHELLS;9998.0;1
2;114100;Caesar;Paris;UKULELE;SEASHELLS;20934.0;1
2;114100;Paris;Charlie;BANANAS;SEASHELLS;4817.0;1
2;114100;Charlie;Pablo;PEARLS;SEASHELLS;9998.0;3
2;114300;Paris;Paris;BANANAS;SEASHELLS;4816.0;1
2;114300;Camilla;Gary;PEARLS;SEASHELLS;9998.0;10
2;114300;Caesar;Paris;PEARLS;SEASHELLS;9996.0;2
2;114500;Penelope;Charlie;BANANAS;SEASHELLS;4815.0;4
2;114500;Paris;Caesar;BAGUETTE;SEASHELLS;12228.0;3
2;114500;Penelope;Camilla;BANANAS;SEASHELLS;4815.0;3
2;114600;Camilla;Paris;BERRIES;SEASHELLS;3858.0;5
2;114600;Peter;Charlie;COCONUTS;SEASHELLS;7909.0;8
2;114700;Paris;Camilla;DIVING_GEAR;SEASHELLS;99250.0;1
2;114700;Caesar;Caesar;PINA_COLADAS;SEASHELLS;14846.0;23
2;114800;Caesar;Camilla;UKULELE;SEASHELLS;20931.0;3
2;114900;Paris;Caesar;UKULELE;SEASHELLS;20936.0;3
2;114900;Peter;Caesar;PINA_COLADAS;SEASHELLS;14849.0;3
2;114900;Caesar;Gary;PEARLS;SEASHELLS;9996.0;2
2;115000;Paris;Charlie;BANANAS;SEASHELLS;4814.0;1
2;115000;Paris;Camilla;DIVING_GEAR;SEASHELLS;99244.0;1
2;115100;Camilla;Pablo;PICNIC_BASKET;SEASHELLS;74090.0;2
2;115500;Charlie;Pablo;BANANAS;SEASHELLS;4810.0;3
2;115500;Paris;Caesar;DIP;SEASHELLS;7073.0;4
2;115500;Paris;Pablo;BANANAS;SEASHELLS;4810.0;1
2;115600;Charlie;Caesar;BANANAS;SEASHELLS;4812.0;1
2;115600;Camilla;Paris;BERRIES;SEASHELLS;3858.0;1
2;115700;Charlie;Peter;COCONUTS;SEASHELLS;7907.0;6
2;115700;Paris;Gary;BANANAS;SEASHELLS;4814.0;1
2;115900;Charlie;Pablo;BANANAS;SEASHELLS;4810.0;4
2;116100;Charlie;Paris;BANANAS;SEASHELLS;4809.0;1
2;116100;Gina;Paris;PEARLS;SEASHELLS;10002.0;1
2;116100;Caesar;Paris;BAGUETTE;SEASHELLS;12240.0;5
2;116100;Paris;Caesar;UKULELE;SEASHELLS;20937.0;1
2;116400;Camilla;Gina;PEARLS;SEASHELLS;9998.0;9
2;116400;Caesar;Paris;UKULELE;SEASHELLS;20936.0;3
2;116500;Paris;Caesar;BAGUETTE;SEASHELLS;12246.0;7
2;116600;Charlie;Pablo;PEARLS;SEASHELLS;9998.0;1
2;116600;Paris;Caesar;BAGUETTE;SEASHELLS;12248.0;8
2;116600;Charlie;Paris;BANANAS;SEASHELLS;4810.0;1
2;116800;Charlie;Penelope;PEARLS;SEASHELLS;9995.0;7
2;116800;Charlie;Paris;DIVING_GEAR;SEASHELLS;99263.0;2
2;116900;Gina;Charlie;BANANAS;SEASHELLS;4815.0;7
2;116900;Paris;Charlie;PEARLS;SEASHELLS;10002.0;1
2;117000;Paris;Caesar;DIP;SEASHELLS;7077.0;7
2;117000;Pablo;Charlie;PEARLS;SEASHELLS;10002.0;3
2;117100;Charlie;Paris;PEARLS;SEASHELLS;9998.0;1
2;117100;Paris;Charlie;BANANAS;SEASHELLS;4815.0;1
2;117300;Camilla;Paris;PEARLS;SEASHELLS;9998.0;1
2;117300;Camilla;Paris;BANANAS;SEASHELLS;4811.0;1
2;117400;Caesar;Pablo;PICNIC_BASKET;SEASHELLS;74144.0;2
2;117400;Camilla;Pablo;PICNIC_BASKET;SEASHELLS;74143.0;1
2;117400;Charlie;Paris;PEARLS;SEASHELLS;9998.0;1
2;117400;Penelope;Caesar;PICNIC_BASKET;SEASHELLS;74156.0;2
2;117500;Charlie;Paris;BANANAS;SEASHELLS;4811.0;1
2;117700;Caesar;Paris;UKULELE;SEASHELLS;20947.0;2
2;117700;Paris;Charlie;BERRIES;SEASHELLS;3864.0;8
2;117700;Paris;Caesar;BAGUETTE;SEASHELLS;12251.0;4
2;117800;Charlie;Paris;PEARLS;SEASHELLS;9998.0;1
2;117800;Paris;Gary;BANANAS;SEASHELLS;4815.0;1
2;118000;Charlie;Pablo;COCONUTS;SEASHELLS;7903.0;20
2;118000;Charlie;Gary;BANANAS;SEASHELLS;4811.0;14
2;118100;Pablo;Paris;BANANAS;SEASHELLS;4815.0;1
2;118100;Caesar;Paris;PEARLS;SEASHELLS;9996.0;1
2;118400;Caesar;Camilla;DIP;SEASHELLS;7079.0;9
2;118600;Camilla;Penelope;PICNIC_BASKET;SEASHELLS;74177.0;9
2;118800;Charlie;Paris;BANANAS;SEASHELLS;4810.0;1
2;119100;Paris;Caesar;UKULELE;SEASHELLS;20948.0;3
2;119100;Paris;Camilla;BANANAS;SEASHELLS;4814.0;2
2;119100;Gary;Camilla;PEARLS;SEASHELLS;10002.0;5
2;119100;Paris;Caesar;PEARLS;SEASHELLS;10004.0;2
2;119200;Paris;Caesar;UKULELE;SEASHELLS;20947.0;1
2;119200;Charlie;Gina;PEARLS;SEASHELLS;9998.0;5
2;119200;Camilla;Gina;PEARLS;SEASHELLS;9998.0;3
2;119500;Caesar;Paris;BAGUETTE;SEASHELLS;12236.0;3
2;119800;Paris;Caesar;BAGUETTE;SEASHELLS;12237.0;5
2;119800;Paris;Camilla;BERRIES;SEASHELLS;3859.0;8
2;119900;Caesar;Paris;DIP;SEASHELLS;7074.0;10
2;119900;Caesar;Paris;BAGUETTE;SEASHELLS;12238.0;3
2;120000;Pablo;Charlie;PEARLS;SEASHELLS;10002.0;3
2;120300;Charlie;Paris;BANANAS;SEASHELLS;4810.0;1
2;120300;Charlie;Paris;PEARLS;SEASHELLS;9995.0;1
2;120400;Caesar;Paris;DIP;SEASHELLS;7076.0;5
2;120500;Charlie;Penelope;BANANAS;SEASHELLS;4811.0;9
2;120500;Caesar;Penelope;BANANAS;SEASHELLS;4811.0;2
2;120800;Camilla;Penelope;BERRIES;SEASHELLS;3855.0;12
2;121000;Penelope;Caesar;PEARLS;SEASHELLS;10000.0;5
2;121200;Gary;Paris;PEARLS;SEASHELLS;9998.0;1
2;121300;Caesar;Paris;DIP;SEASHELLS;7074.0;6
2;121700;Paris;Charlie;PEARLS;SEASHELLS;10002.0;1
2;121700;Camilla;Pablo;BANANAS;SEASHELLS;4812.0;3
2;121800;Camilla;Penelope;BERRIES;SEASHELLS;3856.0;15
2;121800;Caesar;Paris;BAGUETTE;SEASHELLS;12237.0;8
2;122100;Penelope;Charlie;BANANAS;SEASHELLS;4818.0;7
2;122100;Camilla;Paris;PEARLS;SEASHELLS;9998.0;1
2;122200;Camilla;Paris;BANANAS;SEASHELLS;4812.0;1
2;122500;Caesar;Paris;UKULELE;SEASHELLS;20930.0;3
2;122500;Charlie;Peter;PINA_COLADAS;SEASHELLS;14816.0;4
2;122500;Charlie;Paris;BANANAS;SEASHELLS;4811.0;1
2;122600;Charlie;Paris;PEARLS;SEASHELLS;9998.0;1
2;122900;Charlie;Paris;BANANAS;SEASHELLS;4810.0;1
2;122900;Caesar;Paris;PEARLS;SEASHELLS;9996.0;1
2;123000;Paris;Charlie;BANANAS;SEASHELLS;4814.0;1
2;123200;Paris;Charlie;BANANAS;SEASHELLS;4815.0;1
2;123400;Caesar;Camilla;DIP;SEASHELLS;7076.0;9
2;123400;Caesar;Paris;UKULELE;SEASHELLS;20929.0;4
2;123700;Caesar;Paris;DIP;SEASHELLS;7077.0;9
2;123800;Paris;Camilla;PEARLS;SEASHELLS;10002.0;2
2;123800;Paris;Camilla;BANANAS;SEASHELLS;4814.0;2
2;123900;Paris;Pablo;BANANAS;SEASHELLS;4810.0;1
2;124000;Caesar;Caesar;COCONUTS;SEASHELLS;7885.0;44
2;124400;Caesar;Paris;DIP;SEASHELLS;7078.0;9
2;124400;Paris;Charlie;BANANAS;SEASHELLS;4815.0;1
2;124700;Caesar;Camilla;DIP;SEASHELLS;7078.0;3
2;124700;Camilla;Paris;PEARLS;SEASHELLS;9998.0;1
2;124800;Caesar;Paris;BAGUETTE;SEASHELLS;12219.0;7
2;124900;Pablo;Paris;BERRIES;SEASHELLS;3860.0;8
2;125000;Penelope;Caesar;PICNIC_BASKET;SEASHELLS;74177.0;2
2;125100;Charlie;Paris;BANANAS;SEASHELLS;4809.0;1
2;125100;Caesar;Paris;PEARLS;SEASHELLS;9996.0;1
2;125600;Paris;Caesar;UKULELE;SEASHELLS;20928.0;1
2;125600;Paris;Charlie;PEARLS;SEASHELLS;10002.0;1
2;125900;Paris;Camilla;DIVING_GEAR;SEASHELLS;99367.0;3
2;126000;Penelope;Caesar;PICNIC_BASKET;SEASHELLS;74188.0;2
2;126200;Charlie;Penelope;PEARLS;SEASHELLS;9998.0;3
2;126200;Camilla;Penelope;PEARLS;SEASHELLS;9998.0;1
2;126300;Charlie;Paris;PEARLS;SEASHELLS;9998.0;1
2;126300;Paris;Caesar;BAGUETTE;SEASHELLS;12223.0;7
2;126400;Caesar;Paris;PEARLS;SEASHELLS;9996.0;1
2;126400;Charlie;Paris;BANANAS;SEASHELLS;4808.0;1
2;126500;Paris;Charlie;BANANAS;SEASHELLS;4814.0;1
2;126600;Paris;Caesar;BAGUETTE;SEASHELLS;12225.0;7
2;126700;Caesar;Paris;PEARLS;SEASHELLS;9996.0;1
2;126700;Caesar;Paris;BANANAS;SEASHELLS;4809.0;1
2;126700;Charlie;Paris;BANANAS;SEASHELLS;4808.0;1
2;126700;Paris;Camilla;BERRIES;SEASHELLS;3863.0;8
2;126800;Paris;Camilla;BERRIES;SEASHELLS;3863.0;10
2;126900;Charlie;Penelope;BANANAS;SEASHELLS;4808.0;2
2;126900;Paris;Caesar;UKULELE;SEASHELLS;20941.0;5
2;127000;Paris;Charlie;BANANAS;SEASHELLS;4814.0;1
2;127000;Paris;Caesar;PEARLS;SEASHELLS;10000.0;1
2;127100;Caesar;Paris;BAGUETTE;SEASHELLS;12222.0;4
2;127200;Caesar;Paris;DIP;SEASHELLS;7081.0;10
2;127300;Caesar;Paris;DIP;SEASHELLS;7082.0;9
2;127300;Caesar;Camilla;BAGUETTE;SEASHELLS;12220.0;10
2;127600;Paris;Charlie;DIVING_GEAR;SEASHELLS;99375.0;2
2;127700;Charlie;Paris;BANANAS;SEASHELLS;4806.0;1
2;127900;Charlie;Paris;BANANAS;SEASHELLS;4805.0;1
2;128000;Camilla;Paris;BANANAS;SEASHELLS;4806.0;2
2;128000;Camilla;Paris;PEARLS;SEASHELLS;9998.0;2
2;128100;Paris;Caesar;UKULELE;SEASHELLS;20958.0;2
2;128100;Caesar;Camilla;DIP;SEASHELLS;7087.0;11
2;128200;Charlie;Paris;BANANAS;SEASHELLS;4805.0;1
2;128300;Paris;Caesar;BAGUETTE;SEASHELLS;12227.0;4
2;128300;Caesar;Paris;DIP;SEASHELLS;7087.0;5
2;128500;Pablo;Charlie;PEARLS;SEASHELLS;10002.0;3
2;128800;Pablo;Charlie;PEARLS;SEASHELLS;10002.0;1
2;128800;Paris;Caesar;BAGUETTE;SEASHELLS;12228.0;5
2;129000;Caesar;Camilla;BAGUETTE;SEASHELLS;12225.0;5
2;129100;Charlie;Paris;BANANAS;SEASHELLS;4807.0;1
2;129200;Caesar;Paris;UKULELE;SEASHELLS;20951.0;4
2;129200;Charlie;Paris;BANANAS;SEASHELLS;4807.0;1
2;129300;Charlie;Paris;BANANAS;SEASHELLS;4807.0;1
2;129600;Paris;Caesar;PEARLS;SEASHELLS;10000.0;1
2;129600;Paris;Charlie;BANANAS;SEASHELLS;4812.0;1
2;129800;Paris;Camilla;BERRIES;SEASHELLS;3861.0;1
2;130000;Caesar;Paris;BANANAS;SEASHELLS;4805.0;2
2;130000;Caesar;Paris;PEARLS;SEASHELLS;9996.0;2
2;130400;Peter;Caesar;COCONUTS;SEASHELLS;7886.0;9
2;130400;Paris;Pablo;BERRIES;SEASHELLS;3857.0;3
2;130500;Paris;Caesar;UKULELE;SEASHELLS;20945.0;4
2;130500;Caesar;Paris;DIP;SEASHELLS;7082.0;5
2;130600;Camilla;Paris;BERRIES;SEASHELLS;3855.0;8
2;130700;Caesar;Pablo;COCONUTS;SEASHELLS;7884.0;16
2;131100;Paris;Charlie;DIVING_GEAR;SEASHELLS;99393.0;3
2;131100;Caesar;Pablo;PICNIC_BASKET;SEASHELLS;74232.0;2
2;131200;Paris;Charlie;PEARLS;SEASHELLS;10002.0;1
2;131300;Paris;Caesar;UKULELE;SEASHELLS;20948.0;2
2;131300;Caesar;Pablo;COCONUTS;SEASHELLS;7887.0;17
2;131400;Paris;Gina;BANANAS;SEASHELLS;4813.0;1
2;131400;Charlie;Gina;BANANAS;SEASHELLS;4808.0;7
2;131500;Caesar;Paris;UKULELE;SEASHELLS;20950.0;1
2;131700;Charlie;Paris;DIVING_GEAR;SEASHELLS;99376.0;1
2;131800;Camilla;Paris;DIVING_GEAR;SEASHELLS;99386.0;2
2;131800;Caesar;Camilla;DIP;SEASHELLS;7082.0;12
2;132100;Charlie;Peter;PINA_COLADAS;SEASHELLS;14846.0;4
2;132100;Caesar;Paris;UKULELE;SEASHELLS;20943.0;3
2;132100;Camilla;Paris;BANANAS;SEASHELLS;4807.0;1
2;132600;Caesar;Penelope;BANANAS;SEASHELLS;4807.0;2
2;132600;Paris;Charlie;BANANAS;SEASHELLS;4813.0;2
2;132600;Paris;Caesar;PEARLS;SEASHELLS;10004.0;2
2;132700;Peter;Caesar;COCONUTS;SEASHELLS;7897.0;10
2;132800;Paris;Camilla;DIVING_GEAR;SEASHELLS;99390.0;1
2;132900;Penelope;Camilla;BERRIES;SEASHELLS;3861.0;10
2;133000;Caesar;Paris;DIP;SEASHELLS;7075.0;8
2;133100;Caesar;Paris;DIP;SEASHELLS;7076.0;5
2;133200;Charlie;Penelope;PEARLS;SEASHELLS;9996.0;7
2;133200;Caesar;Penelope;PEARLS;SEASHELLS;9996.0;1
2;133200;Caesar;Paris;BAGUETTE;SEASHELLS;12257.0;3
2;133300;Penelope;Caesar;PICNIC_BASKET;SEASHELLS;74183.0;1
2;133800;Caesar;Paris;BAGUETTE;SEASHELLS;12259.0;4
2;134200;Charlie;Camilla;DIVING_GEAR;SEASHELLS;99406.0;3
2;134300;Camilla;Penelope;PICNIC_BASKET;SEASHELLS;74186.0;10
2;134500;Caesar;Paris;UKULELE;SEASHELLS;20932.0;4
2;134600;Paris;Camilla;BERRIES;SEASHELLS;3860.0;4
2;134800;Paris;Charlie;BANANAS;SEASHELLS;4815.0;1
2;134800;Paris;Caesar;UKULELE;SEASHELLS;20927.0;2
2;134800;Caesar;Camilla;DIP;SEASHELLS;7079.0;10
2;134800;Camilla;Paris;DIVING_GEAR;SEASHELLS;99395.0;1
2;135000;Paris;Charlie;BANANAS;SEASHELLS;4815.0;1
2;135000;Caesar;Paris;UKULELE;SEASHELLS;20927.0;2
2;135200;Paris;Camilla;DIVING_GEAR;SEASHELLS;99381.0;1
2;135400;Caesar;Peter;COCONUTS;SEASHELLS;7902.0;7
2;135500;Caesar;Paris;DIP;SEASHELLS;7079.0;6
2;135600;Camilla;Gary;BERRIES;SEASHELLS;3856.0;11
2;135700;Charlie;Pablo;BANANAS;SEASHELLS;4812.0;3
2;135700;Paris;Camilla;DIVING_GEAR;SEASHELLS;99404.0;2
2;135800;Charlie;Paris;DIVING_GEAR;SEASHELLS;99397.0;1
2;135800;Caesar;Paris;DIP;SEASHELLS;7080.0;9
2;136100;Caesar;Caesar;PINA_COLADAS;SEASHELLS;14870.0;30
2;136200;Paris;Camilla;DIVING_GEAR;SEASHELLS;99392.0;1
2;136300;Camilla;Pablo;PEARLS;SEASHELLS;9998.0;3
2;136500;Caesar;Paris;BANANAS;SEASHELLS;4810.0;1
2;136500;Caesar;Paris;PEARLS;SEASHELLS;9996.0;1
2;136500;Charlie;Pablo;COCONUTS;SEASHELLS;7901.0;30
2;136600;Pablo;Caesar;PEARLS;SEASHELLS;10002.0;2
2;136600;Pablo;Charlie;PEARLS;SEASHELLS;10002.0;2
2;136700;Charlie;Camilla;DIVING_GEAR;SEASHELLS;99421.0;1
2;136700;Paris;Caesar;UKULELE;SEASHELLS;20924.0;5
2;136800;Caesar;Paris;BANANAS;SEASHELLS;4811.0;1
2;136900;Caesar;Pablo;PICNIC_BASKET;SEASHELLS;74210.0;2
2;137000;Paris;Caesar;BAGUETTE;SEASHELLS;12274.0;6
2;137000;Camilla;Penelope;PICNIC_BASKET;SEASHELLS;74230.0;6
2;137000;Caesar;Camilla;BAGUETTE;SEASHELLS;12273.0;4
2;137000;Charlie;Paris;PEARLS;SEASHELLS;9998.0;1
2;137100;Paris;Camilla;BERRIES;SEASHELLS;3863.0;2
2;137100;Caesar;Paris;DIP;SEASHELLS;7083.0;6
2;137400;Caesar;Caesar;PINA_COLADAS;SEASHELLS;14868.0;5
2;137400;Caesar;Caesar;PINA_COLADAS;SEASHELLS;14868.0;30
2;137500;Paris;Caesar;UKULELE;SEASHELLS;20926.0;2
2;137600;Paris;Charlie;BANANAS;SEASHELLS;4817.0;1
2;137700;Caesar;Paris;BAGUETTE;SEASHELLS;12263.0;4
2;138000;Caesar;Pablo;PICNIC_BASKET;SEASHELLS;74184.0;2
2;138000;Camilla;Paris;BERRIES;SEASHELLS;3858.0;2
2;138000;Camilla;Pablo;PICNIC_BASKET;SEASHELLS;74183.0;5
2;138100;Camilla;Pablo;PICNIC_BASKET;SEASHELLS;74188.0;3
2;138200;Charlie;Penelope;PEARLS;SEASHELLS;9995.0;7
2;138300;Charlie;Paris;PEARLS;SEASHELLS;9998.0;1
2;138400;Caesar;Paris;DIP;SEASHELLS;7084.0;5
2;138600;Paris;Charlie;DIVING_GEAR;SEASHELLS;99405.0;1
2;138800;Paris;Charlie;BANANAS;SEASHELLS;4814.0;1
2;138900;Charlie;Paris;PEARLS;SEASHELLS;9998.0;1
2;139000;Charlie;Paris;PEARLS;SEASHELLS;9998.0;1
2;139200;Paris;Camilla;PEARLS;SEASHELLS;10002.0;1
2;139300;Charlie;Pablo;PEARLS;SEASHELLS;9998.0;2
2;139300;Caesar;Paris;BAGUETTE;SEASHELLS;12239.0;8
2;139300;Caesar;Camilla;BAGUETTE;SEASHELLS;12239.0;5
2;139400;Paris;Camilla;BERRIES;SEASHELLS;3864.0;7
2;139500;Caesar;Paris;DIP;SEASHELLS;7087.0;5
2;139600;Paris;Caesar;DIP;SEASHELLS;7088.0;9
2;139900;Camilla;Gary;BERRIES;SEASHELLS;3860.0;13
2;140000;Paris;Camilla;DIVING_GEAR;SEASHELLS;99368.0;1
2;140100;Charlie;Paris;PEARLS;SEASHELLS;9995.0;1
2;140100;Charlie;Paris;BANANAS;SEASHELLS;4807.0;1
2;140200;Gina;Charlie;BANANAS;SEASHELLS;4812.0;10
2;140200;Charlie;Camilla;DIVING_GEAR;SEASHELLS;99376.0;1
2;140400;Paris;Camilla;BANANAS;SEASHELLS;4812.0;2
2;140400;Charlie;Paris;BANANAS;SEASHELLS;4807.0;1
2;140400;Caesar;Paris;DIP;SEASHELLS;7092.0;9
2;140400;Paris;Camilla;PEARLS;SEASHELLS;10002.0;2
2;140500;Caesar;Paris;BAGUETTE;SEASHELLS;12252.0;8
2;140500;Charlie;Pablo;PEARLS;SEASHELLS;9998.0;3
2;140500;Paris;Charlie;BANANAS;SEASHELLS;4812.0;1
2;140600;Paris;Caesar;UKULELE;SEASHELLS;20903.0;3
2;140800;Paris;Caesar;BAGUETTE;SEASHELLS;12255.0;4
2;141000;Camilla;Penelope;BERRIES;SEASHELLS;3857.0;12
2;141000;Caesar;Caesar;PINA_COLADAS;SEASHELLS;14870.0;23
2;141100;Caesar;Paris;DIP;SEASHELLS;7090.0;6
2;141100;Charlie;Paris;BANANAS;SEASHELLS;4808.0;1
2;141200;Caesar;Pablo;PICNIC_BASKET;SEASHELLS;74227.0;1
2;141400;Charlie;Penelope;PEARLS;SEASHELLS;9995.0;7
2;141500;Peter;Charlie;PINA_COLADAS;SEASHELLS;14870.0;4
2;141600;Camilla;Camilla;DIVING_GEAR;SEASHELLS;99306.0;1
2;141800;Caesar;Camilla;DIP;SEASHELLS;7088.0;7
2;141900;Camilla;Paris;BERRIES;SEASHELLS;3856.0;6
2;141900;Paris;Paris;BANANAS;SEASHELLS;4808.0;1
2;141900;Paris;Caesar;PEARLS;SEASHELLS;10004.0;1
2;142100;Caesar;Paris;PEARLS;SEASHELLS;9996.0;1
2;142100;Caesar;Paris;BANANAS;SEASHELLS;4808.0;1
2;142200;Paris;Camilla;BERRIES;SEASHELLS;3861.0;3
2;142200;Caesar;Paris;DIP;SEASHELLS;7090.0;10
2;142300;Charlie;Gary;BANANAS;SEASHELLS;4808.0;17
2;142400;Gary;Peter;BERRIES;SEASHELLS;3856.0;2
2;142400;Charlie;Gary;PEARLS;SEASHELLS;9995.0;12
2;142500;Paris;Caesar;UKULELE;SEASHELLS;20910.0;3
2;142700;Paris;Camilla;DIVING_GEAR;SEASHELLS;99314.0;3
2;142800;Caesar;Pablo;PICNIC_BASKET;SEASHELLS;74211.0;2
2;142800;Paris;Caesar;BAGUETTE;SEASHELLS;12243.0;6
2;143100;Caesar;Gina;PEARLS;SEASHELLS;9998.0;2
2;143100;Paris;Caesar;UKULELE;SEASHELLS;20904.0;5
2;143200;Paris;Camilla;BANANAS;SEASHELLS;4814.0;1
2;143300;Camilla;Camilla;DIVING_GEAR;SEASHELLS;99321.0;2
2;143300;Caesar;Paris;BAGUETTE;SEASHELLS;12240.0;5
2;143500;Penelope;Camilla;BANANAS;SEASHELLS;4814.0;2
2;143700;Paris;Caesar;BAGUETTE;SEASHELLS;12240.0;6
2;143700;Paris;Caesar;DIP;SEASHELLS;7088.0;5
2;143900;Paris;Caesar;DIP;SEASHELLS;7086.0;8
2;143900;Paris;Charlie;DIVING_GEAR;SEASHELLS;99352.0;3
2;143900;Caesar;Camilla;BAGUETTE;SEASHELLS;12241.0;8
2;144000;Paris;Caesar;UKULELE;SEASHELLS;20907.0;2
2;144200;Caesar;Paris;BANANAS;SEASHELLS;4809.0;2
2;144200;Caesar;Paris;PEARLS;SEASHELLS;9996.0;2
2;144300;Caesar;Camilla;BAGUETTE;SEASHELLS;12236.0;6
2;144500;Pablo;Charlie;PEARLS;SEASHELLS;10002.0;3
2;144500;Pablo;Charlie;BANANAS;SEASHELLS;4812.0;4
2;144600;Paris;Charlie;BANANAS;SEASHELLS;4814.0;1
2;144600;Pablo;Camilla;PICNIC_BASKET;SEASHELLS;74222.0;6
2;144600;Paris;Charlie;PEARLS;SEASHELLS;10002.0;1
2;144600;Pablo;Caesar;PICNIC_BASKET;SEASHELLS;74222.0;2
2;144900;Charlie;Pablo;COCONUTS;SEASHELLS;7907.0;25
2;145100;Charlie;Paris;BANANAS;SEASHELLS;4808.0;1
2;145300;Paris;Charlie;DIVING_GEAR;SEASHELLS;99323.0;2
2;145700;Caesar;Pablo;PICNIC_BASKET;SEASHELLS;74120.0;1
2;145700;Camilla;Pablo;PICNIC_BASKET;SEASHELLS;74120.0;1
2;145900;Caesar;Camilla;DIP;SEASHELLS;7078.0;6
2;145900;Paris;Charlie;BANANAS;SEASHELLS;4815.0;1
2;146000;Paris;Caesar;DIP;SEASHELLS;7078.0;10
2;146000;Charlie;Penelope;BANANAS;SEASHELLS;4810.0;7
2;146000;Camilla;Charlie;DIVING_GEAR;SEASHELLS;99340.0;1
2;146200;Caesar;Paris;DIP;SEASHELLS;7073.0;10
2;146300;Charlie;Pablo;COCONUTS;SEASHELLS;7910.0;28
2;146300;Paris;Caesar;DIP;SEASHELLS;7073.0;5
2;146400;Camilla;Gary;BERRIES;SEASHELLS;3855.0;10
2;146500;Paris;Charlie;DIVING_GEAR;SEASHELLS;99323.0;3
2;146900;Charlie;Caesar;BANANAS;SEASHELLS;4812.0;3
2;146900;Caesar;Paris;UKULELE;SEASHELLS;20915.0;1
2;146900;Paris;Charlie;PEARLS;SEASHELLS;10002.0;1
2;147000;Camilla;Paris;DIVING_GEAR;SEASHELLS;99303.0;3
2;147000;Paris;Caesar;BAGUETTE;SEASHELLS;12229.0;3
2;147100;Caesar;Paris;UKULELE;SEASHELLS;20916.0;1
2;147300;Paris;Camilla;BANANAS;SEASHELLS;4815.0;1
2;147300;Peter;Charlie;PINA_COLADAS;SEASHELLS;14875.0;4
2;147300;Paris;Caesar;UKULELE;SEASHELLS;20918.0;3
2;147500;Penelope;Caesar;PICNIC_BASKET;SEASHELLS;74132.0;2
2;147600;Charlie;Paris;BANANAS;SEASHELLS;4809.0;1
2;147700;Gary;Caesar;PEARLS;SEASHELLS;10004.0;2
2;147700;Gary;Charlie;PEARLS;SEASHELLS;10004.0;8
2;147700;Charlie;Paris;BANANAS;SEASHELLS;4809.0;1
2;147800;Charlie;Pablo;PEARLS;SEASHELLS;9998.0;4
2;147800;Paris;Pablo;PEARLS;SEASHELLS;9998.0;1
2;147900;Camilla;Penelope;BERRIES;SEASHELLS;3858.0;10
2;147900;Paris;Camilla;DIVING_GEAR;SEASHELLS;99298.0;3
2;148000;Paris;Caesar;UKULELE;SEASHELLS;20927.0;2
2;148200;Penelope;Caesar;PICNIC_BASKET;SEASHELLS;74090.0;1
2;148300;Paris;Caesar;UKULELE;SEASHELLS;20922.0;1
2;148400;Camilla;Paris;BERRIES;SEASHELLS;3857.0;5
2;148700;Charlie;Gina;BANANAS;SEASHELLS;4811.0;13
2;148700;Penelope;Gina;BERRIES;SEASHELLS;3861.0;14
2;148700;Caesar;Paris;UKULELE;SEASHELLS;20921.0;3
2;148800;Charlie;Paris;PEARLS;SEASHELLS;9998.0;1
2;148900;Charlie;Pablo;PEARLS;SEASHELLS;9998.0;5
2;148900;Peter;Charlie;COCONUTS;SEASHELLS;7907.0;9
2;149000;Gina;Camilla;BANANAS;SEASHELLS;4816.0;1
2;149000;Paris;Camilla;PEARLS;SEASHELLS;10002.0;1
2;149000;Gina;Caesar;BANANAS;SEASHELLS;4816.0;1
2;149200;Caesar;Paris;BAGUETTE;SEASHELLS;12219.0;4
2;149400;Caesar;Paris;BAGUETTE;SEASHELLS;12220.0;7
2;149400;Caesar;Paris;DIP;SEASHELLS;7068.0;7
2;149500;Penelope;Charlie;BANANAS;SEASHELLS;4816.0;1
2;149500;Penelope;Camilla;BANANAS;SEASHELLS;4816.0;10
2;149600;Paris;Caesar;BAGUETTE;SEASHELLS;12216.0;8
2;149600;Paris;Caesar;BANANAS;SEASHELLS;4816.0;1
2;149700;Charlie;Gary;BANANAS;SEASHELLS;4811.0;12
2;149700;Charlie;Pablo;COCONUTS;SEASHELLS;7906.0;29
2;149900;Caesar;Caesar;COCONUTS;SEASHELLS;7905.0;52
2;149900;Caesar;Paris;UKULELE;SEASHELLS;20940.0;3
2;150100;Charlie;Paris;BANANAS;SEASHELLS;4811.0;1
2;150100;Paris;Charlie;PEARLS;SEASHELLS;10002.0;1
2;150200;Caesar;Paris;BAGUETTE;SEASHELLS;12228.0;8
2;150300;Penelope;Caesar;PICNIC_BASKET;SEASHELLS;74145.0;2
2;150500;Pablo;Charlie;PEARLS;SEASHELLS;10002.0;3
2;150600;Paris;Caesar;PEARLS;SEASHELLS;10004.0;1
2;150600;Paris;Charlie;BANANAS;SEASHELLS;4817.0;1
2;150700;Charlie;Penelope;BANANAS;SEASHELLS;4810.0;8
2;150800;Charlie;Paris;DIVING_GEAR;SEASHELLS;99319.0;1
2;150900;Paris;Caesar;UKULELE;SEASHELLS;20951.0;4
2;151000;Caesar;Caesar;PINA_COLADAS;SEASHELLS;14871.0;24
2;151000;Caesar;Pablo;PINA_COLADAS;SEASHELLS;14871.0;5
2;151300;Charlie;Caesar;BANANAS;SEASHELLS;4811.0;3
2;151400;Caesar;Paris;BAGUETTE;SEASHELLS;12240.0;3
2;151500;Camilla;Camilla;DIVING_GEAR;SEASHELLS;99313.0;2
2;151800;Caesar;Camilla;BAGUETTE;SEASHELLS;12239.0;7
2;152000;Caesar;Caesar;COCONUTS;SEASHELLS;7900.0;50
2;152100;Pablo;Paris;BANANAS;SEASHELLS;4812.0;1
2;152100;Pablo;Charlie;BANANAS;SEASHELLS;4812.0;4
2;152200;Paris;Caesar;PEARLS;SEASHELLS;10004.0;1
2;152200;Paris;Caesar;BANANAS;SEASHELLS;4814.0;1
2;152300;Caesar;Paris;BAGUETTE;SEASHELLS;12235.0;5
2;152300;Caesar;Paris;UKULELE;SEASHELLS;20952.0;2
2;152700;Charlie;Paris;PEARLS;SEASHELLS;9998.0;1
2;153000;Charlie;Paris;DIVING_GEAR;SEASHELLS;99304.0;3
2;153100;Paris;Camilla;PEARLS;SEASHELLS;10002.0;1
2;153100;Caesar;Camilla;DIP;SEASHELLS;7066.0;9
2;153200;Paris;Camilla;DIP;SEASHELLS;7067.0;5
2;153200;Gary;Camilla;PEARLS;SEASHELLS;10002.0;4
2;153300;Caesar;Paris;DIP;SEASHELLS;7065.0;8
2;153500;Caesar;Paris;UKULELE;SEASHELLS;20953.0;3
2;153500;Charlie;Penelope;BANANAS;SEASHELLS;4810.0;11
2;153600;Camilla;Pablo;PICNIC_BASKET;SEASHELLS;74061.0;2
2;153600;Caesar;Pablo;PICNIC_BASKET;SEASHELLS;74062.0;2
2;153700;Charlie;Peter;PINA_COLADAS;SEASHELLS;14862.0;5
2;153800;Caesar;Paris;UKULELE;SEASHELLS;20953.0;5
2;154000;Paris;Charlie;PEARLS;SEASHELLS;10002.0;1
2;154000;Charlie;Pablo;BANANAS;SEASHELLS;4810.0;4
2;154000;Penelope;Camilla;BERRIES;SEASHELLS;3866.0;10
2;154000;Caesar;Camilla;BAGUETTE;SEASHELLS;12241.0;4
2;154100;Caesar;Camilla;DIP;SEASHELLS;7061.0;10
2;154200;Paris;Caesar;UKULELE;SEASHELLS;20959.0;2
2;154300;Charlie;Paris;BANANAS;SEASHELLS;4809.0;1
2;154300;Charlie;Paris;DIVING_GEAR;SEASHELLS;99305.0;2
2;154600;Caesar;Camilla;DIP;SEASHELLS;7059.0;12
2;154800;Caesar;Paris;UKULELE;SEASHELLS;20949.0;4
2;154900;Caesar;Pablo;PICNIC_BASKET;SEASHELLS;74058.0;1
2;154900;Paris;Camilla;DIVING_GEAR;SEASHELLS;99316.0;3
2;155200;Caesar;Paris;PEARLS;SEASHELLS;9996.0;1
2;155200;Charlie;Paris;BANANAS;SEASHELLS;4809.0;2
2;155500;Charlie;Paris;BANANAS;SEASHELLS;4808.0;1
2;156000;Charlie;Paris;BANANAS;SEASHELLS;4807.0;1
2;156100;Paris;Camilla;PEARLS;SEASHELLS;10002.0;2
2;156100;Paris;Camilla;BANANAS;SEASHELLS;4812.0;2
2;156100;Paris;Camilla;BERRIES;SEASHELLS;3863.0;1
2;156100;Caesar;Paris;DIP;SEASHELLS;7056.0;8
2;156300;Paris;Pablo;PEARLS;SEASHELLS;9998.0;2
2;156300;Paris;Caesar;BANANAS;SEASHELLS;4814.0;2
2;156400;Paris;Caesar;UKULELE;SEASHELLS;20947.0;4
2;156500;Paris;Caesar;DIP;SEASHELLS;7059.0;7
2;156600;Paris;Charlie;BANANAS;SEASHELLS;4812.0;1
2;156600;Caesar;Camilla;DIP;SEASHELLS;7057.0;11
2;156800;Caesar;Paris;DIP;SEASHELLS;7055.0;9
2;156900;Caesar;Paris;BAGUETTE;SEASHELLS;12236.0;3
2;157000;Paris;Caesar;UKULELE;SEASHELLS;20953.0;1
2;157100;Caesar;Caesar;COCONUTS;SEASHELLS;7904.0;47
2;157300;Charlie;Paris;BANANAS;SEASHELLS;4808.0;1
2;157300;Camilla;Pablo;PICNIC_BASKET;SEASHELLS;74100.0;8
2;157400;Camilla;Paris;DIVING_GEAR;SEASHELLS;99304.0;3
2;157400;Paris;Caesar;BAGUETTE;SEASHELLS;12238.0;3
2;157400;Camilla;Camilla;DIVING_GEAR;SEASHELLS;99304.0;2
2;157500;Caesar;Paris;DIP;SEASHELLS;7056.0;5
2;157500;Camilla;Paris;DIVING_GEAR;SEASHELLS;99304.0;1
2;157800;Caesar;Camilla;DIP;SEASHELLS;7059.0;4
2;157900;Charlie;Penelope;BANANAS;SEASHELLS;4809.0;6
2;158000;Caesar;Paris;UKULELE;SEASHELLS;20957.0;5
2;158100;Camilla;Paris;BANANAS;SEASHELLS;4811.0;1
2;158200;Paris;Caesar;BAGUETTE;SEASHELLS;12247.0;5
2;158200;Charlie;Paris;BANANAS;SEASHELLS;4810.0;1
2;158300;Charlie;Paris;BANANAS;SEASHELLS;4811.0;2
2;158300;Paris;Caesar;UKULELE;SEASHELLS;20957.0;1
2;158300;Charlie;Paris;PEARLS;SEASHELLS;9995.0;2
2;158400;Paris;Camilla;BERRIES;SEASHELLS;3863.0;2
2;158500;Pablo;Charlie;BANANAS;SEASHELLS;4816.0;4
2;158600;Paris;Caesar;DIP;SEASHELLS;7062.0;4
2;158700;Paris;Caesar;UKULELE;SEASHELLS;20954.0;5
2;158800;Caesar;Camilla;DIP;SEASHELLS;7062.0;8
2;158900;Charlie;Paris;PEARLS;SEASHELLS;9998.0;1
2;158900;Paris;Caesar;DIP;SEASHELLS;7063.0;5
2;159000;Paris;Caesar;UKULELE;SEASHELLS;20951.0;3
2;159100;Caesar;Pablo;PICNIC_BASKET;SEASHELLS;74117.0;2
2;159400;Camilla;Pablo;BANANAS;SEASHELLS;4812.0;1
2;159600;Paris;Camilla;BERRIES;SEASHELLS;3864.0;7
2;159600;Pablo;Charlie;PEARLS;SEASHELLS;10002.0;3
2;159700;Caesar;Paris;PEARLS;SEASHELLS;9996.0;1
2;159700;Charlie;Paris;BANANAS;SEASHELLS;4811.0;1
2;159800;Camilla;Paris;BANANAS;SEASHELLS;4812.0;2
2;159800;Camilla;Paris;PEARLS;SEASHELLS;9998.0;2
2;159900;Paris;Caesar;UKULELE;SEASHELLS;20961.0;2
2;159900;Penelope;Charlie;BANANAS;SEASHELLS;4818.0;12
2;159900;Penelope;Caesar;PEARLS;SEASHELLS;10004.0;1
2;160200;Charlie;Paris;BANANAS;SEASHELLS;4814.0;1
2;160300;Paris;Caesar;UKULELE;SEASHELLS;20957.0;5
2;160400;Camilla;Camilla;DIVING_GEAR;SEASHELLS;99340.0;3
2;160600;Charlie;Penelope;PEARLS;SEASHELLS;9995.0;7
2;160600;Charlie;Gina;BANANAS;SEASHELLS;4815.0;11
2;160600;Paris;Caesar;BAGUETTE;SEASHELLS;12253.0;3
2;160700;Paris;Caesar;BAGUETTE;SEASHELLS;12253.0;3
2;160900;Paris;Charlie;BANANAS;SEASHELLS;4820.0;1
2;160900;Paris;Charlie;PEARLS;SEASHELLS;10005.0;1
2;161100;Charlie;Paris;BANANAS;SEASHELLS;4813.0;1
2;161100;Charlie;Paris;PEARLS;SEASHELLS;9995.0;1
2;161100;Penelope;Camilla;BERRIES;SEASHELLS;3868.0;14
2;161200;Charlie;Paris;BANANAS;SEASHELLS;4813.0;1
2;161200;Paris;Caesar;DIP;SEASHELLS;7065.0;8
2;161400;Paris;Caesar;UKULELE;SEASHELLS;20945.0;5
2;161500;Paris;Charlie;BANANAS;SEASHELLS;4819.0;1
2;161500;Paris;Charlie;PEARLS;SEASHELLS;10005.0;1
2;161600;Caesar;Caesar;PINA_COLADAS;SEASHELLS;14890.0;26
2;161600;Caesar;Paris;UKULELE;SEASHELLS;20943.0;3
2;161800;Caesar;Paris;UKULELE;SEASHELLS;20941.0;5
2;161800;Caesar;Paris;BAGUETTE;SEASHELLS;12253.0;4
2;161900;Camilla;Camilla;DIVING_GEAR;SEASHELLS;99321.0;3
2;162000;Paris;Camilla;PEARLS;SEASHELLS;10002.0;1
2;162100;Caesar;Caesar;PINA_COLADAS;SEASHELLS;14888.0;40
2;162100;Camilla;Pablo;PICNIC_BASKET;SEASHELLS;74074.0;4
2;162100;Charlie;Pablo;PEARLS;SEASHELLS;9998.0;5
2;162100;Caesar;Pablo;PICNIC_BASKET;SEASHELLS;74074.0;1
2;162100;Paris;Camilla;BANANAS;SEASHELLS;4817.0;1
2;162300;Charlie;Gary;BANANAS;SEASHELLS;4812.0;15
2;162300;Charlie;Paris;BANANAS;SEASHELLS;4812.0;1
2;162400;Camilla;Paris;DIVING_GEAR;SEASHELLS;99330.0;2
2;162500;Caesar;Camilla;BAGUETTE;SEASHELLS;12254.0;7
2;162500;Paris;Caesar;BAGUETTE;SEASHELLS;12255.0;4
2;162600;Paris;Charlie;BANANAS;SEASHELLS;4818.0;2
2;162600;Paris;Caesar;PEARLS;SEASHELLS;10004.0;2
2;162900;Paris;Caesar;BAGUETTE;SEASHELLS;12256.0;7
2;163000;Paris;Camilla;BANANAS;SEASHELLS;4816.0;1
2;163000;Paris;Gina;PEARLS;SEASHELLS;9998.0;1
2;163100;Paris;Camilla;BERRIES;SEASHELLS;3870.0;8
2;163100;Charlie;Pablo;BANANAS;SEASHELLS;4813.0;3
2;163100;Paris;Caesar;DIP;SEASHELLS;7061.0;10
2;163200;Camilla;Paris;BERRIES;SEASHELLS;3862.0;4
2;163300;Caesar;Penelope;PICNIC_BASKET;SEASHELLS;74081.0;1
2;163400;Paris;Caesar;UKULELE;SEASHELLS;20937.0;5
2;163500;Charlie;Gary;BANANAS;SEASHELLS;4814.0;13
2;163500;Paris;Caesar;UKULELE;SEASHELLS;20932.0;5
2;163500;Caesar;Gary;BANANAS;SEASHELLS;4814.0;1
2;163800;Paris;Paris;BANANAS;SEASHELLS;4813.0;1
2;163800;Paris;Charlie;PEARLS;SEASHELLS;10005.0;1
2;163800;Paris;Caesar;DIP;SEASHELLS;7063.0;8
2;163900;Paris;Caesar;PEARLS;SEASHELLS;10004.0;1
2;163900;Camilla;Paris;PEARLS;SEASHELLS;9998.0;1
2;163900;Paris;Charlie;BANANAS;SEASHELLS;4819.0;2
2;163900;Paris;Charlie;PEARLS;SEASHELLS;10004.0;1
2;164000;Paris;Caesar;UKULELE;SEASHELLS;20942.0;4
2;164100;Caesar;Caesar;COCONUTS;SEASHELLS;7914.0;41
2;164300;Camilla;Charlie;DIVING_GEAR;SEASHELLS;99319.0;1
2;164300;Paris;Charlie;BANANAS;SEASHELLS;4818.0;1
2;164300;Pablo;Charlie;PEARLS;SEASHELLS;10002.0;3
2;164500;Charlie;Peter;COCONUTS;SEASHELLS;7913.0;10
2;164800;Paris;Charlie;BANANAS;SEASHELLS;4816.0;1
2;164900;Caesar;Penelope;PEARLS;SEASHELLS;9996.0;2
2;164900;Charlie;Penelope;PEARLS;SEASHELLS;9996.0;6
2;165000;Caesar;Paris;DIP;SEASHELLS;7052.0;8
2;165100;Paris;Caesar;DIP;SEASHELLS;7054.0;4
2;165400;Charlie;Pablo;PEARLS;SEASHELLS;9998.0;2
2;165500;Caesar;Paris;BAGUETTE;SEASHELLS;12265.0;7
2;165600;Caesar;Paris;UKULELE;SEASHELLS;20937.0;4
2;165600;Gary;Camilla;BERRIES;SEASHELLS;3867.0;14
2;165800;Charlie;Paris;BANANAS;SEASHELLS;4812.0;1
2;165800;Camilla;Paris;BERRIES;SEASHELLS;3861.0;9
2;165800;Paris;Charlie;PEARLS;SEASHELLS;10002.0;1
2;165900;Charlie;Paris;PEARLS;SEASHELLS;9998.0;1
2;166100;Camilla;Gary;PEARLS;SEASHELLS;9998.0;3
2;166300;Charlie;Pablo;PINA_COLADAS;SEASHELLS;14901.0;10
2;166500;Gary;Pablo;BANANAS;SEASHELLS;4814.0;5
2;166500;Paris;Caesar;BAGUETTE;SEASHELLS;12259.0;8
2;166600;Peter;Charlie;COCONUTS;SEASHELLS;7912.0;5
2;166600;Charlie;Paris;BANANAS;SEASHELLS;4813.0;1
2;166600;Caesar;Paris;UKULELE;SEASHELLS;20942.0;4
2;166700;Paris;Caesar;DIP;SEASHELLS;7049.0;6
2;166700;Caesar;Caesar;COCONUTS;SEASHELLS;7910.0;67
2;166800;Caesar;Paris;BAGUETTE;SEASHELLS;12256.0;3
2;167000;Camilla;Gary;PEARLS;SEASHELLS;9998.0;5
2;167000;Paris;Caesar;DIP;SEASHELLS;7045.0;10
2;167100;Penelope;Caesar;PEARLS;SEASHELLS;10004.0;2
2;167100;Caesar;Paris;BANANAS;SEASHELLS;4814.0;1
2;167100;Caesar;Camilla;DIP;SEASHELLS;7045.0;8
2;167300;Paris;Caesar;UKULELE;SEASHELLS;20959.0;2
2;167300;Penelope;Charlie;PEARLS;SEASHELLS;10005.0;5
2;167400;Camilla;Penelope;PICNIC_BASKET;SEASHELLS;74144.0;6
2;167500;Paris;Charlie;BANANAS;SEASHELLS;4819.0;2
2;167500;Paris;Paris;PEARLS;SEASHELLS;9998.0;1
2;168100;Pablo;Charlie;PEARLS;SEASHELLS;10002.0;1
2;168200;Charlie;Pablo;PEARLS;SEASHELLS;9998.0;4
2;168300;Caesar;Paris;UKULELE;SEASHELLS;20968.0;5
2;168300;Paris;Caesar;BAGUETTE;SEASHELLS;12250.0;8
2;168500;Charlie;Paris;BANANAS;SEASHELLS;4813.0;1
2;168600;Camilla;Paris;BERRIES;SEASHELLS;3858.0;10
2;168600;Caesar;Camilla;UKULELE;SEASHELLS;20963.0;3
2;168700;Caesar;Paris;DIP;SEASHELLS;7050.0;8
2;168800;Caesar;Paris;UKULELE;SEASHELLS;20962.0;2
2;168900;Camilla;Penelope;BANANAS;SEASHELLS;4814.0;8
2;168900;Camilla;Paris;PEARLS;SEASHELLS;9998.0;2
2;168900;Camilla;Paris;BANANAS;SEASHELLS;4814.0;1
2;169000;Caesar;Paris;UKULELE;SEASHELLS;20962.0;2
2;169300;Charlie;Pablo;PINA_COLADAS;SEASHELLS;14903.0;13
2;169300;Paris;Camilla;PEARLS;SEASHELLS;10002.0;1
2;169400;Caesar;Paris;UKULELE;SEASHELLS;20973.0;5
2;169400;Paris;Charlie;BANANAS;SEASHELLS;4819.0;1
2;169400;Camilla;Penelope;PICNIC_BASKET;SEASHELLS;74154.0;10
2;169600;Caesar;Pablo;COCONUTS;SEASHELLS;7912.0;16
2;169700;Camilla;Paris;PEARLS;SEASHELLS;9998.0;1
2;169800;Paris;Caesar;BANANAS;SEASHELLS;4820.0;2
2;169800;Paris;Caesar;PEARLS;SEASHELLS;10004.0;2
2;169900;Charlie;Pablo;PINA_COLADAS;SEASHELLS;14899.0;15
2;170000;Caesar;Camilla;DIP;SEASHELLS;7052.0;4
2;170100;Paris;Charlie;BANANAS;SEASHELLS;4820.0;2
2;170100;Paris;Charlie;PEARLS;SEASHELLS;10005.0;2
2;170200;Paris;Camilla;BANANAS;SEASHELLS;4818.0;1
2;170200;Charlie;Paris;DIVING_GEAR;SEASHELLS;99452.0;3
2;170400;Charlie;Paris;BANANAS;SEASHELLS;4812.0;1
2;170700;Caesar;Paris;PEARLS;SEASHELLS;9996.0;1
2;170700;Caesar;Paris;UKULELE;SEASHELLS;20960.0;2
2;170700;Charlie;Paris;BANANAS;SEASHELLS;4810.0;1
2;170800;Paris;Caesar;DIP;SEASHELLS;7061.0;10
2;170800;Caesar;Pablo;PINA_COLADAS;SEASHELLS;14905.0;6
2;170800;Paris;Charlie;PEARLS;SEASHELLS;10002.0;1
2;170900;Paris;Caesar;UKULELE;SEASHELLS;20959.0;2
2;171000;Paris;Caesar;UKULELE;SEASHELLS;20955.0;3
2;171400;Penelope;Peter;BERRIES;SEASHELLS;3858.0;3
2;171400;Caesar;Paris;UKULELE;SEASHELLS;20954.0;4
2;171500;Caesar;Gary;PEARLS;SEASHELLS;9996.0;1
2;171600;Caesar;Penelope;PEARLS;SEASHELLS;9996.0;2
2;171700;Paris;Caesar;DIP;SEASHELLS;7055.0;4
2;171900;Camilla;Paris;BERRIES;SEASHELLS;3855.0;4
2;171900;Caesar;Camilla;BAGUETTE;SEASHELLS;12262.0;10
2;172200;Charlie;Paris;PEARLS;SEASHELLS;9998.0;1
2;172200;Paris;Camilla;DIVING_GEAR;SEASHELLS;99504.0;1
2;172300;Caesar;Penelope;PICNIC_BASKET;SEASHELLS;74221.0;2
2;172300;Pablo;Charlie;PEARLS;SEASHELLS;10002.0;2
2;172400;Charlie;Paris;BANANAS;SEASHELLS;4808.0;1
2;172400;Penelope;Camilla;BERRIES;SEASHELLS;3862.0;13
2;172500;Caesar;Peter;PINA_COLADAS;SEASHELLS;14912.0;2
2;172600;Caesar;Penelope;PICNIC_BASKET;SEASHELLS;74205.0;1
2;172600;Penelope;Charlie;BANANAS;SEASHELLS;4813.0;12
2;173100;Caesar;Paris;BANANAS;SEASHELLS;4806.0;1
2;173100;Caesar;Paris;PEARLS;SEASHELLS;9996.0;1
2;173300;Caesar;Camilla;UKULELE;SEASHELLS;20956.0;5
2;173300;Caesar;Paris;DIP;SEASHELLS;7059.0;7
2;173300;Pablo;Charlie;BANANAS;SEASHELLS;4810.0;4
2;173300;Pablo;Paris;BANANAS;SEASHELLS;4810.0;1
2;173400;Paris;Charlie;BANANAS;SEASHELLS;4811.0;1
2;173400;Camilla;Paris;BERRIES;SEASHELLS;3857.0;5
2;173600;Paris;Charlie;BANANAS;SEASHELLS;4811.0;1
2;173600;Charlie;Paris;PEARLS;SEASHELLS;9998.0;1
2;173700;Caesar;Paris;BAGUETTE;SEASHELLS;12274.0;8
2;173800;Caesar;Gary;BANANAS;SEASHELLS;4806.0;1
2;173900;Charlie;Paris;BANANAS;SEASHELLS;4805.0;1
2;173900;Caesar;Camilla;UKULELE;SEASHELLS;20959.0;4
2;174000;Paris;Camilla;DIVING_GEAR;SEASHELLS;99534.0;2
2;174200;Gary;Caesar;PEARLS;SEASHELLS;10004.0;2
2;174400;Charlie;Peter;PINA_COLADAS;SEASHELLS;14925.0;5
2;174400;Caesar;Paris;DIP;SEASHELLS;7057.0;8
2;174500;Paris;Caesar;BAGUETTE;SEASHELLS;12266.0;7
2;174700;Caesar;Paris;BANANAS;SEASHELLS;4805.0;1
2;174800;Charlie;Paris;PEARLS;SEASHELLS;9995.0;1
2;174800;Charlie;Paris;BANANAS;SEASHELLS;4804.0;1
2;175200;Caesar;Penelope;PICNIC_BASKET;SEASHELLS;74202.0;1
2;175200;Paris;Caesar;PEARLS;SEASHELLS;10002.0;1
2;175300;Charlie;Paris;BANANAS;SEASHELLS;4805.0;1
2;175300;Caesar;Paris;UKULELE;SEASHELLS;20964.0;1
2;175500;Camilla;Penelope;BANANAS;SEASHELLS;4806.0;2
2;175500;Paris;Caesar;UKULELE;SEASHELLS;20967.0;2
2;175800;Paris;Camilla;BERRIES;SEASHELLS;3869.0;5
2;175800;Pablo;Paris;BANANAS;SEASHELLS;4809.0;1
2;176000;Caesar;Camilla;DIP;SEASHELLS;7053.0;11
2;176100;Penelope;Charlie;BANANAS;SEASHELLS;4812.0;4
2;176200;Paris;Charlie;BANANAS;SEASHELLS;4812.0;1
2;176200;Paris;Charlie;PEARLS;SEASHELLS;10005.0;1
2;176500;Caesar;Penelope;PICNIC_BASKET;SEASHELLS;74205.0;1
2;176800;Pablo;Caesar;PICNIC_BASKET;SEASHELLS;74249.0;1
2;176800;Pablo;Caesar;PICNIC_BASKET;SEASHELLS;74243.0;4
2;177000;Paris;Camilla;BANANAS;SEASHELLS;4812.0;1
2;177200;Paris;Caesar;UKULELE;SEASHELLS;20955.0;5
2;177700;Charlie;Penelope;BANANAS;SEASHELLS;4806.0;3
2;177700;Paris;Camilla;BANANAS;SEASHELLS;4811.0;1
2;177800;Charlie;Paris;PEARLS;SEASHELLS;9998.0;1
2;177900;Paris;Caesar;DIP;SEASHELLS;7065.0;7
2;178100;Paris;Camilla;DIVING_GEAR;SEASHELLS;99570.0;1
2;178100;Charlie;Paris;BANANAS;SEASHELLS;4807.0;1
2;178200;Paris;Charlie;BERRIES;SEASHELLS;3874.0;5
2;178400;Charlie;Paris;PEARLS;SEASHELLS;9998.0;1
2;178500;Camilla;Gary;PEARLS;SEASHELLS;9998.0;3
2;178700;Camilla;Paris;PEARLS;SEASHELLS;9998.0;1
2;178700;Camilla;Paris;BANANAS;SEASHELLS;4807.0;1
2;178800;Paris;Camilla;PEARLS;SEASHELLS;10002.0;2
2;178800;Paris;Caesar;BANANAS;SEASHELLS;4809.0;2
2;179200;Caesar;Paris;UKULELE;SEASHELLS;20930.0;5
2;179300;Charlie;Gina;BANANAS;SEASHELLS;4807.0;12
2;179500;Camilla;Paris;BERRIES;SEASHELLS;3870.0;10
2;179600;Penelope;Camilla;PEARLS;SEASHELLS;10002.0;4
2;179700;Penelope;Charlie;BANANAS;SEASHELLS;4815.0;9
2;179700;Camilla;Paris;BANANAS;SEASHELLS;4808.0;1
2;179800;Paris;Caesar;PEARLS;SEASHELLS;10004.0;2
2;179800;Paris;Charlie;BANANAS;SEASHELLS;4814.0;2
2;179800;Paris;Caesar;DIP;SEASHELLS;7069.0;8
2;179900;Camilla;Paris;DIVING_GEAR;SEASHELLS;99589.0;2
2;179900;Camilla;Penelope;PICNIC_BASKET;SEASHELLS;74342.0;10
2;180000;Camilla;Paris;DIVING_GEAR;SEASHELLS;99597.0;2
2;180300;Pablo;Caesar;PICNIC_BASKET;SEASHELLS;74381.0;2
2;180300;Paris;Charlie;BANANAS;SEASHELLS;4813.0;1
2;180300;Charlie;Paris;PEARLS;SEASHELLS;9998.0;1
2;180300;Pablo;Camilla;PICNIC_BASKET;SEASHELLS;74381.0;4
2;180600;Paris;Caesar;PEARLS;SEASHELLS;10004.0;1
2;180600;Paris;Caesar;BANANAS;SEASHELLS;4810.0;1
2;180600;Caesar;Paris;BAGUETTE;SEASHELLS;12258.0;8
2;180800;Caesar;Paris;BAGUETTE;SEASHELLS;12255.0;4
2;180800;Penelope;Charlie;BANANAS;SEASHELLS;4814.0;10
2;180800;Pablo;Camilla;PICNIC_BASKET;SEASHELLS;74397.0;6
2;180900;Caesar;Paris;PEARLS;SEASHELLS;9996.0;1
2;180900;Caesar;Paris;BANANAS;SEASHELLS;4808.0;1
2;181400;Charlie;Penelope;BANANAS;SEASHELLS;4807.0;7
2;181400;Paris;Caesar;DIP;SEASHELLS;7071.0;5
2;181400;Caesar;Penelope;PICNIC_BASKET;SEASHELLS;74395.0;2
2;181600;Gina;Penelope;BANANAS;SEASHELLS;4812.0;3
2;181700;Paris;Charlie;BANANAS;SEASHELLS;4813.0;1
2;181700;Paris;Paris;PEARLS;SEASHELLS;9998.0;1
2;181800;Camilla;Camilla;DIVING_GEAR;SEASHELLS;99624.0;1
2;182100;Camilla;Penelope;PICNIC_BASKET;SEASHELLS;74393.0;7
2;182200;Paris;Charlie;DIVING_GEAR;SEASHELLS;99628.0;2
2;182500;Paris;Caesar;BAGUETTE;SEASHELLS;12257.0;6
2;182500;Caesar;Paris;UKULELE;SEASHELLS;20911.0;4
2;182600;Paris;Caesar;DIP;SEASHELLS;7070.0;6
2;182700;Caesar;Camilla;UKULELE;SEASHELLS;20910.0;4
2;182700;Camilla;Paris;DIVING_GEAR;SEASHELLS;99631.0;2
2;182700;Caesar;Paris;BAGUETTE;SEASHELLS;12252.0;7
2;182900;Caesar;Camilla;BAGUETTE;SEASHELLS;12251.0;5
2;183100;Charlie;Pablo;PEARLS;SEASHELLS;9998.0;2
2;183200;Charlie;Paris;BANANAS;SEASHELLS;4807.0;1
2;183200;Paris;Caesar;UKULELE;SEASHELLS;20906.0;5
2;183300;Charlie;Paris;BANANAS;SEASHELLS;4808.0;1
2;183400;Charlie;Paris;BANANAS;SEASHELLS;4807.0;1
2;183500;Charlie;Gina;BANANAS;SEASHELLS;4808.0;12
2;183600;Penelope;Charlie;PEARLS;SEASHELLS;10005.0;2
2;183600;Camilla;Paris;DIVING_GEAR;SEASHELLS;99652.0;2
2;183600;Caesar;Camilla;BAGUETTE;SEASHELLS;12249.0;4
2;183600;Charlie;Penelope;BANANAS;SEASHELLS;4807.0;5
2;183700;Paris;Caesar;BAGUETTE;SEASHELLS;12250.0;6
2;183700;Camilla;Camilla;DIVING_GEAR;SEASHELLS;99648.0;1
2;183800;Paris;Caesar;BAGUETTE;SEASHELLS;12250.0;7
2;183800;Paris;Paris;PEARLS;SEASHELLS;10002.0;1
2;183800;Camilla;Paris;BANANAS;SEASHELLS;4808.0;1
2;183800;Caesar;Camilla;BAGUETTE;SEASHELLS;12249.0;9
2;183900;Charlie;Paris;PEARLS;SEASHELLS;9995.0;2
2;183900;Paris;Paris;BANANAS;SEASHELLS;4812.0;1
2;184000;Caesar;Paris;BAGUETTE;SEASHELLS;12246.0;3
2;184000;Caesar;Caesar;PINA_COLADAS;SEASHELLS;14916.0;27
2;184000;Paris;Charlie;BANANAS;SEASHELLS;4812.0;1
2;184000;Caesar;Caesar;PINA_COLADAS;SEASHELLS;14916.0;8
2;184400;Charlie;Camilla;DIVING_GEAR;SEASHELLS;99636.0;3
2;184400;Caesar;Paris;DIP;SEASHELLS;7072.0;6
2;184500;Paris;Charlie;PEARLS;SEASHELLS;10002.0;1
2;184500;Caesar;Paris;DIP;SEASHELLS;7072.0;7
2;184600;Caesar;Camilla;DIP;SEASHELLS;7071.0;11
2;184600;Paris;Caesar;UKULELE;SEASHELLS;20883.0;2
2;184600;Paris;Caesar;DIP;SEASHELLS;7072.0;4
2;184800;Caesar;Caesar;COCONUTS;SEASHELLS;7921.0;10
2;184800;Paris;Charlie;BANANAS;SEASHELLS;4812.0;1
2;184800;Caesar;Caesar;COCONUTS;SEASHELLS;7921.0;64
2;184900;Caesar;Penelope;PICNIC_BASKET;SEASHELLS;74319.0;1
2;184900;Caesar;Penelope;BANANAS;SEASHELLS;4807.0;1
2;184900;Paris;Caesar;UKULELE;SEASHELLS;20882.0;3
2;184900;Charlie;Penelope;BANANAS;SEASHELLS;4807.0;2
2;184900;Caesar;Camilla;BAGUETTE;SEASHELLS;12253.0;7
2;184900;Caesar;Paris;DIP;SEASHELLS;7071.0;8
2;185100;Camilla;Charlie;DIVING_GEAR;SEASHELLS;99641.0;1
2;185600;Paris;Camilla;BERRIES;SEASHELLS;3874.0;7
2;185600;Penelope;Camilla;PEARLS;SEASHELLS;10002.0;2
2;185800;Camilla;Penelope;BERRIES;SEASHELLS;3867.0;10
2;185900;Caesar;Paris;DIP;SEASHELLS;7074.0;8
2;185900;Paris;Penelope;BANANAS;SEASHELLS;4807.0;2
2;185900;Camilla;Penelope;BANANAS;SEASHELLS;4807.0;7
