day;timestamp;buyer;seller;symbol;currency;price;quantity
-1;0;;;PEARLS;SEASHELLS;10004.0;1
-1;0;;;BANANAS;SEASHELLS;4952.0;1
-1;1100;;;PEARLS;SEASHELLS;9996.0;2
-1;1300;;;BANANAS;SEASHELLS;4949.0;3
-1;1600;;;COCONUTS;SEASHELLS;8000.0;30
-1;1700;;;PEARLS;SEASHELLS;10002.0;1
-1;1800;;;PEARLS;SEASHELLS;10002.0;1
-1;1900;;;BANANAS;SEASHELLS;4950.0;1
-1;2000;;;PEARLS;SEASHELLS;9998.0;1
-1;2400;;;BANANAS;SEASHELLS;4947.0;1
-1;2500;;;BANANAS;SEASHELLS;4949.0;2
-1;2800;;;COCONUTS;SEASHELLS;7997.0;10
-1;2900;;;PEARLS;SEASHELLS;9996.0;1
-1;2900;;;PEARLS;SEASHELLS;9996.0;11
-1;3000;;;BANANAS;SEASHELLS;4953.0;1
-1;3000;;;PEARLS;SEASHELLS;10005.0;1
-1;3100;;;PEARLS;SEASHELLS;9996.0;2
-1;3100;;;BANANAS;SEASHELLS;4947.0;2
-1;3200;;;PEARLS;SEASHELLS;9996.0;1
-1;3200;;;BANANAS;SEASHELLS;4947.0;1
-1;3200;;;BANANAS;SEASHELLS;4947.0;1
-1;3200;;;PEARLS;SEASHELLS;9996.0;1
-1;3400;;;COCONUTS;SEASHELLS;7996.0;40
-1;3700;;;PEARLS;SEASHELLS;10002.0;1
-1;3800;;;BANANAS;SEASHELLS;4952.0;9
-1;3800;;;BANANAS;SEASHELLS;4952.0;1
-1;3800;;;PEARLS;SEASHELLS;9996.0;1
-1;3800;;;BANANAS;SEASHELLS;4952.0;10
-1;4200;;;PEARLS;SEASHELLS;9996.0;2
-1;4300;;;BANANAS;SEASHELLS;4951.0;1
-1;4300;;;PEARLS;SEASHELLS;9995.0;2
-1;4500;;;BANANAS;SEASHELLS;4946.0;1
-1;4800;;;BANANAS;SEASHELLS;4952.0;2
-1;4800;;;PEARLS;SEASHELLS;10004.0;2
-1;4900;;;BANANAS;SEASHELLS;4950.0;7
-1;4900;;;BANANAS;SEASHELLS;4950.0;9
-1;5100;;;BANANAS;SEASHELLS;4951.0;4
-1;5200;;;COCONUTS;SEASHELLS;7997.0;9
-1;5300;;;BANANAS;SEASHELLS;4952.0;1
-1;5700;;;BANANAS;SEASHELLS;4948.0;1
-1;6100;;;BANANAS;SEASHELLS;4948.0;1
-1;6500;;;PEARLS;SEASHELLS;9998.0;1
-1;6600;;;PEARLS;SEASHELLS;10004.0;2
-1;6700;;;PEARLS;SEASHELLS;10002.0;3
-1;6900;;;BANANAS;SEASHELLS;4952.0;1
-1;6900;;;PEARLS;SEASHELLS;10002.0;1
-1;7000;;;BANANAS;SEASHELLS;4954.0;2
-1;7000;;;PEARLS;SEASHELLS;10005.0;2
-1;7200;;;PINA_COLADAS;SEASHELLS;15015.0;4
-1;7200;;;BANANAS;SEASHELLS;4948.0;5
-1;7300;;;PEARLS;SEASHELLS;10004.0;2
-1;7300;;;BANANAS;SEASHELLS;4954.0;2
-1;7400;;;BANANAS;SEASHELLS;4947.0;1
-1;7700;;;BANANAS;SEASHELLS;4946.0;1
-1;8100;;;PEARLS;SEASHELLS;9996.0;1
-1;8100;;;PEARLS;SEASHELLS;9996.0;1
-1;8100;;;PINA_COLADAS;SEASHELLS;15011.0;6
-1;8100;;;BANANAS;SEASHELLS;4952.0;1
-1;8600;;;BANANAS;SEASHELLS;4944.0;1
-1;8800;;;BANANAS;SEASHELLS;4948.0;1
-1;8800;;;PEARLS;SEASHELLS;9998.0;1
-1;9200;;;BANANAS;SEASHELLS;4951.0;1
-1;10300;;;PEARLS;SEASHELLS;9998.0;1
-1;10300;;;BANANAS;SEASHELLS;4951.0;1
-1;10300;;;BANANAS;SEASHELLS;4948.0;1
-1;10300;;;PINA_COLADAS;SEASHELLS;15027.0;4
-1;10400;;;PEARLS;SEASHELLS;10002.0;1
-1;10800;;;PEARLS;SEASHELLS;10004.0;10
-1;10800;;;PEARLS;SEASHELLS;10004.0;2
-1;11100;;;PEARLS;SEASHELLS;9998.0;4
-1;11100;;;PEARLS;SEASHELLS;9998.0;3
-1;11400;;;PEARLS;SEASHELLS;9996.0;1
-1;11400;;;BANANAS;SEASHELLS;4945.0;2
-1;11400;;;COCONUTS;SEASHELLS;8004.0;10
-1;11500;;;PEARLS;SEASHELLS;10002.0;2
-1;11800;;;BANANAS;SEASHELLS;4950.0;1
-1;12000;;;PEARLS;SEASHELLS;10002.0;1
-1;12500;;;BANANAS;SEASHELLS;4943.0;1
-1;12900;;;COCONUTS;SEASHELLS;8003.0;6
-1;13000;;;PEARLS;SEASHELLS;10002.0;1
-1;13000;;;BANANAS;SEASHELLS;4949.0;1
-1;13200;;;PEARLS;SEASHELLS;9998.0;2
-1;13300;;;BANANAS;SEASHELLS;4951.0;2
-1;13300;;;PEARLS;SEASHELLS;10005.0;2
-1;13600;;;BANANAS;SEASHELLS;4944.0;1
-1;14200;;;BANANAS;SEASHELLS;4942.0;1
-1;14300;;;BANANAS;SEASHELLS;4949.0;2
-1;14700;;;PINA_COLADAS;SEASHELLS;15025.0;8
-1;15200;;;BANANAS;SEASHELLS;4943.0;1
-1;15300;;;PEARLS;SEASHELLS;10002.0;1
-1;15400;;;PEARLS;SEASHELLS;9998.0;1
-1;15600;;;PEARLS;SEASHELLS;10004.0;2
-1;15600;;;BANANAS;SEASHELLS;4950.0;2
-1;15600;;;COCONUTS;SEASHELLS;8002.0;13
-1;15700;;;PEARLS;SEASHELLS;10002.0;1
-1;15800;;;BANANAS;SEASHELLS;4949.0;1
-1;16200;;;BANANAS;SEASHELLS;4950.0;1
-1;16200;;;PEARLS;SEASHELLS;9998.0;1
-1;16300;;;PEARLS;SEASHELLS;10004.0;1
-1;16400;;;PEARLS;SEASHELLS;10002.0;1
-1;16600;;;BANANAS;SEASHELLS;4946.0;3
-1;16600;;;BANANAS;SEASHELLS;4946.0;1
-1;16600;;;BANANAS;SEASHELLS;4945.0;1
-1;16700;;;PEARLS;SEASHELLS;10002.0;1
-1;16700;;;PINA_COLADAS;SEASHELLS;15036.0;30
-1;16700;;;BANANAS;SEASHELLS;4946.0;1
-1;16700;;;BANANAS;SEASHELLS;4946.0;4
-1;16800;;;PEARLS;SEASHELLS;9995.0;5
-1;17200;;;PINA_COLADAS;SEASHELLS;15036.0;11
-1;17300;;;BANANAS;SEASHELLS;4950.0;2
-1;17300;;;BANANAS;SEASHELLS;4950.0;1
-1;17300;;;COCONUTS;SEASHELLS;7999.0;52
-1;18100;;;COCONUTS;SEASHELLS;7996.0;22
-1;18200;;;BANANAS;SEASHELLS;4945.0;1
-1;19300;;;PEARLS;SEASHELLS;9996.0;1
-1;19300;;;BANANAS;SEASHELLS;4945.0;1
-1;19700;;;PEARLS;SEASHELLS;10002.0;1
-1;19700;;;BANANAS;SEASHELLS;4946.0;1
-1;19900;;;BANANAS;SEASHELLS;4950.0;5
-1;20100;;;PEARLS;SEASHELLS;10002.0;1
-1;20100;;;PEARLS;SEASHELLS;10002.0;4
-1;20200;;;PEARLS;SEASHELLS;9998.0;1
-1;20300;;;BANANAS;SEASHELLS;4946.0;1
-1;20500;;;PEARLS;SEASHELLS;9998.0;1
-1;20700;;;PEARLS;SEASHELLS;10002.0;1
-1;20800;;;PINA_COLADAS;SEASHELLS;15027.0;6
-1;21200;;;PEARLS;SEASHELLS;9998.0;1
-1;21300;;;PEARLS;SEASHELLS;9996.0;1
-1;21300;;;PINA_COLADAS;SEASHELLS;15024.0;14
-1;21300;;;PEARLS;SEASHELLS;9996.0;7
-1;22100;;;BANANAS;SEASHELLS;4948.0;1
-1;22200;;;PEARLS;SEASHELLS;9998.0;6
-1;22300;;;BANANAS;SEASHELLS;4948.0;19
-1;22400;;;BANANAS;SEASHELLS;4955.0;12
-1;22400;;;PEARLS;SEASHELLS;9998.0;1
-1;22700;;;BANANAS;SEASHELLS;4949.0;1
-1;22800;;;PEARLS;SEASHELLS;9998.0;2
-1;22800;;;BANANAS;SEASHELLS;4948.0;1
-1;23200;;;PEARLS;SEASHELLS;9998.0;2
-1;23200;;;BANANAS;SEASHELLS;4953.0;2
-1;23300;;;PEARLS;SEASHELLS;9998.0;1
-1;23500;;;BANANAS;SEASHELLS;4948.0;1
-1;23700;;;PEARLS;SEASHELLS;10002.0;1
-1;23800;;;BANANAS;SEASHELLS;4953.0;1
-1;23900;;;BANANAS;SEASHELLS;4953.0;1
-1;24100;;;PEARLS;SEASHELLS;9996.0;1
-1;24100;;;PEARLS;SEASHELLS;9996.0;7
-1;24100;;;BANANAS;SEASHELLS;4952.0;1
-1;24300;;;BANANAS;SEASHELLS;4949.0;2
-1;24300;;;BANANAS;SEASHELLS;4949.0;1
-1;24500;;;PEARLS;SEASHELLS;10002.0;1
-1;24500;;;BANANAS;SEASHELLS;4948.0;1
-1;24600;;;PEARLS;SEASHELLS;9998.0;2
-1;25100;;;PEARLS;SEASHELLS;10002.0;1
-1;25200;;;PEARLS;SEASHELLS;10002.0;1
-1;25200;;;PEARLS;SEASHELLS;9998.0;3
-1;25200;;;PEARLS;SEASHELLS;9998.0;5
-1;25200;;;BANANAS;SEASHELLS;4949.0;1
-1;25300;;;BANANAS;SEASHELLS;4944.0;1
-1;25700;;;PEARLS;SEASHELLS;10004.0;2
-1;26300;;;PEARLS;SEASHELLS;9998.0;1
-1;26400;;;BANANAS;SEASHELLS;4945.0;1
-1;26600;;;PEARLS;SEASHELLS;9998.0;1
-1;26900;;;BANANAS;SEASHELLS;4945.0;1
-1;27300;;;BANANAS;SEASHELLS;4951.0;1
-1;27500;;;PINA_COLADAS;SEASHELLS;15023.0;2
-1;27600;;;BANANAS;SEASHELLS;4946.0;1
-1;27600;;;PEARLS;SEASHELLS;9998.0;4
-1;27800;;;COCONUTS;SEASHELLS;7991.0;58
-1;27900;;;BANANAS;SEASHELLS;4952.0;1
-1;28000;;;BANANAS;SEASHELLS;4947.0;2
-1;28200;;;PEARLS;SEASHELLS;9998.0;2
-1;28400;;;BANANAS;SEASHELLS;4947.0;1
-1;29000;;;BANANAS;SEASHELLS;4950.0;1
-1;29000;;;PEARLS;SEASHELLS;10005.0;8
-1;29400;;;PEARLS;SEASHELLS;10002.0;1
-1;29400;;;BANANAS;SEASHELLS;4950.0;1
-1;29700;;;BANANAS;SEASHELLS;4950.0;1
-1;30000;;;PEARLS;SEASHELLS;9998.0;1
-1;30000;;;PEARLS;SEASHELLS;9998.0;3
-1;30000;;;COCONUTS;SEASHELLS;7995.0;26
-1;30300;;;BANANAS;SEASHELLS;4954.0;1
-1;30600;;;PEARLS;SEASHELLS;10002.0;1
-1;30600;;;BANANAS;SEASHELLS;4949.0;1
-1;30600;;;BANANAS;SEASHELLS;4953.0;3
-1;30600;;;BANANAS;SEASHELLS;4953.0;1
-1;30700;;;BANANAS;SEASHELLS;4949.0;1
-1;31600;;;BANANAS;SEASHELLS;4956.0;1
-1;31700;;;PINA_COLADAS;SEASHELLS;15004.0;34
-1;31900;;;PEARLS;SEASHELLS;10005.0;2
-1;32000;;;COCONUTS;SEASHELLS;7999.0;8
-1;32400;;;BANANAS;SEASHELLS;4951.0;1
-1;32500;;;BANANAS;SEASHELLS;4950.0;1
-1;32600;;;BANANAS;SEASHELLS;4957.0;2
-1;32600;;;PEARLS;SEASHELLS;10005.0;2
-1;32600;;;PEARLS;SEASHELLS;10002.0;1
-1;32800;;;BANANAS;SEASHELLS;4956.0;7
-1;32800;;;PEARLS;SEASHELLS;9996.0;2
-1;32800;;;COCONUTS;SEASHELLS;7996.0;43
-1;33000;;;BANANAS;SEASHELLS;4955.0;1
-1;33000;;;PEARLS;SEASHELLS;10002.0;6
-1;33200;;;BANANAS;SEASHELLS;4949.0;1
-1;33400;;;BANANAS;SEASHELLS;4954.0;1
-1;33500;;;PEARLS;SEASHELLS;10004.0;1
-1;33500;;;BANANAS;SEASHELLS;4956.0;1
-1;33600;;;PEARLS;SEASHELLS;10002.0;6
-1;33800;;;BANANAS;SEASHELLS;4949.0;7
-1;34000;;;BANANAS;SEASHELLS;4949.0;1
-1;34100;;;PEARLS;SEASHELLS;9996.0;1
-1;34100;;;PEARLS;SEASHELLS;9996.0;2
-1;34300;;;PEARLS;SEASHELLS;10002.0;1
-1;34600;;;BANANAS;SEASHELLS;4953.0;1
-1;34600;;;BANANAS;SEASHELLS;4953.0;1
-1;35000;;;BANANAS;SEASHELLS;4954.0;1
-1;35000;;;PEARLS;SEASHELLS;10002.0;1
-1;35100;;;PEARLS;SEASHELLS;10002.0;3
-1;35400;;;BANANAS;SEASHELLS;4956.0;1
-1;35400;;;PEARLS;SEASHELLS;10002.0;3
-1;36000;;;BANANAS;SEASHELLS;4955.0;3
-1;36100;;;PEARLS;SEASHELLS;10002.0;1
-1;36200;;;PEARLS;SEASHELLS;9998.0;1
-1;36200;;;BANANAS;SEASHELLS;4957.0;11
-1;36400;;;BANANAS;SEASHELLS;4955.0;1
-1;36700;;;COCONUTS;SEASHELLS;7989.0;54
-1;36800;;;PINA_COLADAS;SEASHELLS;14973.0;12
-1;37300;;;BANANAS;SEASHELLS;4950.0;1
-1;37500;;;PEARLS;SEASHELLS;9996.0;1
-1;37500;;;BANANAS;SEASHELLS;4950.0;1
-1;37800;;;BANANAS;SEASHELLS;4950.0;1
-1;37900;;;BANANAS;SEASHELLS;4952.0;2
-1;38000;;;PINA_COLADAS;SEASHELLS;14976.0;2
-1;38300;;;PINA_COLADAS;SEASHELLS;14976.0;2
-1;38500;;;PEARLS;SEASHELLS;10002.0;1
-1;38600;;;BANANAS;SEASHELLS;4949.0;1
-1;38600;;;PEARLS;SEASHELLS;9996.0;1
-1;38800;;;PEARLS;SEASHELLS;9996.0;1
-1;39200;;;COCONUTS;SEASHELLS;7991.0;5
-1;39200;;;BANANAS;SEASHELLS;4955.0;1
-1;39200;;;PEARLS;SEASHELLS;9998.0;1
-1;39400;;;PEARLS;SEASHELLS;10004.0;1
-1;39400;;;BANANAS;SEASHELLS;4956.0;1
-1;39500;;;PEARLS;SEASHELLS;9998.0;1
-1;40500;;;BANANAS;SEASHELLS;4948.0;1
-1;40600;;;BANANAS;SEASHELLS;4954.0;13
-1;40900;;;BANANAS;SEASHELLS;4955.0;5
-1;40900;;;PEARLS;SEASHELLS;10004.0;2
-1;40900;;;PEARLS;SEASHELLS;10004.0;1
-1;40900;;;PEARLS;SEASHELLS;10004.0;8
-1;40900;;;BANANAS;SEASHELLS;4949.0;1
-1;41000;;;BANANAS;SEASHELLS;4948.0;1
-1;41100;;;BANANAS;SEASHELLS;4947.0;1
-1;41700;;;BANANAS;SEASHELLS;4948.0;1
-1;42400;;;BANANAS;SEASHELLS;4948.0;1
-1;42500;;;PEARLS;SEASHELLS;10002.0;3
-1;42500;;;PEARLS;SEASHELLS;10002.0;1
-1;42500;;;BANANAS;SEASHELLS;4948.0;1
-1;42600;;;BANANAS;SEASHELLS;4947.0;2
-1;42600;;;PEARLS;SEASHELLS;9995.0;2
-1;42900;;;PEARLS;SEASHELLS;10005.0;2
-1;42900;;;BANANAS;SEASHELLS;4953.0;2
-1;43500;;;BANANAS;SEASHELLS;4946.0;1
-1;43900;;;PEARLS;SEASHELLS;10002.0;4
-1;44400;;;COCONUTS;SEASHELLS;7984.0;19
-1;44500;;;BANANAS;SEASHELLS;4951.0;1
-1;44800;;;PEARLS;SEASHELLS;9998.0;1
-1;45000;;;PEARLS;SEASHELLS;10002.0;1
-1;45400;;;BANANAS;SEASHELLS;4946.0;1
-1;45500;;;BANANAS;SEASHELLS;4946.0;1
-1;45500;;;BANANAS;SEASHELLS;4946.0;3
-1;45600;;;COCONUTS;SEASHELLS;7977.0;7
-1;45700;;;BANANAS;SEASHELLS;4952.0;8
-1;45800;;;BANANAS;SEASHELLS;4946.0;1
-1;45900;;;BANANAS;SEASHELLS;4952.0;2
-1;45900;;;PEARLS;SEASHELLS;10004.0;1
-1;45900;;;PEARLS;SEASHELLS;10004.0;1
-1;46600;;;BANANAS;SEASHELLS;4945.0;2
-1;46600;;;PEARLS;SEASHELLS;9998.0;2
-1;46900;;;BANANAS;SEASHELLS;4950.0;1
-1;47100;;;PEARLS;SEASHELLS;9998.0;1
-1;47100;;;BANANAS;SEASHELLS;4951.0;5
-1;47500;;;PEARLS;SEASHELLS;10002.0;4
-1;48100;;;PEARLS;SEASHELLS;9995.0;2
-1;48100;;;BANANAS;SEASHELLS;4942.0;2
-1;48600;;;BANANAS;SEASHELLS;4943.0;4
-1;48600;;;PEARLS;SEASHELLS;9996.0;1
-1;48600;;;BANANAS;SEASHELLS;4942.0;1
-1;48700;;;BANANAS;SEASHELLS;4948.0;20
-1;49000;;;BANANAS;SEASHELLS;4942.0;1
-1;49300;;;BANANAS;SEASHELLS;4940.0;1
-1;49600;;;BANANAS;SEASHELLS;4946.0;1
-1;49700;;;BANANAS;SEASHELLS;4947.0;4
-1;49700;;;BANANAS;SEASHELLS;4947.0;2
-1;49900;;;PEARLS;SEASHELLS;10005.0;2
-1;49900;;;PEARLS;SEASHELLS;9998.0;6
-1;49900;;;BANANAS;SEASHELLS;4948.0;2
-1;50400;;;PEARLS;SEASHELLS;9998.0;1
-1;50600;;;BANANAS;SEASHELLS;4942.0;1
-1;50600;;;PEARLS;SEASHELLS;10002.0;1
-1;50800;;;COCONUTS;SEASHELLS;7979.0;7
-1;50900;;;PINA_COLADAS;SEASHELLS;14960.0;28
-1;51100;;;BANANAS;SEASHELLS;4942.0;6
-1;51300;;;BANANAS;SEASHELLS;4942.0;12
-1;51600;;;PEARLS;SEASHELLS;10002.0;1
-1;51600;;;BANANAS;SEASHELLS;4945.0;5
-1;51600;;;BANANAS;SEASHELLS;4946.0;1
-1;51600;;;BANANAS;SEASHELLS;4946.0;1
-1;51600;;;PEARLS;SEASHELLS;10002.0;1
-1;51700;;;PEARLS;SEASHELLS;9995.0;11
-1;51900;;;PEARLS;SEASHELLS;9996.0;1
-1;52100;;;PEARLS;SEASHELLS;9995.0;8
-1;52300;;;BANANAS;SEASHELLS;4946.0;1
-1;52300;;;PEARLS;SEASHELLS;10002.0;1
-1;52600;;;BANANAS;SEASHELLS;4942.0;1
-1;52600;;;BANANAS;SEASHELLS;4942.0;19
-1;52700;;;BANANAS;SEASHELLS;4941.0;1
-1;52900;;;PEARLS;SEASHELLS;10005.0;6
-1;53900;;;BANANAS;SEASHELLS;4950.0;2
-1;53900;;;PEARLS;SEASHELLS;10004.0;2
-1;54100;;;BANANAS;SEASHELLS;4945.0;1
-1;54100;;;PEARLS;SEASHELLS;9998.0;1
-1;54200;;;BANANAS;SEASHELLS;4944.0;8
-1;54300;;;PEARLS;SEASHELLS;10004.0;1
-1;54300;;;PEARLS;SEASHELLS;10004.0;2
-1;54300;;;BANANAS;SEASHELLS;4949.0;1
-1;54600;;;PEARLS;SEASHELLS;10002.0;3
-1;55000;;;BANANAS;SEASHELLS;4943.0;1
-1;55100;;;BANANAS;SEASHELLS;4950.0;12
-1;55100;;;BANANAS;SEASHELLS;4950.0;2
-1;55100;;;PEARLS;SEASHELLS;10005.0;2
-1;55500;;;BANANAS;SEASHELLS;4948.0;1
-1;55700;;;BANANAS;SEASHELLS;4943.0;1
-1;55700;;;PEARLS;SEASHELLS;9996.0;1
-1;55900;;;COCONUTS;SEASHELLS;7977.0;29
-1;57200;;;PEARLS;SEASHELLS;10002.0;2
-1;57200;;;BANANAS;SEASHELLS;4948.0;1
-1;57500;;;COCONUTS;SEASHELLS;7976.0;9
-1;57500;;;PINA_COLADAS;SEASHELLS;14923.0;12
-1;57700;;;COCONUTS;SEASHELLS;7972.0;27
-1;57800;;;PEARLS;SEASHELLS;9998.0;1
-1;57900;;;BANANAS;SEASHELLS;4950.0;2
-1;57900;;;PEARLS;SEASHELLS;9998.0;1
-1;58000;;;PEARLS;SEASHELLS;9998.0;4
-1;58100;;;PEARLS;SEASHELLS;10005.0;3
-1;58600;;;PEARLS;SEASHELLS;10002.0;1
-1;58800;;;PEARLS;SEASHELLS;9995.0;12
-1;59100;;;PEARLS;SEASHELLS;10005.0;1
-1;59100;;;BANANAS;SEASHELLS;4951.0;1
-1;59300;;;BANANAS;SEASHELLS;4944.0;1
-1;59900;;;BANANAS;SEASHELLS;4945.0;19
-1;60000;;;PEARLS;SEASHELLS;9998.0;2
-1;60000;;;PEARLS;SEASHELLS;10005.0;1
-1;60000;;;BANANAS;SEASHELLS;4952.0;1
-1;60200;;;BANANAS;SEASHELLS;4950.0;1
-1;60200;;;PEARLS;SEASHELLS;9995.0;8
-1;60200;;;BANANAS;SEASHELLS;4950.0;3
-1;60500;;;COCONUTS;SEASHELLS;7964.0;70
-1;60700;;;BANANAS;SEASHELLS;4951.0;1
-1;60700;;;BANANAS;SEASHELLS;4950.0;2
-1;60800;;;BANANAS;SEASHELLS;4945.0;1
-1;60900;;;BANANAS;SEASHELLS;4951.0;4
-1;61400;;;BANANAS;SEASHELLS;4945.0;11
-1;61700;;;BANANAS;SEASHELLS;4945.0;1
-1;61900;;;BANANAS;SEASHELLS;4951.0;2
-1;61900;;;PEARLS;SEASHELLS;9998.0;1
-1;62000;;;BANANAS;SEASHELLS;4949.0;1
-1;62100;;;BANANAS;SEASHELLS;4944.0;2
-1;62200;;;PEARLS;SEASHELLS;10002.0;4
-1;62300;;;PEARLS;SEASHELLS;10005.0;2
-1;62900;;;PEARLS;SEASHELLS;9998.0;4
-1;63000;;;BANANAS;SEASHELLS;4948.0;1
-1;63100;;;BANANAS;SEASHELLS;4943.0;1
-1;63500;;;BANANAS;SEASHELLS;4950.0;8
-1;63600;;;BANANAS;SEASHELLS;4948.0;1
-1;63800;;;BANANAS;SEASHELLS;4949.0;16
-1;63800;;;BANANAS;SEASHELLS;4943.0;1
-1;63900;;;PEARLS;SEASHELLS;9995.0;12
-1;64000;;;PEARLS;SEASHELLS;9998.0;1
-1;64000;;;BANANAS;SEASHELLS;4943.0;1
-1;64200;;;PEARLS;SEASHELLS;9996.0;2
-1;64200;;;PEARLS;SEASHELLS;9996.0;1
-1;64400;;;PEARLS;SEASHELLS;9998.0;4
-1;64500;;;PEARLS;SEASHELLS;9998.0;1
-1;65000;;;PEARLS;SEASHELLS;9998.0;1
-1;65100;;;PEARLS;SEASHELLS;9996.0;2
-1;65100;;;PEARLS;SEASHELLS;9996.0;1
-1;65300;;;PEARLS;SEASHELLS;10002.0;2
-1;65400;;;BANANAS;SEASHELLS;4945.0;2
-1;65900;;;BANANAS;SEASHELLS;4946.0;1
-1;66000;;;PEARLS;SEASHELLS;9998.0;1
-1;66300;;;BANANAS;SEASHELLS;4946.0;1
-1;66900;;;BANANAS;SEASHELLS;4944.0;1
-1;66900;;;BANANAS;SEASHELLS;4943.0;11
-1;67200;;;BANANAS;SEASHELLS;4937.0;1
-1;67300;;;PEARLS;SEASHELLS;9998.0;5
-1;67500;;;COCONUTS;SEASHELLS;7957.0;56
-1;67500;;;BANANAS;SEASHELLS;4938.0;1
-1;67500;;;COCONUTS;SEASHELLS;7957.0;21
-1;67900;;;BANANAS;SEASHELLS;4939.0;5
-1;68100;;;PEARLS;SEASHELLS;9998.0;2
-1;68200;;;BANANAS;SEASHELLS;4943.0;1
-1;68300;;;BANANAS;SEASHELLS;4943.0;1
-1;68600;;;BANANAS;SEASHELLS;4938.0;1
-1;68900;;;BANANAS;SEASHELLS;4943.0;1
-1;69100;;;BANANAS;SEASHELLS;4939.0;1
-1;69100;;;BANANAS;SEASHELLS;4939.0;1
-1;69200;;;BANANAS;SEASHELLS;4943.0;1
-1;69300;;;BANANAS;SEASHELLS;4944.0;1
-1;69300;;;PEARLS;SEASHELLS;9998.0;1
-1;69600;;;BANANAS;SEASHELLS;4938.0;1
-1;69700;;;PEARLS;SEASHELLS;10002.0;1
-1;69700;;;BANANAS;SEASHELLS;4938.0;1
-1;69700;;;BANANAS;SEASHELLS;4938.0;1
-1;69700;;;COCONUTS;SEASHELLS;7963.0;8
-1;70100;;;BANANAS;SEASHELLS;4937.0;1
-1;70300;;;PEARLS;SEASHELLS;9998.0;2
-1;70600;;;BANANAS;SEASHELLS;4936.0;1
-1;70600;;;PEARLS;SEASHELLS;9996.0;1
-1;70800;;;BANANAS;SEASHELLS;4935.0;1
-1;71200;;;PEARLS;SEASHELLS;10002.0;1
-1;71200;;;COCONUTS;SEASHELLS;7963.0;13
-1;71200;;;BANANAS;SEASHELLS;4935.0;1
-1;71500;;;PEARLS;SEASHELLS;10002.0;3
-1;71900;;;PEARLS;SEASHELLS;10002.0;1
-1;72400;;;PEARLS;SEASHELLS;10002.0;1
-1;72500;;;BANANAS;SEASHELLS;4942.0;1
-1;72500;;;PEARLS;SEASHELLS;10004.0;1
-1;72900;;;BANANAS;SEASHELLS;4943.0;1
-1;72900;;;PEARLS;SEASHELLS;10004.0;1
-1;73000;;;BANANAS;SEASHELLS;4937.0;1
-1;73000;;;PEARLS;SEASHELLS;10002.0;1
-1;73100;;;PEARLS;SEASHELLS;10002.0;1
-1;73500;;;COCONUTS;SEASHELLS;7965.0;9
-1;74000;;;PEARLS;SEASHELLS;10002.0;1
-1;74300;;;BANANAS;SEASHELLS;4938.0;2
-1;74300;;;BANANAS;SEASHELLS;4938.0;1
-1;74800;;;PINA_COLADAS;SEASHELLS;14909.0;2
-1;74900;;;BANANAS;SEASHELLS;4938.0;10
-1;74900;;;PEARLS;SEASHELLS;10002.0;1
-1;75000;;;PEARLS;SEASHELLS;9995.0;9
-1;75000;;;PEARLS;SEASHELLS;9998.0;1
-1;75000;;;BANANAS;SEASHELLS;4942.0;1
-1;75200;;;COCONUTS;SEASHELLS;7972.0;9
-1;75500;;;PEARLS;SEASHELLS;9996.0;2
-1;75500;;;BANANAS;SEASHELLS;4937.0;2
-1;75600;;;PEARLS;SEASHELLS;10002.0;1
-1;76100;;;PEARLS;SEASHELLS;9998.0;1
-1;76400;;;BANANAS;SEASHELLS;4942.0;8
-1;77000;;;PEARLS;SEASHELLS;10002.0;2
-1;77000;;;BANANAS;SEASHELLS;4940.0;2
-1;77800;;;COCONUTS;SEASHELLS;7964.0;58
-1;77900;;;PEARLS;SEASHELLS;10002.0;3
-1;78000;;;PINA_COLADAS;SEASHELLS;14901.0;3
-1;78100;;;PEARLS;SEASHELLS;10002.0;1
-1;78100;;;BANANAS;SEASHELLS;4936.0;1
-1;78300;;;BANANAS;SEASHELLS;4936.0;3
-1;78500;;;PEARLS;SEASHELLS;10004.0;10
-1;78500;;;PEARLS;SEASHELLS;10004.0;1
-1;78800;;;PEARLS;SEASHELLS;10002.0;1
-1;78900;;;BANANAS;SEASHELLS;4940.0;1
-1;78900;;;PEARLS;SEASHELLS;10002.0;1
-1;79200;;;PEARLS;SEASHELLS;9998.0;3
-1;79400;;;BANANAS;SEASHELLS;4935.0;1
-1;79900;;;COCONUTS;SEASHELLS;7961.0;19
-1;79900;;;BANANAS;SEASHELLS;4935.0;1
-1;79900;;;PEARLS;SEASHELLS;9998.0;3
-1;80400;;;BANANAS;SEASHELLS;4934.0;1
-1;80800;;;BANANAS;SEASHELLS;4934.0;1
-1;80800;;;BANANAS;SEASHELLS;4939.0;1
-1;80900;;;BANANAS;SEASHELLS;4938.0;1
-1;80900;;;BANANAS;SEASHELLS;4938.0;1
-1;81100;;;BANANAS;SEASHELLS;4940.0;1
-1;81400;;;PEARLS;SEASHELLS;10004.0;1
-1;81800;;;PEARLS;SEASHELLS;10002.0;1
-1;81900;;;PEARLS;SEASHELLS;9998.0;1
-1;82300;;;PINA_COLADAS;SEASHELLS;14908.0;5
-1;82500;;;BANANAS;SEASHELLS;4936.0;9
-1;82600;;;BANANAS;SEASHELLS;4941.0;1
-1;82800;;;BANANAS;SEASHELLS;4940.0;1
-1;82800;;;PEARLS;SEASHELLS;10002.0;1
-1;83100;;;BANANAS;SEASHELLS;4939.0;1
-1;83100;;;PEARLS;SEASHELLS;9998.0;1
-1;83700;;;BANANAS;SEASHELLS;4934.0;1
-1;84100;;;PEARLS;SEASHELLS;9996.0;1
-1;84100;;;PEARLS;SEASHELLS;9996.0;8
-1;84200;;;PEARLS;SEASHELLS;9996.0;2
-1;84200;;;PEARLS;SEASHELLS;9996.0;1
-1;84200;;;BANANAS;SEASHELLS;4934.0;1
-1;84300;;;PEARLS;SEASHELLS;10004.0;2
-1;84500;;;BANANAS;SEASHELLS;4935.0;1
-1;84900;;;BANANAS;SEASHELLS;4941.0;3
-1;85100;;;BANANAS;SEASHELLS;4934.0;16
-1;85800;;;PINA_COLADAS;SEASHELLS;14919.0;3
-1;85800;;;BANANAS;SEASHELLS;4933.0;1
-1;85900;;;PEARLS;SEASHELLS;9998.0;1
-1;86100;;;PEARLS;SEASHELLS;10002.0;1
-1;86200;;;BANANAS;SEASHELLS;4933.0;1
-1;86200;;;BANANAS;SEASHELLS;4933.0;11
-1;86600;;;BANANAS;SEASHELLS;4932.0;7
-1;86700;;;BANANAS;SEASHELLS;4932.0;1
-1;86700;;;PEARLS;SEASHELLS;9998.0;1
-1;87200;;;PEARLS;SEASHELLS;9996.0;1
-1;87400;;;BANANAS;SEASHELLS;4933.0;1
-1;87700;;;BANANAS;SEASHELLS;4932.0;1
-1;87700;;;BANANAS;SEASHELLS;4937.0;11
-1;87900;;;PEARLS;SEASHELLS;10005.0;1
-1;87900;;;BANANAS;SEASHELLS;4939.0;1
-1;88000;;;PEARLS;SEASHELLS;9996.0;2
-1;88000;;;BANANAS;SEASHELLS;4932.0;2
-1;88300;;;BANANAS;SEASHELLS;4933.0;1
-1;88500;;;BANANAS;SEASHELLS;4938.0;1
-1;88500;;;BANANAS;SEASHELLS;4933.0;12
-1;88900;;;BANANAS;SEASHELLS;4933.0;1
-1;89100;;;PEARLS;SEASHELLS;9998.0;1
-1;89100;;;BANANAS;SEASHELLS;4934.0;1
-1;89200;;;PEARLS;SEASHELLS;10002.0;1
-1;89300;;;PINA_COLADAS;SEASHELLS;14898.0;3
-1;89300;;;COCONUTS;SEASHELLS;7955.0;8
-1;89600;;;BANANAS;SEASHELLS;4934.0;1
-1;89600;;;PEARLS;SEASHELLS;9996.0;1
-1;89800;;;BANANAS;SEASHELLS;4934.0;1
-1;89900;;;PEARLS;SEASHELLS;9995.0;2
-1;89900;;;BANANAS;SEASHELLS;4934.0;2
-1;90000;;;PEARLS;SEASHELLS;9998.0;1
-1;90000;;;PEARLS;SEASHELLS;9998.0;1
-1;90100;;;PEARLS;SEASHELLS;10002.0;3
-1;90300;;;PEARLS;SEASHELLS;9998.0;1
-1;90400;;;BANANAS;SEASHELLS;4935.0;6
-1;90900;;;BANANAS;SEASHELLS;4939.0;1
-1;91000;;;BANANAS;SEASHELLS;4939.0;1
-1;91100;;;BANANAS;SEASHELLS;4938.0;1
-1;91100;;;PEARLS;SEASHELLS;9996.0;1
-1;91200;;;PEARLS;SEASHELLS;9995.0;1
-1;91200;;;BANANAS;SEASHELLS;4932.0;1
-1;91700;;;BANANAS;SEASHELLS;4938.0;1
-1;91700;;;BANANAS;SEASHELLS;4939.0;12
-1;91700;;;PEARLS;SEASHELLS;9998.0;1
-1;91800;;;BANANAS;SEASHELLS;4938.0;1
-1;92100;;;BANANAS;SEASHELLS;4934.0;2
-1;92100;;;PEARLS;SEASHELLS;9998.0;1
-1;92200;;;PEARLS;SEASHELLS;9996.0;1
-1;92200;;;PEARLS;SEASHELLS;9996.0;1
-1;92200;;;BANANAS;SEASHELLS;4933.0;2
-1;92300;;;COCONUTS;SEASHELLS;7955.0;18
-1;92700;;;PEARLS;SEASHELLS;10002.0;2
-1;92700;;;PEARLS;SEASHELLS;10002.0;1
-1;92700;;;BANANAS;SEASHELLS;4933.0;1
-1;92900;;;PEARLS;SEASHELLS;9998.0;1
-1;92900;;;BANANAS;SEASHELLS;4933.0;1
-1;93300;;;BANANAS;SEASHELLS;4937.0;1
-1;93400;;;PEARLS;SEASHELLS;9998.0;3
-1;93600;;;PEARLS;SEASHELLS;10004.0;1
-1;93600;;;BANANAS;SEASHELLS;4939.0;1
-1;93800;;;PEARLS;SEASHELLS;9998.0;1
-1;93800;;;BANANAS;SEASHELLS;4937.0;8
-1;93800;;;BANANAS;SEASHELLS;4937.0;5
-1;94200;;;PEARLS;SEASHELLS;10002.0;1
-1;94300;;;PEARLS;SEASHELLS;10002.0;1
-1;94400;;;PEARLS;SEASHELLS;10005.0;1
-1;94400;;;BANANAS;SEASHELLS;4939.0;1
-1;94600;;;PEARLS;SEASHELLS;9998.0;1
-1;95000;;;PEARLS;SEASHELLS;10004.0;1
-1;95000;;;PEARLS;SEASHELLS;10005.0;1
-1;95000;;;BANANAS;SEASHELLS;4937.0;1
-1;95100;;;BANANAS;SEASHELLS;4933.0;4
-1;95600;;;BANANAS;SEASHELLS;4931.0;1
-1;95700;;;PEARLS;SEASHELLS;10002.0;1
-1;95800;;;COCONUTS;SEASHELLS;7961.0;10
-1;95800;;;PEARLS;SEASHELLS;10005.0;7
-1;96000;;;PEARLS;SEASHELLS;9996.0;1
-1;96000;;;BANANAS;SEASHELLS;4930.0;2
-1;96200;;;PEARLS;SEASHELLS;9998.0;5
-1;96200;;;BANANAS;SEASHELLS;4931.0;1
-1;96300;;;BANANAS;SEASHELLS;4932.0;1
-1;96400;;;BANANAS;SEASHELLS;4938.0;6
-1;96800;;;COCONUTS;SEASHELLS;7961.0;13
-1;96800;;;COCONUTS;SEASHELLS;7961.0;40
-1;96800;;;PEARLS;SEASHELLS;10002.0;3
-1;97000;;;BANANAS;SEASHELLS;4938.0;3
-1;97100;;;PEARLS;SEASHELLS;9995.0;1
-1;97100;;;BANANAS;SEASHELLS;4932.0;1
-1;97300;;;BANANAS;SEASHELLS;4932.0;1
-1;97600;;;COCONUTS;SEASHELLS;7964.0;9
-1;97600;;;PEARLS;SEASHELLS;10002.0;7
-1;97900;;;BANANAS;SEASHELLS;4932.0;1
-1;98800;;;PEARLS;SEASHELLS;10002.0;1
-1;98800;;;BANANAS;SEASHELLS;4937.0;1
-1;99000;;;BANANAS;SEASHELLS;4931.0;1
-1;99400;;;BANANAS;SEASHELLS;4939.0;2
-1;99400;;;PEARLS;SEASHELLS;10005.0;2
-1;100000;;;PEARLS;SEASHELLS;10004.0;1
-1;100000;;;BANANAS;SEASHELLS;4938.0;1
-1;100200;;;PEARLS;SEASHELLS;9998.0;1
-1;100500;;;PEARLS;SEASHELLS;9995.0;8
-1;100600;;;COCONUTS;SEASHELLS;7968.0;22
-1;100600;;;BANANAS;SEASHELLS;4937.0;1
-1;100700;;;PEARLS;SEASHELLS;10002.0;1
-1;100800;;;PINA_COLADAS;SEASHELLS;14936.0;23
-1;100900;;;COCONUTS;SEASHELLS;7966.0;12
-1;101200;;;BANANAS;SEASHELLS;4931.0;1
-1;101200;;;PEARLS;SEASHELLS;10005.0;2
-1;101500;;;PEARLS;SEASHELLS;9998.0;3
-1;101500;;;BANANAS;SEASHELLS;4937.0;2
-1;101500;;;BANANAS;SEASHELLS;4931.0;1
-1;101500;;;PEARLS;SEASHELLS;10004.0;2
-1;101600;;;BANANAS;SEASHELLS;4931.0;1
-1;102200;;;PEARLS;SEASHELLS;10005.0;2
-1;102200;;;BANANAS;SEASHELLS;4939.0;2
-1;102300;;;PEARLS;SEASHELLS;9998.0;4
-1;102600;;;PEARLS;SEASHELLS;9998.0;1
-1;102600;;;PEARLS;SEASHELLS;9998.0;2
-1;102700;;;PEARLS;SEASHELLS;10005.0;6
-1;103100;;;BANANAS;SEASHELLS;4938.0;1
-1;103300;;;BANANAS;SEASHELLS;4936.0;1
-1;103400;;;PEARLS;SEASHELLS;10002.0;1
-1;103400;;;COCONUTS;SEASHELLS;7965.0;66
-1;103400;;;BANANAS;SEASHELLS;4932.0;1
-1;103700;;;BANANAS;SEASHELLS;4936.0;10
-1;103900;;;BANANAS;SEASHELLS;4936.0;7
-1;104000;;;BANANAS;SEASHELLS;4936.0;1
-1;104200;;;BANANAS;SEASHELLS;4930.0;1
-1;104300;;;BANANAS;SEASHELLS;4930.0;1
-1;104500;;;BANANAS;SEASHELLS;4932.0;5
-1;104700;;;PEARLS;SEASHELLS;10002.0;1
-1;104900;;;BANANAS;SEASHELLS;4935.0;1
-1;104900;;;PEARLS;SEASHELLS;10004.0;1
-1;105000;;;BANANAS;SEASHELLS;4928.0;8
-1;105200;;;BANANAS;SEASHELLS;4928.0;1
-1;105300;;;BANANAS;SEASHELLS;4934.0;1
-1;105400;;;PEARLS;SEASHELLS;10002.0;1
-1;105700;;;BANANAS;SEASHELLS;4934.0;1
-1;106100;;;PEARLS;SEASHELLS;9996.0;5
-1;106100;;;PEARLS;SEASHELLS;9996.0;2
-1;106300;;;PEARLS;SEASHELLS;9998.0;1
-1;106300;;;BANANAS;SEASHELLS;4929.0;1
-1;106500;;;PEARLS;SEASHELLS;10005.0;10
-1;106600;;;PEARLS;SEASHELLS;9998.0;2
-1;107400;;;BANANAS;SEASHELLS;4928.0;1
-1;107400;;;PEARLS;SEASHELLS;9995.0;1
-1;107600;;;BANANAS;SEASHELLS;4933.0;1
-1;108100;;;PEARLS;SEASHELLS;9998.0;1
-1;108400;;;BANANAS;SEASHELLS;4934.0;1
-1;108500;;;BANANAS;SEASHELLS;4928.0;1
-1;108600;;;PEARLS;SEASHELLS;9998.0;1
-1;108600;;;PEARLS;SEASHELLS;9998.0;3
-1;108800;;;BANANAS;SEASHELLS;4930.0;2
-1;109100;;;BANANAS;SEASHELLS;4933.0;1
-1;109200;;;BANANAS;SEASHELLS;4932.0;5
-1;109300;;;BANANAS;SEASHELLS;4929.0;1
-1;109700;;;BANANAS;SEASHELLS;4930.0;1
-1;110000;;;PEARLS;SEASHELLS;9996.0;1
-1;110400;;;PINA_COLADAS;SEASHELLS;14949.0;11
-1;110400;;;PEARLS;SEASHELLS;10005.0;10
-1;110800;;;BANANAS;SEASHELLS;4929.0;4
-1;111000;;;PEARLS;SEASHELLS;9998.0;1
-1;111100;;;PEARLS;SEASHELLS;9998.0;4
-1;111100;;;BANANAS;SEASHELLS;4931.0;4
-1;111700;;;BANANAS;SEASHELLS;4929.0;1
-1;112100;;;PEARLS;SEASHELLS;9998.0;5
-1;112200;;;BANANAS;SEASHELLS;4935.0;1
-1;112500;;;BANANAS;SEASHELLS;4931.0;4
-1;113000;;;PEARLS;SEASHELLS;10002.0;6
-1;113000;;;COCONUTS;SEASHELLS;7972.0;46
-1;113700;;;BANANAS;SEASHELLS;4928.0;1
-1;113800;;;PEARLS;SEASHELLS;10002.0;1
-1;113800;;;BANANAS;SEASHELLS;4928.0;2
-1;113900;;;BANANAS;SEASHELLS;4932.0;12
-1;114100;;;BANANAS;SEASHELLS;4932.0;1
-1;114400;;;COCONUTS;SEASHELLS;7966.0;53
-1;114400;;;PEARLS;SEASHELLS;10002.0;2
-1;114700;;;BANANAS;SEASHELLS;4928.0;4
-1;115000;;;BANANAS;SEASHELLS;4926.0;2
-1;115100;;;BANANAS;SEASHELLS;4930.0;1
-1;115300;;;PEARLS;SEASHELLS;9998.0;1
-1;115400;;;BANANAS;SEASHELLS;4926.0;1
-1;115700;;;BANANAS;SEASHELLS;4930.0;1
-1;116000;;;PINA_COLADAS;SEASHELLS;14938.0;5
-1;116200;;;BANANAS;SEASHELLS;4924.0;1
-1;116200;;;PEARLS;SEASHELLS;9995.0;1
-1;116600;;;BANANAS;SEASHELLS;4925.0;9
-1;116700;;;COCONUTS;SEASHELLS;7958.0;6
-1;116800;;;PEARLS;SEASHELLS;10002.0;3
-1;116900;;;PEARLS;SEASHELLS;9996.0;1
-1;116900;;;PEARLS;SEASHELLS;9996.0;7
-1;117000;;;COCONUTS;SEASHELLS;7962.0;9
-1;117300;;;PINA_COLADAS;SEASHELLS;14928.0;6
-1;118100;;;PEARLS;SEASHELLS;10002.0;1
-1;118200;;;BANANAS;SEASHELLS;4925.0;1
-1;118300;;;BANANAS;SEASHELLS;4925.0;1
-1;118500;;;BANANAS;SEASHELLS;4925.0;1
-1;119100;;;BANANAS;SEASHELLS;4926.0;16
-1;119200;;;BANANAS;SEASHELLS;4927.0;2
-1;119200;;;BANANAS;SEASHELLS;4927.0;10
-1;119300;;;PEARLS;SEASHELLS;9998.0;1
-1;119600;;;BANANAS;SEASHELLS;4926.0;1
-1;119800;;;BANANAS;SEASHELLS;4931.0;1
-1;119800;;;PEARLS;SEASHELLS;10000.0;1
-1;119900;;;BANANAS;SEASHELLS;4926.0;1
-1;120000;;;PEARLS;SEASHELLS;10002.0;1
-1;120300;;;BANANAS;SEASHELLS;4926.0;2
-1;120300;;;PEARLS;SEASHELLS;9996.0;2
-1;120500;;;PEARLS;SEASHELLS;10002.0;1
-1;120500;;;BANANAS;SEASHELLS;4930.0;1
-1;120600;;;BANANAS;SEASHELLS;4925.0;1
-1;120600;;;PINA_COLADAS;SEASHELLS;14917.0;7
-1;121100;;;BANANAS;SEASHELLS;4926.0;1
-1;121500;;;PEARLS;SEASHELLS;10002.0;1
-1;121500;;;BANANAS;SEASHELLS;4931.0;1
-1;121800;;;PEARLS;SEASHELLS;10002.0;1
-1;121900;;;BANANAS;SEASHELLS;4931.0;1
-1;122100;;;COCONUTS;SEASHELLS;7965.0;8
-1;122600;;;BANANAS;SEASHELLS;4934.0;1
-1;122700;;;PINA_COLADAS;SEASHELLS;14912.0;2
-1;122900;;;BANANAS;SEASHELLS;4935.0;1
-1;123000;;;PEARLS;SEASHELLS;9998.0;1
-1;123000;;;BANANAS;SEASHELLS;4931.0;1
-1;123600;;;BANANAS;SEASHELLS;4935.0;1
-1;123700;;;PEARLS;SEASHELLS;10002.0;6
-1;123800;;;PEARLS;SEASHELLS;9998.0;1
-1;123800;;;BANANAS;SEASHELLS;4935.0;1
-1;124000;;;PEARLS;SEASHELLS;10005.0;2
-1;124000;;;BANANAS;SEASHELLS;4936.0;2
-1;125100;;;COCONUTS;SEASHELLS;7966.0;10
-1;125200;;;PEARLS;SEASHELLS;10002.0;4
-1;125200;;;COCONUTS;SEASHELLS;7965.0;46
-1;125200;;;COCONUTS;SEASHELLS;7965.0;29
-1;125300;;;BANANAS;SEASHELLS;4928.0;1
-1;125400;;;PEARLS;SEASHELLS;9998.0;1
-1;125400;;;COCONUTS;SEASHELLS;7965.0;43
-1;125400;;;PEARLS;SEASHELLS;9998.0;1
-1;126200;;;PINA_COLADAS;SEASHELLS;14901.0;36
-1;126300;;;PEARLS;SEASHELLS;9995.0;2
-1;126300;;;BANANAS;SEASHELLS;4928.0;2
-1;126400;;;BANANAS;SEASHELLS;4932.0;1
-1;126400;;;COCONUTS;SEASHELLS;7963.0;6
-1;126400;;;PEARLS;SEASHELLS;9995.0;2
-1;126400;;;BANANAS;SEASHELLS;4932.0;2
-1;126700;;;PEARLS;SEASHELLS;10002.0;2
-1;127000;;;PEARLS;SEASHELLS;9995.0;2
-1;127000;;;BANANAS;SEASHELLS;4930.0;2
-1;127400;;;BANANAS;SEASHELLS;4938.0;2
-1;127400;;;PEARLS;SEASHELLS;10005.0;2
-1;127500;;;COCONUTS;SEASHELLS;7966.0;26
-1;127900;;;PEARLS;SEASHELLS;10004.0;7
-1;127900;;;PINA_COLADAS;SEASHELLS;14893.0;14
-1;127900;;;PEARLS;SEASHELLS;10004.0;2
-1;128200;;;PEARLS;SEASHELLS;10002.0;1
-1;128400;;;BANANAS;SEASHELLS;4929.0;1
-1;128400;;;PEARLS;SEASHELLS;9996.0;1
-1;128700;;;PEARLS;SEASHELLS;10005.0;6
-1;128900;;;PEARLS;SEASHELLS;10002.0;2
-1;128900;;;BANANAS;SEASHELLS;4936.0;1
-1;129600;;;BANANAS;SEASHELLS;4932.0;1
-1;130300;;;PEARLS;SEASHELLS;10002.0;1
-1;130500;;;COCONUTS;SEASHELLS;7967.0;65
-1;130700;;;BANANAS;SEASHELLS;4932.0;1
-1;130700;;;BANANAS;SEASHELLS;4932.0;1
-1;131400;;;PINA_COLADAS;SEASHELLS;14887.0;2
-1;131800;;;BANANAS;SEASHELLS;4931.0;1
-1;132100;;;PEARLS;SEASHELLS;9998.0;3
-1;132100;;;PEARLS;SEASHELLS;9998.0;1
-1;132300;;;PEARLS;SEASHELLS;10002.0;4
-1;132400;;;PEARLS;SEASHELLS;10004.0;1
-1;132400;;;COCONUTS;SEASHELLS;7969.0;21
-1;132400;;;BANANAS;SEASHELLS;4938.0;1
-1;132500;;;BANANAS;SEASHELLS;4932.0;1
-1;132500;;;PEARLS;SEASHELLS;9998.0;1
-1;132500;;;BANANAS;SEASHELLS;4932.0;3
-1;133100;;;PEARLS;SEASHELLS;10002.0;5
-1;133100;;;COCONUTS;SEASHELLS;7970.0;47
-1;133100;;;PEARLS;SEASHELLS;10004.0;1
-1;133100;;;PEARLS;SEASHELLS;10004.0;4
-1;133200;;;PEARLS;SEASHELLS;9996.0;1
-1;133400;;;PEARLS;SEASHELLS;9998.0;2
-1;133400;;;BANANAS;SEASHELLS;4930.0;1
-1;133700;;;BANANAS;SEASHELLS;4929.0;1
-1;133900;;;BANANAS;SEASHELLS;4930.0;7
-1;134000;;;BANANAS;SEASHELLS;4936.0;17
-1;134000;;;BANANAS;SEASHELLS;4935.0;1
-1;134100;;;PEARLS;SEASHELLS;9998.0;2
-1;134200;;;PEARLS;SEASHELLS;10002.0;1
-1;134300;;;PEARLS;SEASHELLS;10002.0;1
-1;134600;;;PEARLS;SEASHELLS;10004.0;1
-1;134600;;;PEARLS;SEASHELLS;10004.0;1
-1;134700;;;PEARLS;SEASHELLS;10004.0;1
-1;134700;;;PEARLS;SEASHELLS;10002.0;4
-1;134700;;;PEARLS;SEASHELLS;10004.0;1
-1;134800;;;BANANAS;SEASHELLS;4933.0;1
-1;134900;;;PEARLS;SEASHELLS;9998.0;1
-1;134900;;;PEARLS;SEASHELLS;9998.0;1
-1;135500;;;PINA_COLADAS;SEASHELLS;14911.0;7
-1;135500;;;BANANAS;SEASHELLS;4936.0;1
-1;135600;;;PEARLS;SEASHELLS;10002.0;1
-1;135700;;;BANANAS;SEASHELLS;4931.0;2
-1;135800;;;PINA_COLADAS;SEASHELLS;14914.0;2
-1;135800;;;BANANAS;SEASHELLS;4932.0;1
-1;135900;;;PEARLS;SEASHELLS;10005.0;2
-1;135900;;;BANANAS;SEASHELLS;4936.0;2
-1;136000;;;PEARLS;SEASHELLS;9998.0;1
-1;136300;;;PEARLS;SEASHELLS;10002.0;1
-1;136500;;;BANANAS;SEASHELLS;4934.0;1
-1;136500;;;BANANAS;SEASHELLS;4935.0;2
-1;136500;;;PEARLS;SEASHELLS;10004.0;2
-1;137000;;;PEARLS;SEASHELLS;9996.0;1
-1;137100;;;PEARLS;SEASHELLS;10002.0;3
-1;137200;;;BANANAS;SEASHELLS;4934.0;5
-1;137400;;;BANANAS;SEASHELLS;4928.0;5
-1;137400;;;PEARLS;SEASHELLS;10002.0;3
-1;137600;;;BANANAS;SEASHELLS;4933.0;1
-1;137700;;;BANANAS;SEASHELLS;4928.0;2
-1;137700;;;PEARLS;SEASHELLS;9998.0;2
-1;137900;;;BANANAS;SEASHELLS;4934.0;1
-1;137900;;;PEARLS;SEASHELLS;10004.0;1
-1;138100;;;PEARLS;SEASHELLS;9996.0;7
-1;138100;;;PEARLS;SEASHELLS;9996.0;2
-1;138300;;;PEARLS;SEASHELLS;9995.0;7
-1;138500;;;BANANAS;SEASHELLS;4929.0;1
-1;138600;;;BANANAS;SEASHELLS;4929.0;1
-1;139000;;;BANANAS;SEASHELLS;4928.0;1
-1;139100;;;PINA_COLADAS;SEASHELLS;14899.0;4
-1;139400;;;BANANAS;SEASHELLS;4928.0;1
-1;139400;;;PEARLS;SEASHELLS;10004.0;1
-1;139400;;;PEARLS;SEASHELLS;10002.0;5
-1;139400;;;BANANAS;SEASHELLS;4934.0;1
-1;139400;;;BANANAS;SEASHELLS;4934.0;1
-1;139400;;;PEARLS;SEASHELLS;10004.0;1
-1;139600;;;PEARLS;SEASHELLS;9998.0;1
-1;139700;;;BANANAS;SEASHELLS;4928.0;1
-1;140100;;;BANANAS;SEASHELLS;4928.0;1
-1;140200;;;BANANAS;SEASHELLS;4934.0;3
-1;140400;;;BANANAS;SEASHELLS;4928.0;1
-1;140600;;;BANANAS;SEASHELLS;4929.0;1
-1;140700;;;BANANAS;SEASHELLS;4931.0;2
-1;140800;;;PINA_COLADAS;SEASHELLS;14909.0;4
-1;140900;;;COCONUTS;SEASHELLS;7970.0;10
-1;141600;;;PEARLS;SEASHELLS;10002.0;1
-1;141800;;;BANANAS;SEASHELLS;4934.0;9
-1;141800;;;BANANAS;SEASHELLS;4934.0;2
-1;142300;;;BANANAS;SEASHELLS;4934.0;1
-1;142600;;;BANANAS;SEASHELLS;4929.0;1
-1;142800;;;PEARLS;SEASHELLS;9998.0;2
-1;143100;;;PEARLS;SEASHELLS;10002.0;1
-1;143100;;;BANANAS;SEASHELLS;4930.0;1
-1;143600;;;PEARLS;SEASHELLS;9995.0;1
-1;143600;;;BANANAS;SEASHELLS;4929.0;1
-1;143600;;;PINA_COLADAS;SEASHELLS;14902.0;4
-1;143700;;;BANANAS;SEASHELLS;4930.0;19
-1;144000;;;COCONUTS;SEASHELLS;7968.0;23
-1;144000;;;BANANAS;SEASHELLS;4936.0;1
-1;144000;;;COCONUTS;SEASHELLS;7968.0;50
-1;144100;;;BANANAS;SEASHELLS;4930.0;7
-1;144200;;;BANANAS;SEASHELLS;4936.0;1
-1;144300;;;BANANAS;SEASHELLS;4931.0;6
-1;144300;;;BANANAS;SEASHELLS;4931.0;6
-1;144300;;;PINA_COLADAS;SEASHELLS;14898.0;6
-1;144600;;;PEARLS;SEASHELLS;10002.0;2
-1;145000;;;BANANAS;SEASHELLS;4933.0;1
-1;145000;;;PEARLS;SEASHELLS;9998.0;1
-1;145000;;;PINA_COLADAS;SEASHELLS;14899.0;5
-1;145100;;;BANANAS;SEASHELLS;4932.0;7
-1;145300;;;PEARLS;SEASHELLS;9998.0;3
-1;145400;;;PEARLS;SEASHELLS;9998.0;1
-1;145400;;;BANANAS;SEASHELLS;4932.0;1
-1;145500;;;BANANAS;SEASHELLS;4936.0;1
-1;145500;;;PEARLS;SEASHELLS;10002.0;1
-1;145600;;;BANANAS;SEASHELLS;4931.0;1
-1;145700;;;PEARLS;SEASHELLS;10004.0;2
-1;145700;;;PEARLS;SEASHELLS;10004.0;8
-1;146300;;;PEARLS;SEASHELLS;9998.0;1
-1;146500;;;PEARLS;SEASHELLS;10005.0;1
-1;146500;;;BANANAS;SEASHELLS;4937.0;1
-1;146600;;;PEARLS;SEASHELLS;10000.0;4
-1;146700;;;COCONUTS;SEASHELLS;7966.0;10
-1;146900;;;BANANAS;SEASHELLS;4929.0;1
-1;147600;;;BANANAS;SEASHELLS;4930.0;1
-1;147700;;;PEARLS;SEASHELLS;10002.0;1
-1;147800;;;BANANAS;SEASHELLS;4934.0;1
-1;148000;;;BANANAS;SEASHELLS;4934.0;3
-1;148200;;;BANANAS;SEASHELLS;4930.0;1
-1;148400;;;BANANAS;SEASHELLS;4931.0;2
-1;148700;;;BANANAS;SEASHELLS;4930.0;1
-1;148700;;;PEARLS;SEASHELLS;10005.0;2
-1;148700;;;BANANAS;SEASHELLS;4936.0;2
-1;149500;;;BANANAS;SEASHELLS;4933.0;1
-1;149800;;;PEARLS;SEASHELLS;10002.0;2
-1;149800;;;BANANAS;SEASHELLS;4933.0;1
-1;149800;;;PEARLS;SEASHELLS;10002.0;3
-1;150000;;;PEARLS;SEASHELLS;9996.0;1
-1;150200;;;BANANAS;SEASHELLS;4929.0;2
-1;150200;;;PEARLS;SEASHELLS;9998.0;1
-1;150400;;;BANANAS;SEASHELLS;4929.0;1
-1;150500;;;PEARLS;SEASHELLS;10002.0;1
-1;150600;;;BANANAS;SEASHELLS;4928.0;1
-1;150700;;;BANANAS;SEASHELLS;4935.0;2
-1;151000;;;BANANAS;SEASHELLS;4930.0;9
-1;151500;;;BANANAS;SEASHELLS;4929.0;1
-1;151500;;;PINA_COLADAS;SEASHELLS;14913.0;12
-1;151600;;;PEARLS;SEASHELLS;10002.0;3
-1;151600;;;BANANAS;SEASHELLS;4934.0;1
-1;152300;;;BANANAS;SEASHELLS;4936.0;2
-1;152300;;;PEARLS;SEASHELLS;10004.0;2
-1;152400;;;COCONUTS;SEASHELLS;7972.0;69
-1;152500;;;BANANAS;SEASHELLS;4934.0;5
-1;152500;;;BANANAS;SEASHELLS;4934.0;5
-1;152500;;;BANANAS;SEASHELLS;4931.0;1
-1;153000;;;PEARLS;SEASHELLS;9995.0;3
-1;153000;;;BANANAS;SEASHELLS;4935.0;1
-1;153000;;;BANANAS;SEASHELLS;4929.0;4
-1;153500;;;BANANAS;SEASHELLS;4937.0;1
-1;153500;;;PEARLS;SEASHELLS;9998.0;1
-1;153700;;;BANANAS;SEASHELLS;4931.0;1
-1;153800;;;BANANAS;SEASHELLS;4938.0;3
-1;154300;;;BANANAS;SEASHELLS;4931.0;2
-1;154300;;;PEARLS;SEASHELLS;9996.0;1
-1;154800;;;PEARLS;SEASHELLS;10002.0;1
-1;155100;;;BANANAS;SEASHELLS;4930.0;1
-1;155200;;;PEARLS;SEASHELLS;10002.0;1
-1;155500;;;PEARLS;SEASHELLS;9998.0;1
-1;155700;;;BANANAS;SEASHELLS;4936.0;1
-1;155700;;;PEARLS;SEASHELLS;10005.0;1
-1;156500;;;PEARLS;SEASHELLS;10002.0;3
-1;156600;;;PEARLS;SEASHELLS;9996.0;1
-1;156600;;;PEARLS;SEASHELLS;9996.0;1
-1;156600;;;BANANAS;SEASHELLS;4931.0;1
-1;156600;;;BANANAS;SEASHELLS;4930.0;2
-1;156900;;;BANANAS;SEASHELLS;4930.0;1
-1;157000;;;BANANAS;SEASHELLS;4930.0;1
-1;157400;;;PEARLS;SEASHELLS;10002.0;10
-1;157700;;;BANANAS;SEASHELLS;4934.0;1
-1;158000;;;BANANAS;SEASHELLS;4930.0;4
-1;158100;;;BANANAS;SEASHELLS;4930.0;1
-1;158200;;;PEARLS;SEASHELLS;10002.0;1
-1;158300;;;PEARLS;SEASHELLS;9998.0;7
-1;158400;;;COCONUTS;SEASHELLS;7977.0;8
-1;158800;;;BANANAS;SEASHELLS;4930.0;1
-1;159200;;;PEARLS;SEASHELLS;9995.0;9
-1;160000;;;BANANAS;SEASHELLS;4937.0;2
-1;160000;;;PEARLS;SEASHELLS;10004.0;2
-1;160100;;;BANANAS;SEASHELLS;4934.0;5
-1;160300;;;PEARLS;SEASHELLS;9998.0;1
-1;160400;;;BANANAS;SEASHELLS;4934.0;1
-1;160400;;;PEARLS;SEASHELLS;9998.0;1
-1;160600;;;PEARLS;SEASHELLS;10002.0;1
-1;160700;;;COCONUTS;SEASHELLS;7981.0;6
-1;160900;;;COCONUTS;SEASHELLS;7980.0;7
-1;161600;;;PEARLS;SEASHELLS;9998.0;1
-1;161900;;;BANANAS;SEASHELLS;4927.0;1
-1;161900;;;BANANAS;SEASHELLS;4927.0;9
-1;162300;;;BANANAS;SEASHELLS;4931.0;3
-1;162600;;;BANANAS;SEASHELLS;4932.0;1
-1;162900;;;PEARLS;SEASHELLS;9995.0;4
-1;163500;;;PEARLS;SEASHELLS;10002.0;3
-1;163500;;;COCONUTS;SEASHELLS;7978.0;53
-1;163500;;;COCONUTS;SEASHELLS;7978.0;1
-1;163600;;;BANANAS;SEASHELLS;4928.0;5
-1;163800;;;BANANAS;SEASHELLS;4927.0;1
-1;163900;;;BANANAS;SEASHELLS;4927.0;17
-1;163900;;;BANANAS;SEASHELLS;4927.0;2
-1;163900;;;PEARLS;SEASHELLS;9996.0;1
-1;164000;;;COCONUTS;SEASHELLS;7978.0;17
-1;164600;;;BANANAS;SEASHELLS;4931.0;1
-1;164700;;;BANANAS;SEASHELLS;4932.0;2
-1;164700;;;BANANAS;SEASHELLS;4932.0;8
-1;164800;;;PEARLS;SEASHELLS;10004.0;2
-1;164800;;;PEARLS;SEASHELLS;10004.0;6
-1;165000;;;BANANAS;SEASHELLS;4931.0;1
-1;165100;;;BANANAS;SEASHELLS;4927.0;3
-1;165100;;;BANANAS;SEASHELLS;4927.0;1
-1;165700;;;BANANAS;SEASHELLS;4930.0;1
-1;165800;;;BANANAS;SEASHELLS;4926.0;1
-1;166000;;;BANANAS;SEASHELLS;4930.0;1
-1;166200;;;COCONUTS;SEASHELLS;7981.0;6
-1;166400;;;PEARLS;SEASHELLS;9998.0;1
-1;167100;;;PEARLS;SEASHELLS;9996.0;1
-1;167500;;;PINA_COLADAS;SEASHELLS;14930.0;2
-1;167800;;;PEARLS;SEASHELLS;9998.0;1
-1;167800;;;BANANAS;SEASHELLS;4932.0;1
-1;167900;;;PEARLS;SEASHELLS;9998.0;1
-1;168000;;;PEARLS;SEASHELLS;10005.0;8
-1;168100;;;BANANAS;SEASHELLS;4931.0;4
-1;169100;;;BANANAS;SEASHELLS;4934.0;4
-1;169300;;;BANANAS;SEASHELLS;4934.0;15
-1;169600;;;COCONUTS;SEASHELLS;7981.0;10
-1;169900;;;BANANAS;SEASHELLS;4927.0;1
-1;170200;;;PEARLS;SEASHELLS;10002.0;3
-1;170200;;;BANANAS;SEASHELLS;4927.0;1
-1;170400;;;BANANAS;SEASHELLS;4934.0;15
-1;170700;;;BANANAS;SEASHELLS;4928.0;1
-1;170800;;;PINA_COLADAS;SEASHELLS;14918.0;2
-1;171100;;;PEARLS;SEASHELLS;10002.0;1
-1;171400;;;PEARLS;SEASHELLS;10002.0;5
-1;171600;;;BANANAS;SEASHELLS;4933.0;20
-1;171900;;;BANANAS;SEASHELLS;4927.0;1
-1;171900;;;PEARLS;SEASHELLS;10002.0;1
-1;172100;;;PINA_COLADAS;SEASHELLS;14931.0;5
-1;172100;;;COCONUTS;SEASHELLS;7982.0;10
-1;172100;;;PEARLS;SEASHELLS;10002.0;1
-1;172600;;;BANANAS;SEASHELLS;4926.0;2
-1;172600;;;PEARLS;SEASHELLS;9996.0;1
-1;172700;;;PEARLS;SEASHELLS;9998.0;3
-1;173200;;;BANANAS;SEASHELLS;4927.0;1
-1;173300;;;BANANAS;SEASHELLS;4927.0;1
-1;173400;;;PEARLS;SEASHELLS;9996.0;1
-1;173400;;;BANANAS;SEASHELLS;4927.0;2
-1;173400;;;PEARLS;SEASHELLS;10002.0;1
-1;173500;;;PEARLS;SEASHELLS;9998.0;3
-1;173600;;;COCONUTS;SEASHELLS;7980.0;19
-1;173900;;;PEARLS;SEASHELLS;10005.0;9
-1;174000;;;BANANAS;SEASHELLS;4931.0;1
-1;174000;;;PEARLS;SEASHELLS;9998.0;1
-1;174300;;;PEARLS;SEASHELLS;10002.0;1
-1;174400;;;BANANAS;SEASHELLS;4932.0;4
-1;174400;;;BANANAS;SEASHELLS;4932.0;1
-1;174500;;;BANANAS;SEASHELLS;4932.0;9
-1;174900;;;BANANAS;SEASHELLS;4928.0;2
-1;175600;;;COCONUTS;SEASHELLS;7983.0;41
-1;175800;;;BANANAS;SEASHELLS;4933.0;1
-1;175800;;;PEARLS;SEASHELLS;10004.0;1
-1;176000;;;BANANAS;SEASHELLS;4927.0;1
-1;176000;;;PEARLS;SEASHELLS;10002.0;1
-1;176100;;;PEARLS;SEASHELLS;10004.0;1
-1;176100;;;PEARLS;SEASHELLS;10004.0;1
-1;176100;;;BANANAS;SEASHELLS;4933.0;2
-1;176900;;;COCONUTS;SEASHELLS;7979.0;6
-1;176900;;;BANANAS;SEASHELLS;4932.0;7
-1;177400;;;BANANAS;SEASHELLS;4928.0;1
-1;177600;;;PEARLS;SEASHELLS;9998.0;1
-1;177700;;;BANANAS;SEASHELLS;4929.0;1
-1;177700;;;PEARLS;SEASHELLS;9996.0;1
-1;177900;;;BANANAS;SEASHELLS;4929.0;4
-1;178000;;;PEARLS;SEASHELLS;9998.0;1
-1;178500;;;COCONUTS;SEASHELLS;7982.0;8
-1;178600;;;COCONUTS;SEASHELLS;7980.0;45
-1;178700;;;BANANAS;SEASHELLS;4928.0;1
-1;178800;;;COCONUTS;SEASHELLS;7983.0;57
-1;178900;;;BANANAS;SEASHELLS;4927.0;1
-1;179000;;;PEARLS;SEASHELLS;10004.0;1
-1;179000;;;BANANAS;SEASHELLS;4932.0;1
-1;179100;;;BANANAS;SEASHELLS;4926.0;1
-1;179300;;;PEARLS;SEASHELLS;9998.0;2
-1;179400;;;BANANAS;SEASHELLS;4930.0;4
-1;179600;;;PEARLS;SEASHELLS;9998.0;4
-1;179800;;;PEARLS;SEASHELLS;9995.0;8
-1;179900;;;PEARLS;SEASHELLS;9996.0;2
-1;180100;;;PEARLS;SEASHELLS;9998.0;3
-1;180300;;;PEARLS;SEASHELLS;9998.0;4
-1;180500;;;PEARLS;SEASHELLS;10002.0;3
-1;180600;;;BANANAS;SEASHELLS;4934.0;18
-1;180800;;;PEARLS;SEASHELLS;10002.0;1
-1;180900;;;PEARLS;SEASHELLS;9998.0;1
-1;181400;;;BANANAS;SEASHELLS;4931.0;1
-1;181400;;;PEARLS;SEASHELLS;10002.0;1
-1;181400;;;COCONUTS;SEASHELLS;7977.0;63
-1;181500;;;PEARLS;SEASHELLS;9998.0;2
-1;181500;;;BANANAS;SEASHELLS;4927.0;1
-1;181500;;;BANANAS;SEASHELLS;4927.0;2
-1;181600;;;COCONUTS;SEASHELLS;7976.0;10
-1;181900;;;PEARLS;SEASHELLS;10002.0;1
-1;182000;;;PEARLS;SEASHELLS;10002.0;1
-1;182200;;;BANANAS;SEASHELLS;4931.0;1
-1;182300;;;PEARLS;SEASHELLS;9996.0;1
-1;182500;;;PEARLS;SEASHELLS;10002.0;4
-1;183100;;;PEARLS;SEASHELLS;10004.0;1
-1;183100;;;BANANAS;SEASHELLS;4934.0;2
-1;183500;;;BANANAS;SEASHELLS;4933.0;1
-1;183900;;;PEARLS;SEASHELLS;9995.0;6
-1;184100;;;BANANAS;SEASHELLS;4933.0;1
-1;184300;;;COCONUTS;SEASHELLS;7981.0;20
-1;184400;;;BANANAS;SEASHELLS;4927.0;14
-1;184600;;;PEARLS;SEASHELLS;9995.0;1
-1;184600;;;BANANAS;SEASHELLS;4927.0;1
-1;184800;;;PEARLS;SEASHELLS;10002.0;3
-1;184800;;;PEARLS;SEASHELLS;10002.0;5
-1;185400;;;PEARLS;SEASHELLS;9996.0;1
-1;185400;;;BANANAS;SEASHELLS;4929.0;1
-1;185800;;;PINA_COLADAS;SEASHELLS;14930.0;4
-1;185800;;;BANANAS;SEASHELLS;4930.0;4
-1;185800;;;PEARLS;SEASHELLS;9998.0;1
-1;186100;;;BANANAS;SEASHELLS;4933.0;1
-1;186200;;;BANANAS;SEASHELLS;4927.0;12
-1;186300;;;PEARLS;SEASHELLS;10004.0;10
-1;186300;;;PEARLS;SEASHELLS;10004.0;1
-1;186300;;;BANANAS;SEASHELLS;4929.0;3
-1;186900;;;PINA_COLADAS;SEASHELLS;14945.0;2
-1;187100;;;BANANAS;SEASHELLS;4933.0;8
-1;187200;;;BANANAS;SEASHELLS;4930.0;4
-1;187300;;;BANANAS;SEASHELLS;4933.0;1
-1;187300;;;PINA_COLADAS;SEASHELLS;14939.0;14
-1;187400;;;BANANAS;SEASHELLS;4933.0;1
-1;187700;;;BANANAS;SEASHELLS;4929.0;1
-1;188000;;;PEARLS;SEASHELLS;10002.0;1
-1;188300;;;BANANAS;SEASHELLS;4931.0;1
-1;188400;;;PEARLS;SEASHELLS;9998.0;1
-1;188500;;;PEARLS;SEASHELLS;10002.0;1
-1;189000;;;BANANAS;SEASHELLS;4928.0;1
-1;189500;;;PEARLS;SEASHELLS;9998.0;1
-1;189500;;;PEARLS;SEASHELLS;10005.0;2
-1;189500;;;BANANAS;SEASHELLS;4936.0;2
-1;189800;;;BANANAS;SEASHELLS;4929.0;2
-1;189800;;;PEARLS;SEASHELLS;10004.0;1
-1;189800;;;PEARLS;SEASHELLS;10004.0;1
-1;189800;;;BANANAS;SEASHELLS;4929.0;1
-1;189800;;;BANANAS;SEASHELLS;4929.0;13
-1;189900;;;BANANAS;SEASHELLS;4934.0;1
-1;189900;;;BANANAS;SEASHELLS;4929.0;1
-1;189900;;;BANANAS;SEASHELLS;4929.0;5
-1;189900;;;BANANAS;SEASHELLS;4929.0;1
-1;190300;;;BANANAS;SEASHELLS;4935.0;1
-1;190600;;;BANANAS;SEASHELLS;4930.0;1
-1;190800;;;PEARLS;SEASHELLS;9998.0;5
-1;190900;;;BANANAS;SEASHELLS;4934.0;1
-1;190900;;;PEARLS;SEASHELLS;10005.0;1
-1;190900;;;BANANAS;SEASHELLS;4936.0;1
-1;190900;;;PEARLS;SEASHELLS;10002.0;1
-1;191000;;;COCONUTS;SEASHELLS;7981.0;46
-1;191000;;;PEARLS;SEASHELLS;10002.0;1
-1;191400;;;PEARLS;SEASHELLS;9998.0;1
-1;191700;;;PEARLS;SEASHELLS;10004.0;4
-1;191700;;;PEARLS;SEASHELLS;10004.0;2
-1;191800;;;BANANAS;SEASHELLS;4934.0;1
-1;192000;;;BANANAS;SEASHELLS;4933.0;1
-1;192000;;;PEARLS;SEASHELLS;10002.0;1
-1;192000;;;BANANAS;SEASHELLS;4933.0;4
-1;192100;;;PEARLS;SEASHELLS;9998.0;1
-1;192200;;;PEARLS;SEASHELLS;9998.0;2
-1;192400;;;BANANAS;SEASHELLS;4929.0;1
-1;192400;;;PEARLS;SEASHELLS;9998.0;1
-1;192500;;;COCONUTS;SEASHELLS;7982.0;16
-1;192500;;;BANANAS;SEASHELLS;4933.0;1
-1;192700;;;PEARLS;SEASHELLS;9996.0;1
-1;192700;;;PEARLS;SEASHELLS;9996.0;5
-1;192800;;;BANANAS;SEASHELLS;4929.0;4
-1;193100;;;BANANAS;SEASHELLS;4928.0;1
-1;193300;;;PEARLS;SEASHELLS;10002.0;4
-1;193300;;;PEARLS;SEASHELLS;10002.0;1
-1;193400;;;BANANAS;SEASHELLS;4935.0;1
-1;193400;;;BANANAS;SEASHELLS;4935.0;15
-1;193700;;;PEARLS;SEASHELLS;9998.0;1
-1;193800;;;BANANAS;SEASHELLS;4934.0;1
-1;194000;;;BANANAS;SEASHELLS;4929.0;1
-1;194400;;;PEARLS;SEASHELLS;10002.0;2
-1;194400;;;BANANAS;SEASHELLS;4933.0;2
-1;194600;;;BANANAS;SEASHELLS;4929.0;1
-1;195100;;;PEARLS;SEASHELLS;10002.0;1
-1;195100;;;PEARLS;SEASHELLS;10002.0;4
-1;195400;;;BANANAS;SEASHELLS;4934.0;5
-1;195700;;;PEARLS;SEASHELLS;10002.0;1
-1;195700;;;BANANAS;SEASHELLS;4934.0;11
-1;195700;;;BANANAS;SEASHELLS;4934.0;2
-1;195800;;;PEARLS;SEASHELLS;10004.0;1
-1;195800;;;BANANAS;SEASHELLS;4935.0;1
-1;196000;;;PEARLS;SEASHELLS;10002.0;1
-1;196400;;;COCONUTS;SEASHELLS;7982.0;25
-1;196500;;;BANANAS;SEASHELLS;4929.0;1
-1;197300;;;PEARLS;SEASHELLS;9996.0;1
-1;197300;;;PEARLS;SEASHELLS;9996.0;1
-1;197300;;;BANANAS;SEASHELLS;4936.0;1
-1;197500;;;BANANAS;SEASHELLS;4929.0;1
-1;197700;;;PINA_COLADAS;SEASHELLS;14920.0;16
-1;197700;;;PINA_COLADAS;SEASHELLS;14920.0;24
-1;197700;;;PEARLS;SEASHELLS;10002.0;2
-1;197700;;;BANANAS;SEASHELLS;4934.0;2
-1;198500;;;BANANAS;SEASHELLS;4936.0;2
-1;198500;;;PEARLS;SEASHELLS;9998.0;2
-1;198800;;;BANANAS;SEASHELLS;4930.0;1
-1;198900;;;PEARLS;SEASHELLS;10002.0;1
-1;199000;;;BANANAS;SEASHELLS;4929.0;2
-1;199000;;;PEARLS;SEASHELLS;9996.0;2
-1;199100;;;BANANAS;SEASHELLS;4930.0;1
-1;199400;;;PEARLS;SEASHELLS;10004.0;1
-1;199400;;;BANANAS;SEASHELLS;4937.0;1
-1;199400;;;BANANAS;SEASHELLS;4935.0;1
-1;199500;;;PINA_COLADAS;SEASHELLS;14923.0;5
-1;199500;;;PEARLS;SEASHELLS;10002.0;1
-1;199600;;;PEARLS;SEASHELLS;10002.0;2
-1;199600;;;BANANAS;SEASHELLS;4935.0;2
-1;199900;;;BANANAS;SEASHELLS;4933.0;2
-1;200000;;;BANANAS;SEASHELLS;4936.0;1
-1;200200;;;PEARLS;SEASHELLS;10004.0;1
-1;200200;;;PINA_COLADAS;SEASHELLS;14911.0;3
-1;200300;;;BANANAS;SEASHELLS;4930.0;5
-1;201200;;;PEARLS;SEASHELLS;10005.0;8
-1;201200;;;PEARLS;SEASHELLS;10004.0;1
-1;201400;;;BANANAS;SEASHELLS;4934.0;1
-1;201400;;;BANANAS;SEASHELLS;4934.0;9
-1;201500;;;BANANAS;SEASHELLS;4929.0;1
-1;201800;;;BANANAS;SEASHELLS;4934.0;1
-1;202100;;;BANANAS;SEASHELLS;4930.0;2
-1;202100;;;PEARLS;SEASHELLS;10002.0;1
-1;202100;;;BANANAS;SEASHELLS;4930.0;1
-1;202100;;;PEARLS;SEASHELLS;10004.0;1
-1;202100;;;PEARLS;SEASHELLS;10004.0;1
-1;202600;;;PEARLS;SEASHELLS;9995.0;2
-1;202600;;;BANANAS;SEASHELLS;4928.0;2
-1;202700;;;BANANAS;SEASHELLS;4933.0;1
-1;203200;;;BANANAS;SEASHELLS;4934.0;1
-1;203200;;;COCONUTS;SEASHELLS;7982.0;20
-1;203200;;;COCONUTS;SEASHELLS;7982.0;46
-1;203300;;;BANANAS;SEASHELLS;4929.0;1
-1;203700;;;PEARLS;SEASHELLS;9996.0;7
-1;203700;;;PEARLS;SEASHELLS;9996.0;2
-1;203800;;;PEARLS;SEASHELLS;10004.0;1
-1;203800;;;BANANAS;SEASHELLS;4933.0;1
-1;204000;;;PEARLS;SEASHELLS;9998.0;1
-1;204100;;;PINA_COLADAS;SEASHELLS;14904.0;3
-1;204100;;;PEARLS;SEASHELLS;9998.0;1
-1;204200;;;PINA_COLADAS;SEASHELLS;14902.0;32
-1;204200;;;BANANAS;SEASHELLS;4931.0;1
-1;204500;;;PEARLS;SEASHELLS;10002.0;4
-1;204500;;;BANANAS;SEASHELLS;4935.0;5
-1;205400;;;PEARLS;SEASHELLS;10002.0;1
-1;205600;;;PEARLS;SEASHELLS;10002.0;5
-1;205700;;;BANANAS;SEASHELLS;4929.0;12
-1;205800;;;PEARLS;SEASHELLS;9998.0;1
-1;206000;;;BANANAS;SEASHELLS;4933.0;1
-1;206000;;;BANANAS;SEASHELLS;4933.0;4
-1;206100;;;PEARLS;SEASHELLS;9996.0;2
-1;206200;;;COCONUTS;SEASHELLS;7978.0;7
-1;206300;;;PEARLS;SEASHELLS;9996.0;1
-1;206300;;;COCONUTS;SEASHELLS;7981.0;10
-1;206700;;;PEARLS;SEASHELLS;9996.0;2
-1;206800;;;COCONUTS;SEASHELLS;7981.0;5
-1;206900;;;PEARLS;SEASHELLS;9998.0;1
-1;207100;;;COCONUTS;SEASHELLS;7976.0;5
-1;207100;;;PINA_COLADAS;SEASHELLS;14909.0;3
-1;207300;;;PEARLS;SEASHELLS;10002.0;1
-1;207400;;;COCONUTS;SEASHELLS;7980.0;9
-1;207400;;;PEARLS;SEASHELLS;10002.0;1
-1;207400;;;BANANAS;SEASHELLS;4934.0;1
-1;207500;;;COCONUTS;SEASHELLS;7976.0;16
-1;207800;;;PEARLS;SEASHELLS;9998.0;4
-1;207900;;;COCONUTS;SEASHELLS;7976.0;15
-1;207900;;;PEARLS;SEASHELLS;10002.0;1
-1;207900;;;BANANAS;SEASHELLS;4928.0;1
-1;208000;;;BANANAS;SEASHELLS;4934.0;1
-1;208100;;;PEARLS;SEASHELLS;10004.0;2
-1;208100;;;BANANAS;SEASHELLS;4935.0;2
-1;208200;;;COCONUTS;SEASHELLS;7974.0;9
-1;208500;;;BANANAS;SEASHELLS;4928.0;4
-1;208800;;;BANANAS;SEASHELLS;4930.0;1
-1;209600;;;PEARLS;SEASHELLS;9998.0;1
-1;209800;;;PEARLS;SEASHELLS;9998.0;1
-1;210200;;;BANANAS;SEASHELLS;4934.0;1
-1;210200;;;PEARLS;SEASHELLS;10002.0;1
-1;210600;;;PINA_COLADAS;SEASHELLS;14906.0;33
-1;210600;;;BANANAS;SEASHELLS;4936.0;7
-1;210700;;;BANANAS;SEASHELLS;4931.0;5
-1;211100;;;BANANAS;SEASHELLS;4934.0;4
-1;211500;;;COCONUTS;SEASHELLS;7974.0;45
-1;212100;;;COCONUTS;SEASHELLS;7974.0;74
-1;212300;;;BANANAS;SEASHELLS;4929.0;1
-1;212600;;;BANANAS;SEASHELLS;4933.0;1
-1;212700;;;BANANAS;SEASHELLS;4934.0;18
-1;212800;;;PEARLS;SEASHELLS;9995.0;8
-1;213400;;;BANANAS;SEASHELLS;4927.0;1
-1;213500;;;PEARLS;SEASHELLS;9995.0;3
-1;213600;;;PINA_COLADAS;SEASHELLS;14889.0;3
-1;214100;;;BANANAS;SEASHELLS;4932.0;1
-1;214200;;;COCONUTS;SEASHELLS;7976.0;7
-1;214600;;;BANANAS;SEASHELLS;4930.0;2
-1;214700;;;BANANAS;SEASHELLS;4931.0;1
-1;214800;;;PEARLS;SEASHELLS;9998.0;4
-1;214800;;;BANANAS;SEASHELLS;4932.0;1
-1;214800;;;PEARLS;SEASHELLS;9998.0;1
-1;215000;;;BANANAS;SEASHELLS;4927.0;1
-1;215000;;;PEARLS;SEASHELLS;9998.0;1
-1;215100;;;PEARLS;SEASHELLS;10005.0;3
-1;215100;;;BANANAS;SEASHELLS;4934.0;11
-1;215200;;;BANANAS;SEASHELLS;4933.0;1
-1;215200;;;PEARLS;SEASHELLS;10002.0;3
-1;215200;;;PEARLS;SEASHELLS;10004.0;1
-1;215400;;;PEARLS;SEASHELLS;9998.0;1
-1;215700;;;PEARLS;SEASHELLS;9996.0;2
-1;215800;;;PEARLS;SEASHELLS;10002.0;1
-1;215800;;;PEARLS;SEASHELLS;10002.0;1
-1;215900;;;BANANAS;SEASHELLS;4929.0;4
-1;216200;;;BANANAS;SEASHELLS;4935.0;8
-1;216300;;;BANANAS;SEASHELLS;4930.0;1
-1;216400;;;PEARLS;SEASHELLS;10005.0;8
-1;216500;;;BANANAS;SEASHELLS;4933.0;5
-1;216700;;;BANANAS;SEASHELLS;4931.0;2
-1;216800;;;BANANAS;SEASHELLS;4929.0;2
-1;216800;;;PEARLS;SEASHELLS;9996.0;2
-1;217300;;;PEARLS;SEASHELLS;9996.0;5
-1;217300;;;PEARLS;SEASHELLS;9996.0;1
-1;217700;;;BANANAS;SEASHELLS;4931.0;1
-1;217800;;;PEARLS;SEASHELLS;10000.0;2
-1;217800;;;BANANAS;SEASHELLS;4931.0;2
-1;218200;;;PINA_COLADAS;SEASHELLS;14904.0;3
-1;218400;;;BANANAS;SEASHELLS;4934.0;3
-1;218500;;;PEARLS;SEASHELLS;9996.0;1
-1;218500;;;PEARLS;SEASHELLS;10002.0;1
-1;218500;;;PEARLS;SEASHELLS;9996.0;7
-1;218900;;;BANANAS;SEASHELLS;4934.0;10
-1;219000;;;PEARLS;SEASHELLS;9998.0;2
-1;219000;;;PINA_COLADAS;SEASHELLS;14897.0;4
-1;219200;;;BANANAS;SEASHELLS;4938.0;1
-1;219600;;;PEARLS;SEASHELLS;10002.0;1
-1;219700;;;PEARLS;SEASHELLS;10004.0;11
-1;219700;;;PEARLS;SEASHELLS;10004.0;1
-1;219900;;;BANANAS;SEASHELLS;4932.0;1
-1;220000;;;BANANAS;SEASHELLS;4937.0;1
-1;220200;;;BANANAS;SEASHELLS;4938.0;1
-1;220200;;;PEARLS;SEASHELLS;10004.0;1
-1;220300;;;PEARLS;SEASHELLS;9995.0;2
-1;220300;;;BANANAS;SEASHELLS;4933.0;2
-1;220500;;;BANANAS;SEASHELLS;4932.0;1
-1;220800;;;BANANAS;SEASHELLS;4932.0;1
-1;220900;;;BANANAS;SEASHELLS;4936.0;1
-1;221000;;;BANANAS;SEASHELLS;4932.0;1
-1;221100;;;PEARLS;SEASHELLS;10002.0;1
-1;221300;;;BANANAS;SEASHELLS;4937.0;1
-1;221500;;;PEARLS;SEASHELLS;10002.0;5
-1;221600;;;BANANAS;SEASHELLS;4932.0;1
-1;221800;;;PEARLS;SEASHELLS;9998.0;1
-1;222500;;;COCONUTS;SEASHELLS;7970.0;13
-1;222500;;;PEARLS;SEASHELLS;10002.0;4
-1;222500;;;PEARLS;SEASHELLS;10002.0;3
-1;222600;;;BANANAS;SEASHELLS;4939.0;6
-1;222600;;;BANANAS;SEASHELLS;4939.0;2
-1;222600;;;PEARLS;SEASHELLS;10005.0;2
-1;222800;;;COCONUTS;SEASHELLS;7971.0;45
-1;222900;;;BANANAS;SEASHELLS;4936.0;5
-1;222900;;;BANANAS;SEASHELLS;4936.0;6
-1;223700;;;PEARLS;SEASHELLS;10002.0;1
-1;223800;;;PEARLS;SEASHELLS;10002.0;1
-1;224000;;;PINA_COLADAS;SEASHELLS;14892.0;4
-1;224100;;;BANANAS;SEASHELLS;4938.0;8
-1;224300;;;BANANAS;SEASHELLS;4937.0;1
-1;224400;;;BANANAS;SEASHELLS;4931.0;1
-1;224600;;;PEARLS;SEASHELLS;9998.0;1
-1;224800;;;PEARLS;SEASHELLS;9996.0;1
-1;224800;;;PEARLS;SEASHELLS;9996.0;9
-1;225000;;;BANANAS;SEASHELLS;4937.0;1
-1;225000;;;PEARLS;SEASHELLS;9998.0;1
-1;225100;;;BANANAS;SEASHELLS;4933.0;1
-1;225900;;;PEARLS;SEASHELLS;9998.0;1
-1;226100;;;COCONUTS;SEASHELLS;7967.0;6
-1;226200;;;BANANAS;SEASHELLS;4937.0;9
-1;226400;;;PEARLS;SEASHELLS;10005.0;3
-1;226700;;;BANANAS;SEASHELLS;4933.0;1
-1;226700;;;BANANAS;SEASHELLS;4933.0;7
-1;226900;;;BANANAS;SEASHELLS;4933.0;1
-1;227000;;;PEARLS;SEASHELLS;9998.0;1
-1;227000;;;PEARLS;SEASHELLS;9998.0;3
-1;227100;;;PEARLS;SEASHELLS;9998.0;1
-1;227700;;;PEARLS;SEASHELLS;10005.0;2
-1;227700;;;BANANAS;SEASHELLS;4942.0;2
-1;227900;;;PEARLS;SEASHELLS;9998.0;1
-1;228200;;;PINA_COLADAS;SEASHELLS;14888.0;4
-1;228700;;;BANANAS;SEASHELLS;4935.0;1
-1;228700;;;PEARLS;SEASHELLS;10000.0;2
-1;228700;;;BANANAS;SEASHELLS;4935.0;1
-1;228800;;;PEARLS;SEASHELLS;10002.0;1
-1;228800;;;BANANAS;SEASHELLS;4940.0;1
-1;228800;;;BANANAS;SEASHELLS;4935.0;1
-1;229200;;;BANANAS;SEASHELLS;4935.0;1
-1;229500;;;BANANAS;SEASHELLS;4935.0;1
-1;229900;;;BANANAS;SEASHELLS;4934.0;2
-1;229900;;;PEARLS;SEASHELLS;9996.0;1
-1;229900;;;PEARLS;SEASHELLS;9996.0;1
-1;229900;;;BANANAS;SEASHELLS;4934.0;1
-1;230100;;;BANANAS;SEASHELLS;4933.0;1
-1;230200;;;BANANAS;SEASHELLS;4938.0;1
-1;230300;;;BANANAS;SEASHELLS;4933.0;7
-1;230300;;;PEARLS;SEASHELLS;10005.0;3
-1;230600;;;BANANAS;SEASHELLS;4939.0;2
-1;230600;;;PEARLS;SEASHELLS;10004.0;2
-1;230800;;;BANANAS;SEASHELLS;4932.0;1
-1;231000;;;PEARLS;SEASHELLS;9998.0;1
-1;231000;;;BANANAS;SEASHELLS;4937.0;1
-1;231200;;;PEARLS;SEASHELLS;10002.0;1
-1;231200;;;PINA_COLADAS;SEASHELLS;14900.0;5
-1;232000;;;BANANAS;SEASHELLS;4936.0;5
-1;232100;;;BANANAS;SEASHELLS;4937.0;10
-1;232200;;;PEARLS;SEASHELLS;9998.0;1
-1;232300;;;COCONUTS;SEASHELLS;7969.0;6
-1;232600;;;PEARLS;SEASHELLS;9996.0;2
-1;232600;;;BANANAS;SEASHELLS;4939.0;7
-1;232800;;;BANANAS;SEASHELLS;4938.0;10
-1;232800;;;BANANAS;SEASHELLS;4937.0;1
-1;233100;;;PEARLS;SEASHELLS;9996.0;2
-1;233400;;;BANANAS;SEASHELLS;4936.0;5
-1;233900;;;PEARLS;SEASHELLS;9996.0;1
-1;233900;;;BANANAS;SEASHELLS;4935.0;2
-1;233900;;;COCONUTS;SEASHELLS;7971.0;56
-1;234300;;;PINA_COLADAS;SEASHELLS;14907.0;8
-1;234500;;;BANANAS;SEASHELLS;4930.0;9
-1;234500;;;BANANAS;SEASHELLS;4930.0;2
-1;234600;;;PEARLS;SEASHELLS;9998.0;4
-1;234700;;;PEARLS;SEASHELLS;10002.0;1
-1;234800;;;BANANAS;SEASHELLS;4937.0;1
-1;235100;;;BANANAS;SEASHELLS;4933.0;13
-1;235500;;;PEARLS;SEASHELLS;10002.0;4
-1;235800;;;BANANAS;SEASHELLS;4933.0;1
-1;235900;;;BANANAS;SEASHELLS;4934.0;1
-1;235900;;;PEARLS;SEASHELLS;9998.0;1
-1;236000;;;PEARLS;SEASHELLS;10002.0;1
-1;236300;;;BANANAS;SEASHELLS;4939.0;1
-1;236600;;;BANANAS;SEASHELLS;4934.0;1
-1;236800;;;PEARLS;SEASHELLS;9998.0;1
-1;236800;;;COCONUTS;SEASHELLS;7972.0;6
-1;237000;;;BANANAS;SEASHELLS;4941.0;2
-1;237300;;;COCONUTS;SEASHELLS;7971.0;56
-1;237300;;;COCONUTS;SEASHELLS;7971.0;6
-1;237300;;;PEARLS;SEASHELLS;10002.0;1
-1;237400;;;BANANAS;SEASHELLS;4939.0;2
-1;237400;;;BANANAS;SEASHELLS;4939.0;1
-1;237600;;;PEARLS;SEASHELLS;9998.0;1
-1;237800;;;PEARLS;SEASHELLS;10004.0;1
-1;237800;;;COCONUTS;SEASHELLS;7975.0;7
-1;237800;;;PEARLS;SEASHELLS;10004.0;1
-1;237800;;;BANANAS;SEASHELLS;4935.0;1
-1;238000;;;BANANAS;SEASHELLS;4940.0;1
-1;238400;;;BANANAS;SEASHELLS;4941.0;1
-1;238500;;;BANANAS;SEASHELLS;4942.0;2
-1;238500;;;PEARLS;SEASHELLS;10004.0;2
-1;238600;;;BANANAS;SEASHELLS;4936.0;1
-1;238700;;;BANANAS;SEASHELLS;4935.0;1
-1;239000;;;PEARLS;SEASHELLS;9998.0;1
-1;239400;;;PEARLS;SEASHELLS;10004.0;2
-1;239400;;;PEARLS;SEASHELLS;10004.0;6
-1;239400;;;BANANAS;SEASHELLS;4942.0;1
-1;239900;;;PEARLS;SEASHELLS;10002.0;1
-1;240000;;;BANANAS;SEASHELLS;4945.0;2
-1;240000;;;PEARLS;SEASHELLS;10005.0;2
-1;240000;;;PEARLS;SEASHELLS;10004.0;2
-1;240200;;;BANANAS;SEASHELLS;4939.0;1
-1;240400;;;PEARLS;SEASHELLS;9998.0;1
-1;240400;;;PINA_COLADAS;SEASHELLS;14913.0;25
-1;240700;;;PEARLS;SEASHELLS;10002.0;1
-1;241000;;;PEARLS;SEASHELLS;9998.0;4
-1;241000;;;BANANAS;SEASHELLS;4944.0;1
-1;241100;;;BANANAS;SEASHELLS;4945.0;2
-1;241100;;;BANANAS;SEASHELLS;4945.0;10
-1;241300;;;BANANAS;SEASHELLS;4939.0;1
-1;241500;;;BANANAS;SEASHELLS;4944.0;1
-1;241600;;;PEARLS;SEASHELLS;10004.0;1
-1;241600;;;BANANAS;SEASHELLS;4946.0;1
-1;241700;;;PEARLS;SEASHELLS;10004.0;5
-1;241700;;;BANANAS;SEASHELLS;4947.0;9
-1;241700;;;BANANAS;SEASHELLS;4941.0;1
-1;241700;;;BANANAS;SEASHELLS;4945.0;9
-1;241700;;;PEARLS;SEASHELLS;10004.0;1
-1;241900;;;COCONUTS;SEASHELLS;7967.0;19
-1;242200;;;BANANAS;SEASHELLS;4940.0;2
-1;242200;;;PEARLS;SEASHELLS;9995.0;2
-1;242400;;;PINA_COLADAS;SEASHELLS;14889.0;3
-1;242500;;;BANANAS;SEASHELLS;4946.0;1
-1;242500;;;PEARLS;SEASHELLS;9998.0;2
-1;242500;;;BANANAS;SEASHELLS;4946.0;1
-1;242600;;;PEARLS;SEASHELLS;10002.0;1
-1;242600;;;BANANAS;SEASHELLS;4947.0;1
-1;242700;;;PEARLS;SEASHELLS;9998.0;1
-1;242800;;;BANANAS;SEASHELLS;4942.0;1
-1;242900;;;PEARLS;SEASHELLS;9995.0;11
-1;243000;;;BANANAS;SEASHELLS;4942.0;1
-1;243500;;;BANANAS;SEASHELLS;4948.0;1
-1;243500;;;PEARLS;SEASHELLS;9998.0;1
-1;243900;;;COCONUTS;SEASHELLS;7972.0;7
-1;243900;;;PINA_COLADAS;SEASHELLS;14898.0;13
-1;244000;;;BANANAS;SEASHELLS;4942.0;20
-1;244800;;;PEARLS;SEASHELLS;10002.0;1
-1;244800;;;BANANAS;SEASHELLS;4943.0;7
-1;244800;;;BANANAS;SEASHELLS;4943.0;10
-1;244900;;;BANANAS;SEASHELLS;4948.0;1
-1;245100;;;BANANAS;SEASHELLS;4943.0;12
-1;245200;;;BANANAS;SEASHELLS;4950.0;2
-1;245200;;;PEARLS;SEASHELLS;10005.0;2
-1;245200;;;PEARLS;SEASHELLS;10004.0;2
-1;245200;;;COCONUTS;SEASHELLS;7969.0;7
-1;245300;;;BANANAS;SEASHELLS;4949.0;13
-1;245300;;;BANANAS;SEASHELLS;4949.0;2
-1;245500;;;PEARLS;SEASHELLS;9998.0;8
-1;245500;;;PEARLS;SEASHELLS;10002.0;1
-1;245700;;;PEARLS;SEASHELLS;10000.0;4
-1;245800;;;PEARLS;SEASHELLS;9998.0;1
-1;245800;;;BANANAS;SEASHELLS;4952.0;9
-1;246100;;;PEARLS;SEASHELLS;9995.0;11
-1;246200;;;PEARLS;SEASHELLS;10002.0;1
-1;246300;;;PEARLS;SEASHELLS;9996.0;1
-1;246300;;;PEARLS;SEASHELLS;9996.0;1
-1;246300;;;BANANAS;SEASHELLS;4950.0;1
-1;246400;;;PINA_COLADAS;SEASHELLS;14887.0;3
-1;246800;;;COCONUTS;SEASHELLS;7963.0;6
-1;246900;;;COCONUTS;SEASHELLS;7966.0;11
-1;247200;;;BANANAS;SEASHELLS;4944.0;1
-1;247400;;;BANANAS;SEASHELLS;4945.0;1
-1;247700;;;BANANAS;SEASHELLS;4950.0;1
-1;247800;;;BANANAS;SEASHELLS;4945.0;1
-1;247800;;;PEARLS;SEASHELLS;9998.0;1
-1;248000;;;PEARLS;SEASHELLS;10005.0;2
-1;248000;;;BANANAS;SEASHELLS;4951.0;2
-1;248100;;;BANANAS;SEASHELLS;4949.0;12
-1;249200;;;PEARLS;SEASHELLS;9996.0;3
-1;249200;;;PEARLS;SEASHELLS;9996.0;1
-1;249400;;;PEARLS;SEASHELLS;9998.0;1
-1;249400;;;COCONUTS;SEASHELLS;7960.0;5
-1;249600;;;BANANAS;SEASHELLS;4948.0;5
-1;249600;;;PEARLS;SEASHELLS;10002.0;4
-1;249700;;;BANANAS;SEASHELLS;4947.0;3
-1;250000;;;BANANAS;SEASHELLS;4947.0;1
-1;250000;;;PEARLS;SEASHELLS;9996.0;1
-1;250400;;;BANANAS;SEASHELLS;4953.0;4
-1;250500;;;PEARLS;SEASHELLS;9998.0;1
-1;250500;;;BANANAS;SEASHELLS;4955.0;1
-1;250800;;;PINA_COLADAS;SEASHELLS;14884.0;5
-1;251200;;;PEARLS;SEASHELLS;10002.0;1
-1;251200;;;BANANAS;SEASHELLS;4948.0;2
-1;251200;;;PINA_COLADAS;SEASHELLS;14891.0;6
-1;251300;;;BANANAS;SEASHELLS;4953.0;1
-1;251600;;;BANANAS;SEASHELLS;4953.0;1
-1;252000;;;PEARLS;SEASHELLS;9998.0;2
-1;252000;;;PEARLS;SEASHELLS;9998.0;2
-1;252300;;;PEARLS;SEASHELLS;10005.0;1
-1;252300;;;BANANAS;SEASHELLS;4954.0;1
-1;252400;;;PEARLS;SEASHELLS;10002.0;1
-1;253000;;;BANANAS;SEASHELLS;4954.0;5
-1;253100;;;PEARLS;SEASHELLS;9996.0;1
-1;253100;;;COCONUTS;SEASHELLS;7966.0;6
-1;253100;;;BANANAS;SEASHELLS;4952.0;4
-1;253100;;;BANANAS;SEASHELLS;4948.0;1
-1;253500;;;BANANAS;SEASHELLS;4947.0;1
-1;253600;;;BANANAS;SEASHELLS;4947.0;17
-1;253900;;;PINA_COLADAS;SEASHELLS;14889.0;27
-1;253900;;;BANANAS;SEASHELLS;4952.0;5
-1;254200;;;BANANAS;SEASHELLS;4954.0;4
-1;254400;;;BANANAS;SEASHELLS;4952.0;1
-1;255000;;;PEARLS;SEASHELLS;9998.0;1
-1;255400;;;BANANAS;SEASHELLS;4953.0;1
-1;255400;;;COCONUTS;SEASHELLS;7966.0;50
-1;255400;;;PEARLS;SEASHELLS;10004.0;1
-1;255700;;;BANANAS;SEASHELLS;4953.0;1
-1;256100;;;PEARLS;SEASHELLS;10002.0;1
-1;256200;;;PEARLS;SEASHELLS;10002.0;1
-1;256300;;;PEARLS;SEASHELLS;9995.0;1
-1;256300;;;BANANAS;SEASHELLS;4947.0;1
-1;256400;;;BANANAS;SEASHELLS;4948.0;1
-1;256400;;;BANANAS;SEASHELLS;4948.0;2
-1;256700;;;PEARLS;SEASHELLS;9998.0;1
-1;257500;;;PEARLS;SEASHELLS;9998.0;1
-1;257500;;;PINA_COLADAS;SEASHELLS;14892.0;23
-1;257500;;;BANANAS;SEASHELLS;4948.0;1
-1;257800;;;BANANAS;SEASHELLS;4952.0;1
-1;257900;;;PEARLS;SEASHELLS;10002.0;3
-1;258200;;;PEARLS;SEASHELLS;9995.0;1
-1;258200;;;BANANAS;SEASHELLS;4947.0;1
-1;258500;;;BANANAS;SEASHELLS;4947.0;1
-1;258500;;;PEARLS;SEASHELLS;9996.0;1
-1;258700;;;BANANAS;SEASHELLS;4947.0;11
-1;258700;;;BANANAS;SEASHELLS;4947.0;2
-1;258900;;;PEARLS;SEASHELLS;10002.0;1
-1;259000;;;PEARLS;SEASHELLS;9996.0;2
-1;259100;;;PEARLS;SEASHELLS;9995.0;5
-1;259600;;;BANANAS;SEASHELLS;4953.0;2
-1;259600;;;BANANAS;SEASHELLS;4947.0;1
-1;259600;;;PEARLS;SEASHELLS;10004.0;1
-1;259700;;;BANANAS;SEASHELLS;4951.0;2
-1;259700;;;BANANAS;SEASHELLS;4952.0;1
-1;259700;;;PEARLS;SEASHELLS;9998.0;1
-1;259800;;;PEARLS;SEASHELLS;10004.0;7
-1;259800;;;PEARLS;SEASHELLS;10004.0;1
-1;259900;;;PEARLS;SEASHELLS;10004.0;10
-1;259900;;;PEARLS;SEASHELLS;10004.0;2
-1;260000;;;COCONUTS;SEASHELLS;7972.0;12
-1;260000;;;BANANAS;SEASHELLS;4948.0;1
-1;260700;;;COCONUTS;SEASHELLS;7975.0;30
-1;260700;;;PEARLS;SEASHELLS;9998.0;1
-1;261000;;;PEARLS;SEASHELLS;10002.0;1
-1;261100;;;PEARLS;SEASHELLS;9996.0;1
-1;261100;;;BANANAS;SEASHELLS;4947.0;1
-1;261500;;;PEARLS;SEASHELLS;10004.0;1
-1;261500;;;BANANAS;SEASHELLS;4953.0;1
-1;261600;;;BANANAS;SEASHELLS;4951.0;1
-1;261700;;;PEARLS;SEASHELLS;10004.0;1
-1;261700;;;PINA_COLADAS;SEASHELLS;14913.0;7
-1;262400;;;BANANAS;SEASHELLS;4953.0;19
-1;262600;;;BANANAS;SEASHELLS;4951.0;1
-1;262600;;;BANANAS;SEASHELLS;4951.0;1
-1;262600;;;PEARLS;SEASHELLS;10004.0;1
-1;262600;;;PEARLS;SEASHELLS;10004.0;1
-1;262900;;;BANANAS;SEASHELLS;4952.0;9
-1;263200;;;BANANAS;SEASHELLS;4949.0;7
-1;263900;;;BANANAS;SEASHELLS;4949.0;1
-1;263900;;;PEARLS;SEASHELLS;10002.0;1
-1;264000;;;PEARLS;SEASHELLS;10002.0;1
-1;264200;;;BANANAS;SEASHELLS;4949.0;11
-1;264300;;;BANANAS;SEASHELLS;4945.0;1
-1;264800;;;BANANAS;SEASHELLS;4950.0;1
-1;264800;;;PEARLS;SEASHELLS;10002.0;1
-1;264900;;;COCONUTS;SEASHELLS;7976.0;6
-1;265100;;;BANANAS;SEASHELLS;4945.0;1
-1;265200;;;BANANAS;SEASHELLS;4945.0;2
-1;265200;;;PEARLS;SEASHELLS;10002.0;1
-1;265300;;;BANANAS;SEASHELLS;4951.0;12
-1;265300;;;PEARLS;SEASHELLS;9998.0;1
-1;265900;;;BANANAS;SEASHELLS;4948.0;4
-1;266000;;;BANANAS;SEASHELLS;4949.0;1
-1;266100;;;BANANAS;SEASHELLS;4950.0;8
-1;266200;;;BANANAS;SEASHELLS;4950.0;10
-1;266300;;;PEARLS;SEASHELLS;9995.0;2
-1;266300;;;BANANAS;SEASHELLS;4943.0;2
-1;266700;;;BANANAS;SEASHELLS;4945.0;12
-1;267100;;;BANANAS;SEASHELLS;4943.0;1
-1;267200;;;BANANAS;SEASHELLS;4943.0;1
-1;267300;;;PEARLS;SEASHELLS;9998.0;2
-1;267300;;;BANANAS;SEASHELLS;4943.0;2
-1;267500;;;PEARLS;SEASHELLS;9996.0;1
-1;267500;;;BANANAS;SEASHELLS;4943.0;2
-1;268500;;;PEARLS;SEASHELLS;9998.0;2
-1;268700;;;PEARLS;SEASHELLS;10002.0;6
-1;269200;;;COCONUTS;SEASHELLS;7984.0;30
-1;269300;;;PEARLS;SEASHELLS;10004.0;1
-1;269300;;;BANANAS;SEASHELLS;4953.0;1
-1;269800;;;COCONUTS;SEASHELLS;7982.0;50
-1;269800;;;COCONUTS;SEASHELLS;7982.0;26
-1;269800;;;BANANAS;SEASHELLS;4948.0;1
-1;270000;;;BANANAS;SEASHELLS;4952.0;1
-1;270200;;;BANANAS;SEASHELLS;4953.0;1
-1;270500;;;BANANAS;SEASHELLS;4947.0;10
-1;270900;;;PEARLS;SEASHELLS;9998.0;1
-1;271100;;;PEARLS;SEASHELLS;9998.0;1
-1;271100;;;PEARLS;SEASHELLS;9998.0;1
-1;271200;;;PINA_COLADAS;SEASHELLS;14924.0;33
-1;271400;;;PEARLS;SEASHELLS;10002.0;5
-1;271500;;;BANANAS;SEASHELLS;4953.0;1
-1;271900;;;BANANAS;SEASHELLS;4953.0;1
-1;272000;;;BANANAS;SEASHELLS;4954.0;2
-1;272000;;;PEARLS;SEASHELLS;10004.0;1
-1;272500;;;BANANAS;SEASHELLS;4948.0;11
-1;272900;;;BANANAS;SEASHELLS;4954.0;1
-1;273100;;;PINA_COLADAS;SEASHELLS;14929.0;13
-1;273100;;;PEARLS;SEASHELLS;9996.0;1
-1;273100;;;BANANAS;SEASHELLS;4949.0;1
-1;273200;;;BANANAS;SEASHELLS;4953.0;5
-1;273600;;;BANANAS;SEASHELLS;4948.0;1
-1;273600;;;PEARLS;SEASHELLS;9995.0;1
-1;273900;;;PEARLS;SEASHELLS;10002.0;2
-1;273900;;;PINA_COLADAS;SEASHELLS;14935.0;35
-1;273900;;;PEARLS;SEASHELLS;10002.0;1
-1;273900;;;PEARLS;SEASHELLS;10002.0;1
-1;274200;;;BANANAS;SEASHELLS;4952.0;4
-1;274300;;;PEARLS;SEASHELLS;9998.0;1
-1;274400;;;PEARLS;SEASHELLS;9998.0;1
-1;274500;;;PINA_COLADAS;SEASHELLS;14937.0;8
-1;274500;;;PEARLS;SEASHELLS;9996.0;2
-1;274700;;;COCONUTS;SEASHELLS;7986.0;10
-1;274900;;;COCONUTS;SEASHELLS;7988.0;5
-1;274900;;;PINA_COLADAS;SEASHELLS;14936.0;14
-1;275000;;;BANANAS;SEASHELLS;4948.0;1
-1;275100;;;PEARLS;SEASHELLS;10002.0;1
-1;275100;;;BANANAS;SEASHELLS;4952.0;1
-1;275400;;;PEARLS;SEASHELLS;10002.0;5
-1;275500;;;BANANAS;SEASHELLS;4949.0;2
-1;275500;;;PEARLS;SEASHELLS;9998.0;2
-1;275800;;;BANANAS;SEASHELLS;4955.0;16
-1;276300;;;PEARLS;SEASHELLS;10002.0;1
-1;276300;;;BANANAS;SEASHELLS;4949.0;1
-1;276500;;;PEARLS;SEASHELLS;10002.0;1
-1;276700;;;BANANAS;SEASHELLS;4949.0;2
-1;276700;;;PEARLS;SEASHELLS;9995.0;2
-1;276800;;;BANANAS;SEASHELLS;4953.0;3
-1;277200;;;PEARLS;SEASHELLS;9998.0;1
-1;277200;;;BANANAS;SEASHELLS;4955.0;2
-1;277300;;;PEARLS;SEASHELLS;10002.0;1
-1;277300;;;BANANAS;SEASHELLS;4948.0;1
-1;277500;;;BANANAS;SEASHELLS;4948.0;11
-1;278300;;;PEARLS;SEASHELLS;9998.0;2
-1;278300;;;BANANAS;SEASHELLS;4951.0;2
-1;278400;;;BANANAS;SEASHELLS;4950.0;4
-1;279100;;;BANANAS;SEASHELLS;4951.0;1
-1;279600;;;BANANAS;SEASHELLS;4953.0;17
-1;279600;;;PEARLS;SEASHELLS;9998.0;2
-1;279700;;;PEARLS;SEASHELLS;9998.0;2
-1;280000;;;BANANAS;SEASHELLS;4958.0;15
-1;280100;;;BANANAS;SEASHELLS;4952.0;2
-1;280100;;;PEARLS;SEASHELLS;9995.0;2
-1;280400;;;BANANAS;SEASHELLS;4951.0;14
-1;280500;;;BANANAS;SEASHELLS;4956.0;1
-1;280500;;;PEARLS;SEASHELLS;9998.0;1
-1;280600;;;PINA_COLADAS;SEASHELLS;14946.0;28
-1;280700;;;PEARLS;SEASHELLS;9998.0;1
-1;281500;;;PEARLS;SEASHELLS;10002.0;7
-1;281500;;;PEARLS;SEASHELLS;10002.0;1
-1;281700;;;BANANAS;SEASHELLS;4952.0;3
-1;281900;;;BANANAS;SEASHELLS;4957.0;1
-1;281900;;;PEARLS;SEASHELLS;10005.0;1
-1;282300;;;BANANAS;SEASHELLS;4955.0;1
-1;282300;;;PEARLS;SEASHELLS;10002.0;1
-1;282700;;;PEARLS;SEASHELLS;9995.0;1
-1;282700;;;BANANAS;SEASHELLS;4951.0;1
-1;283200;;;COCONUTS;SEASHELLS;7994.0;9
-1;283300;;;COCONUTS;SEASHELLS;7992.0;58
-1;283400;;;BANANAS;SEASHELLS;4949.0;1
-1;283800;;;BANANAS;SEASHELLS;4949.0;1
-1;284000;;;BANANAS;SEASHELLS;4949.0;1
-1;284300;;;BANANAS;SEASHELLS;4953.0;1
-1;284300;;;PEARLS;SEASHELLS;9998.0;1
-1;284300;;;PINA_COLADAS;SEASHELLS;14947.0;2
-1;284600;;;COCONUTS;SEASHELLS;7995.0;59
-1;284600;;;BANANAS;SEASHELLS;4954.0;1
-1;284600;;;COCONUTS;SEASHELLS;7995.0;1
-1;284700;;;COCONUTS;SEASHELLS;7995.0;63
-1;284700;;;COCONUTS;SEASHELLS;7995.0;12
-1;284700;;;BANANAS;SEASHELLS;4950.0;4
-1;284800;;;BANANAS;SEASHELLS;4948.0;1
-1;285000;;;BANANAS;SEASHELLS;4952.0;1
-1;285500;;;BANANAS;SEASHELLS;4945.0;1
-1;285800;;;PEARLS;SEASHELLS;9998.0;3
-1;285800;;;PEARLS;SEASHELLS;10004.0;2
-1;286200;;;PEARLS;SEASHELLS;9998.0;1
-1;286300;;;COCONUTS;SEASHELLS;7998.0;5
-1;286300;;;PEARLS;SEASHELLS;10002.0;1
-1;286400;;;PEARLS;SEASHELLS;10002.0;2
-1;286500;;;BANANAS;SEASHELLS;4947.0;1
-1;286800;;;BANANAS;SEASHELLS;4953.0;2
-1;286900;;;BANANAS;SEASHELLS;4947.0;1
-1;287300;;;COCONUTS;SEASHELLS;8002.0;18
-1;287500;;;BANANAS;SEASHELLS;4948.0;6
-1;287700;;;PEARLS;SEASHELLS;9998.0;1
-1;287700;;;BANANAS;SEASHELLS;4947.0;2
-1;287900;;;PEARLS;SEASHELLS;9998.0;1
-1;288100;;;PEARLS;SEASHELLS;10002.0;1
-1;288100;;;BANANAS;SEASHELLS;4951.0;1
-1;288900;;;BANANAS;SEASHELLS;4952.0;1
-1;289400;;;BANANAS;SEASHELLS;4946.0;1
-1;289400;;;PEARLS;SEASHELLS;9995.0;1
-1;289700;;;BANANAS;SEASHELLS;4946.0;13
-1;289700;;;PEARLS;SEASHELLS;9998.0;1
-1;289800;;;PEARLS;SEASHELLS;10000.0;2
-1;289800;;;BANANAS;SEASHELLS;4946.0;2
-1;289800;;;PEARLS;SEASHELLS;9998.0;1
-1;289900;;;PEARLS;SEASHELLS;9998.0;1
-1;290500;;;PEARLS;SEASHELLS;9998.0;2
-1;290700;;;PEARLS;SEASHELLS;10002.0;1
-1;290800;;;PEARLS;SEASHELLS;10002.0;1
-1;290800;;;PEARLS;SEASHELLS;10004.0;10
-1;290800;;;PEARLS;SEASHELLS;10004.0;2
-1;291000;;;PEARLS;SEASHELLS;9998.0;1
-1;291000;;;COCONUTS;SEASHELLS;8011.0;14
-1;291000;;;COCONUTS;SEASHELLS;8011.0;40
-1;291100;;;PEARLS;SEASHELLS;10002.0;2
-1;291100;;;BANANAS;SEASHELLS;4950.0;5
-1;291100;;;BANANAS;SEASHELLS;4951.0;1
-1;291800;;;COCONUTS;SEASHELLS;8017.0;6
-1;292000;;;COCONUTS;SEASHELLS;8013.0;7
-1;292300;;;BANANAS;SEASHELLS;4951.0;1
-1;292800;;;PEARLS;SEASHELLS;9998.0;5
-1;293600;;;BANANAS;SEASHELLS;4947.0;2
-1;293600;;;PEARLS;SEASHELLS;9996.0;1
-1;293600;;;PEARLS;SEASHELLS;9996.0;1
-1;294100;;;PEARLS;SEASHELLS;10002.0;1
-1;294400;;;BANANAS;SEASHELLS;4945.0;1
-1;294400;;;PEARLS;SEASHELLS;10002.0;1
-1;294400;;;PEARLS;SEASHELLS;10004.0;1
-1;294600;;;PEARLS;SEASHELLS;9995.0;8
-1;294600;;;BANANAS;SEASHELLS;4948.0;5
-1;294700;;;BANANAS;SEASHELLS;4944.0;1
-1;295300;;;BANANAS;SEASHELLS;4949.0;1
-1;295300;;;PEARLS;SEASHELLS;10004.0;1
-1;295600;;;BANANAS;SEASHELLS;4948.0;1
-1;295800;;;COCONUTS;SEASHELLS;8021.0;19
-1;295800;;;PEARLS;SEASHELLS;9996.0;2
-1;295800;;;BANANAS;SEASHELLS;4943.0;2
-1;296000;;;PEARLS;SEASHELLS;9998.0;1
-1;296100;;;BANANAS;SEASHELLS;4949.0;1
-1;296100;;;PEARLS;SEASHELLS;9998.0;1
-1;296200;;;PINA_COLADAS;SEASHELLS;15007.0;20
-1;296200;;;BANANAS;SEASHELLS;4950.0;2
-1;296300;;;BANANAS;SEASHELLS;4951.0;1
-1;296300;;;PEARLS;SEASHELLS;10005.0;1
-1;296500;;;PEARLS;SEASHELLS;10004.0;2
-1;296700;;;PEARLS;SEASHELLS;10002.0;5
-1;296700;;;BANANAS;SEASHELLS;4944.0;5
-1;297200;;;BANANAS;SEASHELLS;4951.0;2
-1;297200;;;PEARLS;SEASHELLS;10004.0;1
-1;297200;;;BANANAS;SEASHELLS;4949.0;1
-1;297200;;;PEARLS;SEASHELLS;10004.0;1
-1;297800;;;BANANAS;SEASHELLS;4945.0;1
-1;297900;;;PINA_COLADAS;SEASHELLS;15012.0;4
-1;298400;;;PINA_COLADAS;SEASHELLS;15017.0;4
-1;298800;;;PEARLS;SEASHELLS;9998.0;1
-1;299000;;;BANANAS;SEASHELLS;4946.0;1
-1;299000;;;BANANAS;SEASHELLS;4950.0;9
-1;299000;;;PINA_COLADAS;SEASHELLS;15018.0;3
-1;299100;;;PEARLS;SEASHELLS;9998.0;1
-1;299100;;;BANANAS;SEASHELLS;4952.0;2
-1;299400;;;BANANAS;SEASHELLS;4950.0;1
-1;299500;;;PEARLS;SEASHELLS;9996.0;1
-1;299500;;;BANANAS;SEASHELLS;4945.0;1
-1;299600;;;PEARLS;SEASHELLS;10004.0;1
-1;299800;;;BANANAS;SEASHELLS;4946.0;1
-1;300900;;;BANANAS;SEASHELLS;4946.0;1
-1;301000;;;PEARLS;SEASHELLS;9996.0;2
-1;301000;;;PEARLS;SEASHELLS;9995.0;2
-1;301000;;;BANANAS;SEASHELLS;4946.0;2
-1;301100;;;BANANAS;SEASHELLS;4951.0;1
-1;301100;;;COCONUTS;SEASHELLS;8023.0;49
-1;301100;;;COCONUTS;SEASHELLS;8023.0;2
-1;301500;;;PEARLS;SEASHELLS;9998.0;3
-1;301500;;;PEARLS;SEASHELLS;9998.0;5
-1;301500;;;BANANAS;SEASHELLS;4946.0;1
-1;301500;;;COCONUTS;SEASHELLS;8026.0;6
-1;301600;;;BANANAS;SEASHELLS;4945.0;1
-1;301600;;;PEARLS;SEASHELLS;10002.0;1
-1;302000;;;BANANAS;SEASHELLS;4945.0;1
-1;302000;;;PEARLS;SEASHELLS;9996.0;1
-1;302700;;;COCONUTS;SEASHELLS;8027.0;20
-1;302800;;;PEARLS;SEASHELLS;10002.0;6
-1;302800;;;BANANAS;SEASHELLS;4948.0;1
-1;303300;;;BANANAS;SEASHELLS;4943.0;1
-1;303400;;;PEARLS;SEASHELLS;10002.0;5
-1;303500;;;PEARLS;SEASHELLS;10002.0;2
-1;304000;;;PEARLS;SEASHELLS;9998.0;1
-1;304300;;;BANANAS;SEASHELLS;4949.0;1
-1;304600;;;PEARLS;SEASHELLS;9998.0;1
-1;304600;;;COCONUTS;SEASHELLS;8026.0;18
-1;304600;;;BANANAS;SEASHELLS;4947.0;1
-1;305300;;;PINA_COLADAS;SEASHELLS;15043.0;5
-1;305600;;;BANANAS;SEASHELLS;4948.0;15
-1;305700;;;PEARLS;SEASHELLS;10002.0;1
-1;305800;;;BANANAS;SEASHELLS;4941.0;2
-1;305800;;;PEARLS;SEASHELLS;9995.0;2
-1;305800;;;BANANAS;SEASHELLS;4941.0;8
-1;306200;;;BANANAS;SEASHELLS;4943.0;1
-1;306400;;;PEARLS;SEASHELLS;10004.0;1
-1;306400;;;PEARLS;SEASHELLS;10004.0;1
-1;306400;;;BANANAS;SEASHELLS;4949.0;2
-1;306700;;;BANANAS;SEASHELLS;4947.0;1
-1;306700;;;BANANAS;SEASHELLS;4948.0;1
-1;307000;;;BANANAS;SEASHELLS;4943.0;1
-1;307000;;;PEARLS;SEASHELLS;10004.0;1
-1;307000;;;BANANAS;SEASHELLS;4943.0;1
-1;307200;;;PINA_COLADAS;SEASHELLS;15033.0;3
-1;307600;;;PEARLS;SEASHELLS;10002.0;3
-1;307700;;;PEARLS;SEASHELLS;10002.0;4
-1;307700;;;BANANAS;SEASHELLS;4942.0;1
-1;308000;;;PEARLS;SEASHELLS;9995.0;3
-1;308800;;;BANANAS;SEASHELLS;4948.0;18
-1;308800;;;BANANAS;SEASHELLS;4942.0;2
-1;308900;;;BANANAS;SEASHELLS;4947.0;1
-1;309000;;;BANANAS;SEASHELLS;4942.0;1
-1;309200;;;BANANAS;SEASHELLS;4948.0;13
-1;309300;;;BANANAS;SEASHELLS;4946.0;1
-1;309300;;;PEARLS;SEASHELLS;9998.0;1
-1;309300;;;COCONUTS;SEASHELLS;8025.0;9
-1;309400;;;PEARLS;SEASHELLS;9998.0;1
-1;309600;;;PEARLS;SEASHELLS;9996.0;1
-1;309600;;;BANANAS;SEASHELLS;4942.0;1
-1;309600;;;PEARLS;SEASHELLS;9996.0;1
-1;309600;;;BANANAS;SEASHELLS;4942.0;1
-1;309700;;;PEARLS;SEASHELLS;10004.0;1
-1;309700;;;PEARLS;SEASHELLS;10004.0;9
-1;309800;;;BANANAS;SEASHELLS;4941.0;12
-1;311000;;;BANANAS;SEASHELLS;4943.0;2
-1;311400;;;BANANAS;SEASHELLS;4948.0;19
-1;311400;;;PEARLS;SEASHELLS;9998.0;1
-1;311400;;;BANANAS;SEASHELLS;4943.0;1
-1;311400;;;BANANAS;SEASHELLS;4943.0;3
-1;311500;;;BANANAS;SEASHELLS;4946.0;1
-1;311600;;;BANANAS;SEASHELLS;4946.0;1
-1;311700;;;BANANAS;SEASHELLS;4942.0;1
-1;312000;;;BANANAS;SEASHELLS;4950.0;7
-1;312200;;;BANANAS;SEASHELLS;4944.0;3
-1;312500;;;PEARLS;SEASHELLS;9998.0;1
-1;312700;;;BANANAS;SEASHELLS;4947.0;1
-1;312800;;;BANANAS;SEASHELLS;4942.0;1
-1;312900;;;PEARLS;SEASHELLS;9996.0;1
-1;312900;;;BANANAS;SEASHELLS;4943.0;1
-1;312900;;;BANANAS;SEASHELLS;4943.0;1
-1;312900;;;PEARLS;SEASHELLS;9996.0;1
-1;313000;;;BANANAS;SEASHELLS;4948.0;1
-1;313100;;;PEARLS;SEASHELLS;9998.0;1
-1;313400;;;PEARLS;SEASHELLS;9996.0;2
-1;313700;;;BANANAS;SEASHELLS;4949.0;1
-1;313800;;;PEARLS;SEASHELLS;9996.0;1
-1;313800;;;PEARLS;SEASHELLS;9996.0;3
-1;314200;;;BANANAS;SEASHELLS;4945.0;3
-1;314500;;;PEARLS;SEASHELLS;10002.0;3
-1;314600;;;PEARLS;SEASHELLS;9996.0;2
-1;314600;;;PEARLS;SEASHELLS;9996.0;5
-1;314700;;;BANANAS;SEASHELLS;4949.0;1
-1;314800;;;BANANAS;SEASHELLS;4949.0;1
-1;314800;;;PEARLS;SEASHELLS;10002.0;1
-1;315000;;;BANANAS;SEASHELLS;4944.0;2
-1;315000;;;PEARLS;SEASHELLS;9996.0;2
-1;315100;;;PEARLS;SEASHELLS;9998.0;1
-1;315100;;;BANANAS;SEASHELLS;4944.0;1
-1;315500;;;BANANAS;SEASHELLS;4944.0;1
-1;315600;;;PEARLS;SEASHELLS;9998.0;1
-1;316300;;;PEARLS;SEASHELLS;10002.0;1
-1;316300;;;BANANAS;SEASHELLS;4942.0;2
-1;316500;;;PEARLS;SEASHELLS;9998.0;1
-1;316900;;;PEARLS;SEASHELLS;10004.0;1
-1;316900;;;BANANAS;SEASHELLS;4948.0;1
-1;317000;;;BANANAS;SEASHELLS;4948.0;1
-1;317200;;;BANANAS;SEASHELLS;4946.0;1
-1;317500;;;BANANAS;SEASHELLS;4943.0;3
-1;317600;;;BANANAS;SEASHELLS;4941.0;1
-1;317600;;;BANANAS;SEASHELLS;4942.0;4
-1;317700;;;PEARLS;SEASHELLS;10002.0;1
-1;317700;;;PEARLS;SEASHELLS;10004.0;1
-1;317700;;;PEARLS;SEASHELLS;10004.0;5
-1;318000;;;PEARLS;SEASHELLS;9996.0;1
-1;318000;;;PEARLS;SEASHELLS;9996.0;8
-1;318200;;;BANANAS;SEASHELLS;4946.0;1
-1;318300;;;BANANAS;SEASHELLS;4942.0;1
-1;318500;;;PEARLS;SEASHELLS;9995.0;2
-1;318500;;;BANANAS;SEASHELLS;4940.0;2
-1;318600;;;PEARLS;SEASHELLS;10005.0;8
-1;318800;;;PEARLS;SEASHELLS;9996.0;2
-1;318800;;;BANANAS;SEASHELLS;4940.0;2
-1;319000;;;BANANAS;SEASHELLS;4946.0;1
-1;319000;;;PEARLS;SEASHELLS;10004.0;1
-1;319200;;;PEARLS;SEASHELLS;9998.0;2
-1;319200;;;BANANAS;SEASHELLS;4940.0;2
-1;320100;;;BANANAS;SEASHELLS;4940.0;1
-1;320200;;;PEARLS;SEASHELLS;9998.0;1
-1;320300;;;PEARLS;SEASHELLS;9998.0;1
-1;321000;;;BANANAS;SEASHELLS;4943.0;1
-1;321800;;;PEARLS;SEASHELLS;10002.0;1
-1;322000;;;BANANAS;SEASHELLS;4942.0;1
-1;322000;;;BANANAS;SEASHELLS;4942.0;11
-1;322100;;;PEARLS;SEASHELLS;9998.0;1
-1;322900;;;COCONUTS;SEASHELLS;8025.0;13
-1;322900;;;COCONUTS;SEASHELLS;8025.0;53
-1;323100;;;BANANAS;SEASHELLS;4938.0;1
-1;323100;;;COCONUTS;SEASHELLS;8026.0;8
-1;323300;;;BANANAS;SEASHELLS;4945.0;2
-1;323300;;;PEARLS;SEASHELLS;10005.0;2
-1;323300;;;PEARLS;SEASHELLS;9998.0;1
-1;323400;;;BANANAS;SEASHELLS;4940.0;4
-1;323600;;;BANANAS;SEASHELLS;4944.0;1
-1;324500;;;PEARLS;SEASHELLS;10002.0;2
-1;324600;;;PEARLS;SEASHELLS;9998.0;1
-1;325000;;;PEARLS;SEASHELLS;9998.0;1
-1;325000;;;BANANAS;SEASHELLS;4944.0;1
-1;325100;;;BANANAS;SEASHELLS;4939.0;1
-1;325200;;;BANANAS;SEASHELLS;4944.0;1
-1;325500;;;PEARLS;SEASHELLS;10004.0;1
-1;325500;;;BANANAS;SEASHELLS;4945.0;1
-1;325700;;;PEARLS;SEASHELLS;9998.0;1
-1;326200;;;PEARLS;SEASHELLS;10002.0;1
-1;326200;;;BANANAS;SEASHELLS;4938.0;9
-1;326300;;;COCONUTS;SEASHELLS;8024.0;6
-1;326400;;;BANANAS;SEASHELLS;4945.0;2
-1;326400;;;PEARLS;SEASHELLS;10005.0;2
-1;326600;;;PEARLS;SEASHELLS;9996.0;2
-1;326600;;;PEARLS;SEASHELLS;9996.0;6
-1;326700;;;BANANAS;SEASHELLS;4939.0;2
-1;326700;;;PEARLS;SEASHELLS;9996.0;2
-1;327100;;;PEARLS;SEASHELLS;10002.0;4
-1;327400;;;PEARLS;SEASHELLS;10002.0;5
-1;327500;;;BANANAS;SEASHELLS;4944.0;1
-1;327600;;;PEARLS;SEASHELLS;10002.0;1
-1;327800;;;PEARLS;SEASHELLS;10002.0;1
-1;327800;;;BANANAS;SEASHELLS;4944.0;4
-1;328100;;;BANANAS;SEASHELLS;4945.0;13
-1;328200;;;PEARLS;SEASHELLS;9998.0;1
-1;328400;;;PEARLS;SEASHELLS;10002.0;1
-1;328700;;;COCONUTS;SEASHELLS;8032.0;8
-1;328700;;;BANANAS;SEASHELLS;4940.0;1
-1;329100;;;BANANAS;SEASHELLS;4939.0;2
-1;329200;;;BANANAS;SEASHELLS;4944.0;1
-1;329400;;;BANANAS;SEASHELLS;4939.0;3
-1;329400;;;PEARLS;SEASHELLS;10002.0;2
-1;329500;;;BANANAS;SEASHELLS;4942.0;1
-1;329500;;;PEARLS;SEASHELLS;10002.0;1
-1;329800;;;PEARLS;SEASHELLS;10002.0;1
-1;329900;;;BANANAS;SEASHELLS;4937.0;1
-1;330700;;;BANANAS;SEASHELLS;4935.0;1
-1;331100;;;BANANAS;SEASHELLS;4936.0;1
-1;331300;;;BANANAS;SEASHELLS;4934.0;1
-1;331300;;;PEARLS;SEASHELLS;9996.0;1
-1;332000;;;BANANAS;SEASHELLS;4939.0;2
-1;332100;;;BANANAS;SEASHELLS;4939.0;2
-1;332100;;;PEARLS;SEASHELLS;9998.0;3
-1;332100;;;PEARLS;SEASHELLS;9998.0;1
-1;332600;;;BANANAS;SEASHELLS;4933.0;1
-1;333200;;;PEARLS;SEASHELLS;10002.0;2
-1;333200;;;BANANAS;SEASHELLS;4933.0;1
-1;333400;;;BANANAS;SEASHELLS;4939.0;1
-1;333600;;;PEARLS;SEASHELLS;10002.0;1
-1;333600;;;BANANAS;SEASHELLS;4938.0;1
-1;333700;;;BANANAS;SEASHELLS;4933.0;1
-1;334000;;;BANANAS;SEASHELLS;4933.0;1
-1;334300;;;PEARLS;SEASHELLS;9995.0;2
-1;334300;;;BANANAS;SEASHELLS;4932.0;2
-1;334500;;;COCONUTS;SEASHELLS;8036.0;7
-1;334800;;;PEARLS;SEASHELLS;9996.0;1
-1;334800;;;PEARLS;SEASHELLS;9996.0;5
-1;334800;;;BANANAS;SEASHELLS;4934.0;4
-1;335200;;;COCONUTS;SEASHELLS;8036.0;7
-1;335400;;;PINA_COLADAS;SEASHELLS;15049.0;3
-1;335400;;;PEARLS;SEASHELLS;9998.0;1
-1;335600;;;COCONUTS;SEASHELLS;8036.0;10
-1;335700;;;BANANAS;SEASHELLS;4940.0;1
-1;336100;;;BANANAS;SEASHELLS;4936.0;3
-1;336500;;;PEARLS;SEASHELLS;9998.0;2
-1;336500;;;BANANAS;SEASHELLS;4936.0;2
-1;336700;;;PEARLS;SEASHELLS;9998.0;6
-1;336800;;;BANANAS;SEASHELLS;4936.0;1
-1;337000;;;BANANAS;SEASHELLS;4940.0;2
-1;337100;;;BANANAS;SEASHELLS;4943.0;2
-1;337100;;;PEARLS;SEASHELLS;10005.0;2
-1;337700;;;PEARLS;SEASHELLS;10002.0;1
-1;337900;;;PEARLS;SEASHELLS;10002.0;1
-1;338300;;;BANANAS;SEASHELLS;4938.0;9
-1;338400;;;PEARLS;SEASHELLS;10002.0;1
-1;338500;;;BANANAS;SEASHELLS;4934.0;1
-1;338900;;;BANANAS;SEASHELLS;4935.0;1
-1;339800;;;BANANAS;SEASHELLS;4941.0;1
-1;339800;;;PEARLS;SEASHELLS;10004.0;1
-1;340800;;;BANANAS;SEASHELLS;4943.0;9
-1;340900;;;BANANAS;SEASHELLS;4936.0;8
-1;341100;;;BANANAS;SEASHELLS;4937.0;1
-1;341100;;;PEARLS;SEASHELLS;10002.0;1
-1;341200;;;PEARLS;SEASHELLS;9995.0;11
-1;341300;;;PEARLS;SEASHELLS;10002.0;1
-1;341400;;;PINA_COLADAS;SEASHELLS;15041.0;10
-1;341500;;;PEARLS;SEASHELLS;9998.0;1
-1;341700;;;BANANAS;SEASHELLS;4936.0;1
-1;341700;;;BANANAS;SEASHELLS;4941.0;1
-1;341700;;;PEARLS;SEASHELLS;9996.0;1
-1;341800;;;PEARLS;SEASHELLS;9998.0;1
-1;341800;;;PEARLS;SEASHELLS;9998.0;5
-1;342000;;;BANANAS;SEASHELLS;4943.0;1
-1;342600;;;PEARLS;SEASHELLS;9995.0;3
-1;342800;;;PEARLS;SEASHELLS;10002.0;1
-1;342900;;;PEARLS;SEASHELLS;9998.0;1
-1;342900;;;PINA_COLADAS;SEASHELLS;15044.0;13
-1;343500;;;PEARLS;SEASHELLS;9998.0;1
-1;343500;;;BANANAS;SEASHELLS;4941.0;1
-1;343900;;;BANANAS;SEASHELLS;4939.0;1
-1;344300;;;PEARLS;SEASHELLS;10002.0;2
-1;344300;;;BANANAS;SEASHELLS;4940.0;2
-1;344400;;;PEARLS;SEASHELLS;9995.0;1
-1;344400;;;BANANAS;SEASHELLS;4935.0;1
-1;344600;;;PINA_COLADAS;SEASHELLS;15041.0;11
-1;344600;;;PINA_COLADAS;SEASHELLS;15041.0;24
-1;344600;;;PEARLS;SEASHELLS;10002.0;4
-1;344700;;;BANANAS;SEASHELLS;4937.0;1
-1;344900;;;PEARLS;SEASHELLS;10004.0;1
-1;344900;;;BANANAS;SEASHELLS;4934.0;1
-1;344900;;;BANANAS;SEASHELLS;4940.0;1
-1;345000;;;PINA_COLADAS;SEASHELLS;15041.0;2
-1;345000;;;PEARLS;SEASHELLS;10002.0;1
-1;345200;;;BANANAS;SEASHELLS;4935.0;1
-1;345400;;;PEARLS;SEASHELLS;9998.0;1
-1;345600;;;BANANAS;SEASHELLS;4935.0;1
-1;345700;;;PEARLS;SEASHELLS;9998.0;1
-1;346200;;;PEARLS;SEASHELLS;10002.0;1
-1;346300;;;COCONUTS;SEASHELLS;8036.0;12
-1;346500;;;BANANAS;SEASHELLS;4934.0;2
-1;346600;;;PEARLS;SEASHELLS;9998.0;4
-1;346600;;;PEARLS;SEASHELLS;9998.0;2
-1;346600;;;BANANAS;SEASHELLS;4941.0;2
-1;346800;;;PEARLS;SEASHELLS;10002.0;1
-1;346900;;;BANANAS;SEASHELLS;4935.0;1
-1;347000;;;BANANAS;SEASHELLS;4935.0;11
-1;347100;;;PEARLS;SEASHELLS;10002.0;2
-1;347100;;;BANANAS;SEASHELLS;4940.0;2
-1;347100;;;BANANAS;SEASHELLS;4940.0;2
-1;347300;;;BANANAS;SEASHELLS;4939.0;3
-1;347300;;;COCONUTS;SEASHELLS;8036.0;8
-1;347400;;;PEARLS;SEASHELLS;10002.0;1
-1;347400;;;PEARLS;SEASHELLS;9998.0;1
-1;347400;;;PEARLS;SEASHELLS;9998.0;5
-1;347600;;;COCONUTS;SEASHELLS;8031.0;50
-1;347600;;;COCONUTS;SEASHELLS;8031.0;21
-1;347800;;;BANANAS;SEASHELLS;4939.0;1
-1;348000;;;PEARLS;SEASHELLS;10002.0;1
-1;348400;;;BANANAS;SEASHELLS;4941.0;8
-1;348500;;;PEARLS;SEASHELLS;9996.0;1
-1;348500;;;BANANAS;SEASHELLS;4934.0;2
-1;349200;;;PEARLS;SEASHELLS;9998.0;1
-1;349500;;;BANANAS;SEASHELLS;4940.0;1
-1;349900;;;PEARLS;SEASHELLS;10004.0;6
-1;349900;;;BANANAS;SEASHELLS;4940.0;1
-1;349900;;;BANANAS;SEASHELLS;4942.0;12
-1;349900;;;PEARLS;SEASHELLS;10004.0;2
-1;350000;;;BANANAS;SEASHELLS;4940.0;3
-1;350200;;;PEARLS;SEASHELLS;10002.0;1
-1;350300;;;PEARLS;SEASHELLS;10005.0;8
-1;350500;;;BANANAS;SEASHELLS;4937.0;2
-1;350600;;;BANANAS;SEASHELLS;4935.0;1
-1;350600;;;PEARLS;SEASHELLS;9996.0;1
-1;350600;;;PEARLS;SEASHELLS;9996.0;1
-1;350600;;;BANANAS;SEASHELLS;4935.0;1
-1;350700;;;BANANAS;SEASHELLS;4935.0;1
-1;350700;;;PEARLS;SEASHELLS;9995.0;1
-1;350800;;;BANANAS;SEASHELLS;4935.0;1
-1;350900;;;PEARLS;SEASHELLS;9998.0;2
-1;350900;;;PINA_COLADAS;SEASHELLS;15057.0;4
-1;351100;;;PEARLS;SEASHELLS;10002.0;1
-1;351100;;;BANANAS;SEASHELLS;4940.0;7
-1;351300;;;PEARLS;SEASHELLS;10002.0;1
-1;351400;;;PEARLS;SEASHELLS;9995.0;2
-1;351400;;;BANANAS;SEASHELLS;4935.0;2
-1;351500;;;BANANAS;SEASHELLS;4940.0;1
-1;351600;;;PEARLS;SEASHELLS;9998.0;1
-1;351600;;;PEARLS;SEASHELLS;9998.0;3
-1;351600;;;PEARLS;SEASHELLS;10002.0;3
-1;351700;;;BANANAS;SEASHELLS;4935.0;1
-1;351700;;;COCONUTS;SEASHELLS;8035.0;10
-1;351900;;;BANANAS;SEASHELLS;4934.0;2
-1;352000;;;BANANAS;SEASHELLS;4939.0;1
-1;352000;;;BANANAS;SEASHELLS;4939.0;8
-1;352000;;;BANANAS;SEASHELLS;4941.0;1
-1;352000;;;PEARLS;SEASHELLS;10002.0;1
-1;352200;;;PINA_COLADAS;SEASHELLS;15065.0;29
-1;352200;;;PINA_COLADAS;SEASHELLS;15067.0;3
-1;352300;;;BANANAS;SEASHELLS;4935.0;1
-1;352400;;;PINA_COLADAS;SEASHELLS;15069.0;4
-1;352600;;;COCONUTS;SEASHELLS;8037.0;18
-1;352900;;;BANANAS;SEASHELLS;4940.0;1
-1;353400;;;BANANAS;SEASHELLS;4939.0;1
-1;353400;;;PEARLS;SEASHELLS;10002.0;1
-1;353500;;;BANANAS;SEASHELLS;4934.0;3
-1;353600;;;COCONUTS;SEASHELLS;8036.0;6
-1;353900;;;BANANAS;SEASHELLS;4934.0;1
-1;353900;;;PEARLS;SEASHELLS;9995.0;1
-1;354400;;;COCONUTS;SEASHELLS;8036.0;69
-1;354600;;;BANANAS;SEASHELLS;4940.0;7
-1;354600;;;BANANAS;SEASHELLS;4940.0;1
-1;354800;;;BANANAS;SEASHELLS;4934.0;4
-1;354900;;;BANANAS;SEASHELLS;4932.0;2
-1;354900;;;PEARLS;SEASHELLS;9998.0;1
-1;355100;;;BANANAS;SEASHELLS;4938.0;1
-1;355200;;;PEARLS;SEASHELLS;10002.0;2
-1;355200;;;PEARLS;SEASHELLS;10002.0;1
-1;355400;;;BANANAS;SEASHELLS;4933.0;1
-1;355400;;;PEARLS;SEASHELLS;10004.0;1
-1;355500;;;BANANAS;SEASHELLS;4933.0;1
-1;355800;;;BANANAS;SEASHELLS;4936.0;4
-1;355800;;;BANANAS;SEASHELLS;4936.0;1
-1;356000;;;PEARLS;SEASHELLS;10002.0;1
-1;356100;;;BANANAS;SEASHELLS;4932.0;3
-1;356500;;;BANANAS;SEASHELLS;4931.0;1
-1;356700;;;BANANAS;SEASHELLS;4931.0;1
-1;356800;;;PEARLS;SEASHELLS;10005.0;7
-1;356900;;;BANANAS;SEASHELLS;4932.0;16
-1;357200;;;PEARLS;SEASHELLS;10004.0;1
-1;357200;;;BANANAS;SEASHELLS;4933.0;1
-1;357200;;;BANANAS;SEASHELLS;4939.0;2
-1;357200;;;PEARLS;SEASHELLS;10004.0;1
-1;357300;;;PINA_COLADAS;SEASHELLS;15068.0;10
-1;357400;;;PEARLS;SEASHELLS;10004.0;2
-1;357400;;;COCONUTS;SEASHELLS;8037.0;10
-1;357400;;;BANANAS;SEASHELLS;4939.0;2
-1;357500;;;BANANAS;SEASHELLS;4937.0;1
-1;357500;;;PEARLS;SEASHELLS;10002.0;1
-1;357700;;;BANANAS;SEASHELLS;4933.0;1
-1;358000;;;PEARLS;SEASHELLS;9998.0;1
-1;358400;;;BANANAS;SEASHELLS;4937.0;1
-1;358500;;;BANANAS;SEASHELLS;4938.0;11
-1;358700;;;BANANAS;SEASHELLS;4932.0;2
-1;358700;;;BANANAS;SEASHELLS;4931.0;1
-1;359000;;;PEARLS;SEASHELLS;9998.0;1
-1;359100;;;PEARLS;SEASHELLS;10002.0;1
-1;359100;;;BANANAS;SEASHELLS;4936.0;1
-1;359200;;;BANANAS;SEASHELLS;4933.0;3
-1;359200;;;BANANAS;SEASHELLS;4933.0;1
-1;359800;;;BANANAS;SEASHELLS;4934.0;1
-1;360100;;;BANANAS;SEASHELLS;4935.0;1
-1;360200;;;BANANAS;SEASHELLS;4939.0;4
-1;360300;;;PEARLS;SEASHELLS;9996.0;1
-1;360300;;;BANANAS;SEASHELLS;4935.0;1
-1;360400;;;PEARLS;SEASHELLS;10005.0;2
-1;360400;;;PINA_COLADAS;SEASHELLS;15081.0;3
-1;360400;;;BANANAS;SEASHELLS;4941.0;2
-1;360900;;;PEARLS;SEASHELLS;10002.0;1
-1;360900;;;BANANAS;SEASHELLS;4935.0;2
-1;361200;;;BANANAS;SEASHELLS;4937.0;2
-1;361400;;;BANANAS;SEASHELLS;4942.0;1
-1;361400;;;PEARLS;SEASHELLS;10002.0;1
-1;361500;;;PEARLS;SEASHELLS;10002.0;3
-1;361600;;;PEARLS;SEASHELLS;9998.0;1
-1;361700;;;PINA_COLADAS;SEASHELLS;15084.0;22
-1;362300;;;BANANAS;SEASHELLS;4941.0;1
-1;362600;;;BANANAS;SEASHELLS;4936.0;2
-1;362800;;;PEARLS;SEASHELLS;10002.0;7
-1;363100;;;PEARLS;SEASHELLS;10002.0;1
-1;363200;;;BANANAS;SEASHELLS;4936.0;1
-1;363400;;;BANANAS;SEASHELLS;4935.0;1
-1;363700;;;PEARLS;SEASHELLS;9998.0;1
-1;363800;;;BANANAS;SEASHELLS;4935.0;1
-1;363800;;;BANANAS;SEASHELLS;4938.0;2
-1;363800;;;PEARLS;SEASHELLS;10002.0;2
-1;363800;;;BANANAS;SEASHELLS;4935.0;4
-1;363900;;;BANANAS;SEASHELLS;4933.0;14
-1;364300;;;BANANAS;SEASHELLS;4933.0;17
-1;364300;;;COCONUTS;SEASHELLS;8044.0;21
-1;364500;;;COCONUTS;SEASHELLS;8042.0;42
-1;365100;;;PEARLS;SEASHELLS;10005.0;6
-1;365200;;;BANANAS;SEASHELLS;4938.0;7
-1;365400;;;BANANAS;SEASHELLS;4933.0;1
-1;366000;;;BANANAS;SEASHELLS;4937.0;1
-1;366300;;;PEARLS;SEASHELLS;10000.0;6
-1;366500;;;BANANAS;SEASHELLS;4937.0;1
-1;366700;;;BANANAS;SEASHELLS;4937.0;1
-1;367600;;;PEARLS;SEASHELLS;10002.0;2
-1;367600;;;BANANAS;SEASHELLS;4937.0;2
-1;367600;;;BANANAS;SEASHELLS;4932.0;11
-1;368000;;;BANANAS;SEASHELLS;4932.0;1
-1;368200;;;BANANAS;SEASHELLS;4939.0;1
-1;368200;;;PEARLS;SEASHELLS;10005.0;1
-1;368300;;;BANANAS;SEASHELLS;4934.0;2
-1;368400;;;BANANAS;SEASHELLS;4933.0;1
-1;368700;;;PEARLS;SEASHELLS;9998.0;1
-1;368800;;;COCONUTS;SEASHELLS;8047.0;24
-1;368900;;;BANANAS;SEASHELLS;4933.0;1
-1;368900;;;PEARLS;SEASHELLS;9998.0;1
-1;369200;;;BANANAS;SEASHELLS;4936.0;1
-1;369300;;;BANANAS;SEASHELLS;4933.0;3
-1;369800;;;PEARLS;SEASHELLS;10002.0;3
-1;370000;;;PEARLS;SEASHELLS;10002.0;1
-1;370100;;;PEARLS;SEASHELLS;9998.0;1
-1;370300;;;BANANAS;SEASHELLS;4931.0;1
-1;371000;;;COCONUTS;SEASHELLS;8047.0;10
-1;371000;;;PEARLS;SEASHELLS;9998.0;1
-1;371200;;;BANANAS;SEASHELLS;4932.0;1
-1;371300;;;BANANAS;SEASHELLS;4932.0;1
-1;371400;;;PEARLS;SEASHELLS;10005.0;9
-1;371600;;;PEARLS;SEASHELLS;10000.0;2
-1;371600;;;BANANAS;SEASHELLS;4938.0;1
-1;371900;;;BANANAS;SEASHELLS;4932.0;1
-1;372300;;;BANANAS;SEASHELLS;4938.0;1
-1;372500;;;PEARLS;SEASHELLS;9998.0;1
-1;372600;;;BANANAS;SEASHELLS;4934.0;1
-1;372700;;;PINA_COLADAS;SEASHELLS;15115.0;5
-1;372900;;;BANANAS;SEASHELLS;4934.0;3
-1;373300;;;BANANAS;SEASHELLS;4933.0;1
-1;373300;;;PEARLS;SEASHELLS;9996.0;1
-1;373500;;;COCONUTS;SEASHELLS;8049.0;58
-1;373500;;;COCONUTS;SEASHELLS;8049.0;13
-1;373600;;;PEARLS;SEASHELLS;10002.0;1
-1;374100;;;BANANAS;SEASHELLS;4938.0;2
-1;374100;;;BANANAS;SEASHELLS;4936.0;1
-1;374100;;;PEARLS;SEASHELLS;10005.0;2
-1;374200;;;BANANAS;SEASHELLS;4936.0;1
-1;374600;;;PINA_COLADAS;SEASHELLS;15108.0;2
-1;374700;;;PEARLS;SEASHELLS;10002.0;2
-1;374800;;;PEARLS;SEASHELLS;9998.0;1
-1;374900;;;PEARLS;SEASHELLS;9996.0;2
-1;374900;;;PEARLS;SEASHELLS;9996.0;1
-1;375300;;;BANANAS;SEASHELLS;4937.0;2
-1;375300;;;PEARLS;SEASHELLS;10005.0;2
-1;375300;;;PEARLS;SEASHELLS;10005.0;2
-1;375900;;;PEARLS;SEASHELLS;9996.0;1
-1;375900;;;BANANAS;SEASHELLS;4933.0;1
-1;376000;;;BANANAS;SEASHELLS;4930.0;2
-1;376100;;;PEARLS;SEASHELLS;9996.0;2
-1;376300;;;BANANAS;SEASHELLS;4934.0;2
-1;376300;;;BANANAS;SEASHELLS;4934.0;7
-1;376400;;;COCONUTS;SEASHELLS;8047.0;45
-1;376500;;;BANANAS;SEASHELLS;4928.0;1
-1;376700;;;PEARLS;SEASHELLS;10002.0;1
-1;376800;;;BANANAS;SEASHELLS;4926.0;19
-1;377000;;;BANANAS;SEASHELLS;4932.0;1
-1;377000;;;BANANAS;SEASHELLS;4933.0;5
-1;377400;;;PEARLS;SEASHELLS;9996.0;1
-1;377400;;;PEARLS;SEASHELLS;9996.0;1
-1;377400;;;BANANAS;SEASHELLS;4927.0;2
-1;377700;;;BANANAS;SEASHELLS;4928.0;1
-1;377700;;;BANANAS;SEASHELLS;4928.0;12
-1;377800;;;COCONUTS;SEASHELLS;8050.0;18
-1;377800;;;PEARLS;SEASHELLS;9996.0;2
-1;377800;;;BANANAS;SEASHELLS;4928.0;2
-1;378000;;;BANANAS;SEASHELLS;4928.0;2
-1;378200;;;PEARLS;SEASHELLS;9998.0;1
-1;378300;;;PEARLS;SEASHELLS;9995.0;11
-1;378700;;;PEARLS;SEASHELLS;10002.0;1
-1;378800;;;BANANAS;SEASHELLS;4926.0;1
-1;379200;;;BANANAS;SEASHELLS;4927.0;1
-1;379300;;;PEARLS;SEASHELLS;9998.0;1
-1;379300;;;COCONUTS;SEASHELLS;8050.0;10
-1;379700;;;PEARLS;SEASHELLS;9998.0;1
-1;379700;;;BANANAS;SEASHELLS;4930.0;1
-1;380000;;;BANANAS;SEASHELLS;4926.0;1
-1;380500;;;BANANAS;SEASHELLS;4932.0;1
-1;381000;;;PEARLS;SEASHELLS;10002.0;1
-1;381000;;;BANANAS;SEASHELLS;4931.0;1
-1;381300;;;PEARLS;SEASHELLS;9998.0;5
-1;381400;;;BANANAS;SEASHELLS;4931.0;1
-1;381500;;;COCONUTS;SEASHELLS;8051.0;10
-1;381700;;;PEARLS;SEASHELLS;9998.0;1
-1;382100;;;PEARLS;SEASHELLS;10002.0;2
-1;383000;;;PEARLS;SEASHELLS;9998.0;1
-1;383200;;;BANANAS;SEASHELLS;4930.0;3
-1;383200;;;PEARLS;SEASHELLS;10005.0;3
-1;383300;;;BANANAS;SEASHELLS;4923.0;1
-1;383400;;;BANANAS;SEASHELLS;4922.0;1
-1;383400;;;COCONUTS;SEASHELLS;8048.0;47
-1;383400;;;PEARLS;SEASHELLS;9995.0;1
-1;383400;;;COCONUTS;SEASHELLS;8048.0;5
-1;383800;;;BANANAS;SEASHELLS;4929.0;1
-1;384100;;;COCONUTS;SEASHELLS;8048.0;53
-1;384100;;;BANANAS;SEASHELLS;4924.0;1
-1;384300;;;PEARLS;SEASHELLS;10002.0;1
-1;384600;;;PEARLS;SEASHELLS;9998.0;1
-1;384600;;;PEARLS;SEASHELLS;9998.0;3
-1;384700;;;BANANAS;SEASHELLS;4930.0;2
-1;384700;;;PEARLS;SEASHELLS;10005.0;2
-1;385000;;;BANANAS;SEASHELLS;4928.0;1
-1;385900;;;BANANAS;SEASHELLS;4925.0;1
-1;386000;;;BANANAS;SEASHELLS;4924.0;1
-1;386100;;;PEARLS;SEASHELLS;9998.0;9
-1;386200;;;COCONUTS;SEASHELLS;8053.0;44
-1;386200;;;BANANAS;SEASHELLS;4924.0;1
-1;386300;;;BANANAS;SEASHELLS;4931.0;7
-1;386400;;;BANANAS;SEASHELLS;4931.0;2
-1;386400;;;PEARLS;SEASHELLS;10005.0;2
-1;386500;;;BANANAS;SEASHELLS;4925.0;1
-1;386800;;;BANANAS;SEASHELLS;4925.0;1
-1;386900;;;BANANAS;SEASHELLS;4931.0;4
-1;386900;;;COCONUTS;SEASHELLS;8057.0;8
-1;387000;;;PEARLS;SEASHELLS;9998.0;1
-1;387000;;;BANANAS;SEASHELLS;4930.0;1
-1;387100;;;COCONUTS;SEASHELLS;8054.0;24
-1;387100;;;PEARLS;SEASHELLS;10002.0;1
-1;387300;;;PINA_COLADAS;SEASHELLS;15127.0;14
-1;387900;;;BANANAS;SEASHELLS;4922.0;1
-1;387900;;;PINA_COLADAS;SEASHELLS;15121.0;3
-1;388000;;;PEARLS;SEASHELLS;10002.0;1
-1;388000;;;PINA_COLADAS;SEASHELLS;15125.0;20
-1;389700;;;BANANAS;SEASHELLS;4926.0;5
-1;390600;;;PEARLS;SEASHELLS;10002.0;1
-1;390800;;;BANANAS;SEASHELLS;4920.0;1
-1;390800;;;PEARLS;SEASHELLS;9995.0;1
-1;390800;;;PEARLS;SEASHELLS;9996.0;1
-1;390900;;;BANANAS;SEASHELLS;4925.0;1
-1;391200;;;COCONUTS;SEASHELLS;8051.0;7
-1;391300;;;PINA_COLADAS;SEASHELLS;15123.0;4
-1;391500;;;PINA_COLADAS;SEASHELLS;15125.0;10
-1;391900;;;BANANAS;SEASHELLS;4919.0;1
-1;392200;;;COCONUTS;SEASHELLS;8051.0;53
-1;392400;;;BANANAS;SEASHELLS;4918.0;1
-1;392900;;;PEARLS;SEASHELLS;9996.0;1
-1;392900;;;BANANAS;SEASHELLS;4916.0;1
-1;393000;;;BANANAS;SEASHELLS;4917.0;1
-1;393100;;;PINA_COLADAS;SEASHELLS;15123.0;2
-1;393400;;;PEARLS;SEASHELLS;9998.0;1
-1;393500;;;PINA_COLADAS;SEASHELLS;15124.0;23
-1;394100;;;BANANAS;SEASHELLS;4917.0;1
-1;394200;;;BANANAS;SEASHELLS;4916.0;13
-1;394600;;;BANANAS;SEASHELLS;4917.0;1
-1;394600;;;COCONUTS;SEASHELLS;8050.0;54
-1;394700;;;BANANAS;SEASHELLS;4922.0;1
-1;394800;;;BANANAS;SEASHELLS;4917.0;1
-1;394800;;;PEARLS;SEASHELLS;9996.0;1
-1;394900;;;PEARLS;SEASHELLS;9998.0;3
-1;395100;;;PEARLS;SEASHELLS;10002.0;1
-1;395300;;;PEARLS;SEASHELLS;10002.0;1
-1;395400;;;PEARLS;SEASHELLS;9996.0;1
-1;395400;;;BANANAS;SEASHELLS;4921.0;1
-1;395400;;;PEARLS;SEASHELLS;9996.0;2
-1;395500;;;COCONUTS;SEASHELLS;8051.0;20
-1;395700;;;PEARLS;SEASHELLS;10000.0;2
-1;395700;;;BANANAS;SEASHELLS;4915.0;2
-1;395900;;;BANANAS;SEASHELLS;4919.0;2
-1;395900;;;PEARLS;SEASHELLS;9998.0;1
-1;396000;;;BANANAS;SEASHELLS;4919.0;10
-1;396000;;;BANANAS;SEASHELLS;4919.0;3
-1;396200;;;PEARLS;SEASHELLS;10004.0;1
-1;396200;;;BANANAS;SEASHELLS;4922.0;1
-1;396300;;;PEARLS;SEASHELLS;10002.0;1
-1;396300;;;BANANAS;SEASHELLS;4915.0;1
-1;396500;;;PEARLS;SEASHELLS;9995.0;2
-1;396500;;;BANANAS;SEASHELLS;4915.0;2
-1;396600;;;BANANAS;SEASHELLS;4916.0;1
-1;396900;;;PINA_COLADAS;SEASHELLS;15113.0;2
-1;396900;;;COCONUTS;SEASHELLS;8048.0;14
-1;397100;;;PEARLS;SEASHELLS;9995.0;6
-1;397500;;;BANANAS;SEASHELLS;4917.0;1
-1;397900;;;COCONUTS;SEASHELLS;8045.0;62
-1;397900;;;PEARLS;SEASHELLS;9995.0;2
-1;397900;;;BANANAS;SEASHELLS;4918.0;2
-1;398400;;;BANANAS;SEASHELLS;4924.0;1
-1;398500;;;BANANAS;SEASHELLS;4920.0;1
-1;398700;;;PEARLS;SEASHELLS;9996.0;1
-1;398700;;;BANANAS;SEASHELLS;4919.0;1
-1;399100;;;PEARLS;SEASHELLS;10002.0;1
-1;399300;;;BANANAS;SEASHELLS;4922.0;1
-1;399400;;;BANANAS;SEASHELLS;4922.0;2
-1;399400;;;PEARLS;SEASHELLS;9996.0;1
-1;399400;;;PEARLS;SEASHELLS;9996.0;1
-1;400000;;;BANANAS;SEASHELLS;4922.0;4
-1;400500;;;BANANAS;SEASHELLS;4928.0;1
-1;400600;;;COCONUTS;SEASHELLS;8039.0;7
-1;401300;;;PEARLS;SEASHELLS;9996.0;2
-1;401300;;;BANANAS;SEASHELLS;4923.0;2
-1;402300;;;BANANAS;SEASHELLS;4924.0;3
-1;402400;;;BANANAS;SEASHELLS;4928.0;1
-1;403000;;;BANANAS;SEASHELLS;4928.0;2
-1;403100;;;PEARLS;SEASHELLS;9995.0;1
-1;403100;;;BANANAS;SEASHELLS;4921.0;1
-1;403300;;;PINA_COLADAS;SEASHELLS;15078.0;11
-1;403300;;;PEARLS;SEASHELLS;10002.0;2
-1;403300;;;BANANAS;SEASHELLS;4924.0;6
-1;403400;;;BANANAS;SEASHELLS;4928.0;2
-1;403400;;;PEARLS;SEASHELLS;10004.0;2
-1;403400;;;BANANAS;SEASHELLS;4928.0;3
-1;403500;;;BANANAS;SEASHELLS;4928.0;2
-1;403500;;;PEARLS;SEASHELLS;10005.0;2
-1;403700;;;BANANAS;SEASHELLS;4926.0;1
-1;403700;;;PEARLS;SEASHELLS;10002.0;1
-1;403900;;;PEARLS;SEASHELLS;9998.0;5
-1;404100;;;PEARLS;SEASHELLS;9998.0;1
-1;404400;;;PEARLS;SEASHELLS;9998.0;2
-1;404600;;;BANANAS;SEASHELLS;4927.0;1
-1;404600;;;PEARLS;SEASHELLS;10002.0;1
-1;404700;;;BANANAS;SEASHELLS;4923.0;1
-1;404800;;;PEARLS;SEASHELLS;9998.0;1
-1;405100;;;BANANAS;SEASHELLS;4921.0;1
-1;405300;;;BANANAS;SEASHELLS;4927.0;1
-1;405400;;;PEARLS;SEASHELLS;10002.0;1
-1;405600;;;BANANAS;SEASHELLS;4921.0;1
-1;405700;;;BANANAS;SEASHELLS;4921.0;1
-1;405800;;;PEARLS;SEASHELLS;10002.0;1
-1;406100;;;BANANAS;SEASHELLS;4927.0;13
-1;406300;;;PEARLS;SEASHELLS;9998.0;4
-1;406500;;;PINA_COLADAS;SEASHELLS;15058.0;20
-1;406700;;;COCONUTS;SEASHELLS;8026.0;25
-1;407200;;;PINA_COLADAS;SEASHELLS;15059.0;15
-1;407300;;;BANANAS;SEASHELLS;4920.0;1
-1;407400;;;PEARLS;SEASHELLS;9996.0;2
-1;407400;;;PINA_COLADAS;SEASHELLS;15056.0;5
-1;407400;;;COCONUTS;SEASHELLS;8026.0;30
-1;407800;;;BANANAS;SEASHELLS;4917.0;1
-1;407900;;;BANANAS;SEASHELLS;4920.0;4
-1;408000;;;PEARLS;SEASHELLS;10002.0;3
-1;408300;;;PEARLS;SEASHELLS;10002.0;1
-1;408700;;;BANANAS;SEASHELLS;4923.0;1
-1;408800;;;BANANAS;SEASHELLS;4917.0;4
-1;409100;;;PEARLS;SEASHELLS;10002.0;1
-1;409100;;;BANANAS;SEASHELLS;4924.0;5
-1;409300;;;PEARLS;SEASHELLS;10000.0;2
-1;409300;;;BANANAS;SEASHELLS;4924.0;2
-1;409500;;;PEARLS;SEASHELLS;10004.0;1
-1;410100;;;BANANAS;SEASHELLS;4924.0;4
-1;410500;;;PEARLS;SEASHELLS;9998.0;5
-1;410700;;;BANANAS;SEASHELLS;4919.0;6
-1;410800;;;BANANAS;SEASHELLS;4922.0;1
-1;410900;;;PEARLS;SEASHELLS;9996.0;6
-1;410900;;;PEARLS;SEASHELLS;9996.0;1
-1;411000;;;PEARLS;SEASHELLS;9996.0;1
-1;411000;;;BANANAS;SEASHELLS;4917.0;1
-1;411100;;;BANANAS;SEASHELLS;4917.0;1
-1;411100;;;PEARLS;SEASHELLS;10005.0;1
-1;411200;;;PINA_COLADAS;SEASHELLS;15044.0;15
-1;411400;;;BANANAS;SEASHELLS;4917.0;1
-1;411500;;;PEARLS;SEASHELLS;9998.0;1
-1;411500;;;BANANAS;SEASHELLS;4917.0;1
-1;411700;;;BANANAS;SEASHELLS;4917.0;1
-1;411800;;;PEARLS;SEASHELLS;9998.0;1
-1;411800;;;BANANAS;SEASHELLS;4918.0;5
-1;411900;;;BANANAS;SEASHELLS;4917.0;1
-1;412000;;;BANANAS;SEASHELLS;4917.0;1
-1;412200;;;BANANAS;SEASHELLS;4924.0;1
-1;412200;;;PEARLS;SEASHELLS;10004.0;1
-1;412400;;;PEARLS;SEASHELLS;9996.0;1
-1;412400;;;BANANAS;SEASHELLS;4915.0;1
-1;412800;;;COCONUTS;SEASHELLS;8019.0;68
-1;412800;;;PEARLS;SEASHELLS;10005.0;5
-1;412900;;;BANANAS;SEASHELLS;4921.0;5
-1;413400;;;BANANAS;SEASHELLS;4917.0;11
-1;413400;;;BANANAS;SEASHELLS;4924.0;1
-1;413400;;;PEARLS;SEASHELLS;10002.0;1
-1;413400;;;BANANAS;SEASHELLS;4922.0;10
-1;413700;;;PINA_COLADAS;SEASHELLS;15057.0;5
-1;413800;;;BANANAS;SEASHELLS;4919.0;1
-1;413800;;;BANANAS;SEASHELLS;4919.0;4
-1;413900;;;BANANAS;SEASHELLS;4922.0;5
-1;413900;;;PEARLS;SEASHELLS;10002.0;1
-1;414100;;;BANANAS;SEASHELLS;4925.0;4
-1;414300;;;BANANAS;SEASHELLS;4918.0;11
-1;414500;;;PEARLS;SEASHELLS;10002.0;3
-1;414800;;;PEARLS;SEASHELLS;10002.0;1
-1;414900;;;BANANAS;SEASHELLS;4919.0;2
-1;415000;;;BANANAS;SEASHELLS;4919.0;2
-1;415000;;;PEARLS;SEASHELLS;9996.0;2
-1;415100;;;BANANAS;SEASHELLS;4924.0;1
-1;415300;;;PEARLS;SEASHELLS;10002.0;1
-1;415400;;;COCONUTS;SEASHELLS;8025.0;30
-1;415500;;;PEARLS;SEASHELLS;10002.0;1
-1;415500;;;BANANAS;SEASHELLS;4927.0;13
-1;415600;;;BANANAS;SEASHELLS;4920.0;3
-1;415600;;;BANANAS;SEASHELLS;4920.0;2
-1;415600;;;COCONUTS;SEASHELLS;8025.0;27
-1;415700;;;COCONUTS;SEASHELLS;8025.0;48
-1;415800;;;BANANAS;SEASHELLS;4921.0;3
-1;415800;;;BANANAS;SEASHELLS;4920.0;1
-1;415900;;;PEARLS;SEASHELLS;9998.0;1
-1;416000;;;BANANAS;SEASHELLS;4920.0;1
-1;416100;;;PEARLS;SEASHELLS;10002.0;1
-1;416100;;;PEARLS;SEASHELLS;9996.0;6
-1;416100;;;PEARLS;SEASHELLS;9996.0;2
-1;416400;;;PINA_COLADAS;SEASHELLS;15057.0;2
-1;416600;;;PEARLS;SEASHELLS;9998.0;1
-1;416800;;;PEARLS;SEASHELLS;10004.0;2
-1;416800;;;PEARLS;SEASHELLS;10004.0;7
-1;417000;;;BANANAS;SEASHELLS;4925.0;1
-1;417000;;;PEARLS;SEASHELLS;10002.0;1
-1;417100;;;COCONUTS;SEASHELLS;8016.0;6
-1;417200;;;BANANAS;SEASHELLS;4925.0;1
-1;417700;;;BANANAS;SEASHELLS;4926.0;1
-1;417700;;;PEARLS;SEASHELLS;10002.0;2
-1;418100;;;PEARLS;SEASHELLS;10004.0;2
-1;418100;;;PEARLS;SEASHELLS;10004.0;9
-1;418100;;;PEARLS;SEASHELLS;10002.0;1
-1;418100;;;PINA_COLADAS;SEASHELLS;15054.0;37
-1;418400;;;PEARLS;SEASHELLS;10004.0;1
-1;418500;;;PEARLS;SEASHELLS;10004.0;1
-1;418500;;;PEARLS;SEASHELLS;10004.0;3
-1;418700;;;BANANAS;SEASHELLS;4927.0;1
-1;419000;;;PEARLS;SEASHELLS;10002.0;4
-1;419000;;;PEARLS;SEASHELLS;10002.0;2
-1;419100;;;PINA_COLADAS;SEASHELLS;15056.0;7
-1;419300;;;PINA_COLADAS;SEASHELLS;15053.0;24
-1;419300;;;PINA_COLADAS;SEASHELLS;15053.0;5
-1;419400;;;COCONUTS;SEASHELLS;8023.0;51
-1;419400;;;BANANAS;SEASHELLS;4924.0;1
-1;419400;;;PEARLS;SEASHELLS;9998.0;2
-1;419400;;;COCONUTS;SEASHELLS;8023.0;14
-1;419500;;;BANANAS;SEASHELLS;4922.0;2
-1;419500;;;PEARLS;SEASHELLS;9996.0;2
-1;420500;;;PEARLS;SEASHELLS;9998.0;1
-1;420600;;;COCONUTS;SEASHELLS;8027.0;9
-1;420700;;;BANANAS;SEASHELLS;4925.0;1
-1;420800;;;BANANAS;SEASHELLS;4919.0;1
-1;420800;;;PEARLS;SEASHELLS;10004.0;2
-1;420800;;;PEARLS;SEASHELLS;10004.0;1
-1;421000;;;BANANAS;SEASHELLS;4920.0;3
-1;421000;;;BANANAS;SEASHELLS;4920.0;1
-1;421200;;;PEARLS;SEASHELLS;9998.0;1
-1;421200;;;COCONUTS;SEASHELLS;8023.0;67
-1;421200;;;COCONUTS;SEASHELLS;8023.0;3
-1;421200;;;BANANAS;SEASHELLS;4919.0;1
-1;421300;;;PEARLS;SEASHELLS;9998.0;5
-1;422200;;;PEARLS;SEASHELLS;9998.0;2
-1;422500;;;PEARLS;SEASHELLS;9998.0;1
-1;422700;;;PEARLS;SEASHELLS;9995.0;1
-1;422700;;;BANANAS;SEASHELLS;4917.0;1
-1;423500;;;BANANAS;SEASHELLS;4915.0;2
-1;423500;;;PEARLS;SEASHELLS;9995.0;2
-1;423500;;;BANANAS;SEASHELLS;4915.0;1
-1;423900;;;PEARLS;SEASHELLS;10002.0;1
-1;424200;;;BANANAS;SEASHELLS;4913.0;1
-1;424300;;;BANANAS;SEASHELLS;4918.0;1
-1;424600;;;BANANAS;SEASHELLS;4913.0;11
-1;424800;;;BANANAS;SEASHELLS;4913.0;1
-1;425100;;;BANANAS;SEASHELLS;4912.0;2
-1;425100;;;PEARLS;SEASHELLS;9996.0;2
-1;425400;;;PEARLS;SEASHELLS;9996.0;2
-1;425400;;;BANANAS;SEASHELLS;4913.0;2
-1;425500;;;PEARLS;SEASHELLS;10004.0;2
-1;425500;;;BANANAS;SEASHELLS;4919.0;2
-1;426000;;;PEARLS;SEASHELLS;9998.0;1
-1;426400;;;BANANAS;SEASHELLS;4916.0;1
-1;427300;;;PEARLS;SEASHELLS;10005.0;2
-1;427300;;;BANANAS;SEASHELLS;4918.0;2
-1;427600;;;COCONUTS;SEASHELLS;8029.0;10
-1;427600;;;BANANAS;SEASHELLS;4912.0;2
