day;timestamp;buyer;seller;symbol;currency;price;quantity
0;100;;;PEARLS;SEASHELLS;10002.0;1
0;300;;;PEARLS;SEASHELLS;9998.0;2
0;300;;;PEARLS;SEASHELLS;9998.0;1
0;400;;;BANANAS;SEASHELLS;4899.0;9
0;500;;;BANANAS;SEASHELLS;4899.0;1
0;500;;;PEARLS;SEASHELLS;10004.0;1
0;500;;;PEARLS;SEASHELLS;10002.0;1
0;1400;;;BANANAS;SEASHELLS;4891.0;1
0;1500;;;BANANAS;SEASHELLS;4896.0;1
0;1500;;;PEARLS;SEASHELLS;10002.0;1
0;1700;;;PEARLS;SEASHELLS;10005.0;6
0;2200;;;BANANAS;SEASHELLS;4896.0;16
0;2400;;;BANANAS;SEASHELLS;4894.0;3
0;2500;;;BANANAS;SEASHELLS;4891.0;5
0;2700;;;PEARLS;SEASHELLS;9998.0;5
0;2800;;;BANANAS;SEASHELLS;4895.0;1
0;2900;;;PEARLS;SEASHELLS;9998.0;1
0;3100;;;BANANAS;SEASHELLS;4891.0;1
0;3300;;;PEARLS;SEASHELLS;9996.0;2
0;3300;;;PEARLS;SEASHELLS;9996.0;2
0;3700;;;BANANAS;SEASHELLS;4897.0;1
0;4200;;;BANANAS;SEASHELLS;4893.0;2
0;4200;;;BANANAS;SEASHELLS;4893.0;10
0;4300;;;BANANAS;SEASHELLS;4892.0;1
0;4300;;;PEARLS;SEASHELLS;9996.0;2
0;4300;;;PEARLS;SEASHELLS;9996.0;1
0;4300;;;PEARLS;SEASHELLS;9995.0;1
0;4400;;;BANANAS;SEASHELLS;4893.0;1
0;4400;;;PEARLS;SEASHELLS;9998.0;1
0;4700;;;BANANAS;SEASHELLS;4893.0;8
0;4700;;;BANANAS;SEASHELLS;4893.0;4
0;4800;;;BANANAS;SEASHELLS;4898.0;1
0;4800;;;PEARLS;SEASHELLS;10002.0;3
0;4900;;;PEARLS;SEASHELLS;9998.0;4
0;4900;;;PEARLS;SEASHELLS;9998.0;1
0;5100;;;BANANAS;SEASHELLS;4894.0;1
0;5100;;;BANANAS;SEASHELLS;4894.0;2
0;6200;;;BANANAS;SEASHELLS;4895.0;12
0;6200;;;BANANAS;SEASHELLS;4895.0;1
0;6300;;;BANANAS;SEASHELLS;4901.0;6
0;6300;;;BANANAS;SEASHELLS;4894.0;1
0;6600;;;BANANAS;SEASHELLS;4901.0;18
0;6700;;;PEARLS;SEASHELLS;10002.0;4
0;6800;;;PEARLS;SEASHELLS;9996.0;1
0;6800;;;PEARLS;SEASHELLS;9998.0;1
0;6800;;;PEARLS;SEASHELLS;9996.0;1
0;6800;;;BANANAS;SEASHELLS;4894.0;1
0;6800;;;BANANAS;SEASHELLS;4894.0;1
0;7200;;;BANANAS;SEASHELLS;4899.0;1
0;7200;;;PEARLS;SEASHELLS;10004.0;1
0;7400;;;PEARLS;SEASHELLS;10002.0;1
0;7600;;;BANANAS;SEASHELLS;4895.0;2
0;7700;;;BANANAS;SEASHELLS;4900.0;1
0;7700;;;BANANAS;SEASHELLS;4901.0;1
0;7700;;;PEARLS;SEASHELLS;10005.0;1
0;7800;;;BANANAS;SEASHELLS;4900.0;1
0;7900;;;BANANAS;SEASHELLS;4900.0;1
0;7900;;;PEARLS;SEASHELLS;10002.0;1
0;8200;;;BANANAS;SEASHELLS;4901.0;2
0;8200;;;PEARLS;SEASHELLS;9998.0;1
0;8700;;;BANANAS;SEASHELLS;4898.0;1
0;8900;;;PEARLS;SEASHELLS;10002.0;5
0;9600;;;BANANAS;SEASHELLS;4896.0;1
0;10300;;;PEARLS;SEASHELLS;10004.0;2
0;10300;;;BANANAS;SEASHELLS;4896.0;2
0;10600;;;PEARLS;SEASHELLS;9998.0;1
0;10600;;;PEARLS;SEASHELLS;9998.0;1
0;10800;;;PEARLS;SEASHELLS;10002.0;1
0;10800;;;BANANAS;SEASHELLS;4895.0;1
0;11100;;;PEARLS;SEASHELLS;9996.0;2
0;11300;;;BANANAS;SEASHELLS;4898.0;1
0;11400;;;PEARLS;SEASHELLS;9998.0;1
0;12100;;;PEARLS;SEASHELLS;10002.0;1
0;12300;;;PEARLS;SEASHELLS;10002.0;1
0;12500;;;PEARLS;SEASHELLS;10002.0;5
0;13700;;;PEARLS;SEASHELLS;9998.0;1
0;14000;;;PEARLS;SEASHELLS;9996.0;1
0;14000;;;BANANAS;SEASHELLS;4899.0;1
0;14300;;;BANANAS;SEASHELLS;4894.0;1
0;14500;;;BANANAS;SEASHELLS;4894.0;1
0;14800;;;BANANAS;SEASHELLS;4894.0;1
0;15100;;;BANANAS;SEASHELLS;4899.0;1
0;15100;;;PEARLS;SEASHELLS;10002.0;1
0;15400;;;PEARLS;SEASHELLS;10002.0;1
0;15400;;;BANANAS;SEASHELLS;4898.0;1
0;15800;;;PEARLS;SEASHELLS;9998.0;4
0;16000;;;BANANAS;SEASHELLS;4892.0;10
0;16700;;;BANANAS;SEASHELLS;4893.0;1
0;16800;;;BANANAS;SEASHELLS;4898.0;2
0;16800;;;PEARLS;SEASHELLS;10002.0;2
0;17100;;;BANANAS;SEASHELLS;4894.0;1
0;17300;;;BANANAS;SEASHELLS;4895.0;2
0;17300;;;PEARLS;SEASHELLS;9998.0;1
0;18600;;;PEARLS;SEASHELLS;10002.0;1
0;18900;;;PEARLS;SEASHELLS;10004.0;1
0;18900;;;BANANAS;SEASHELLS;4901.0;2
0;19000;;;BANANAS;SEASHELLS;4894.0;1
0;20100;;;PEARLS;SEASHELLS;9998.0;1
0;20300;;;BANANAS;SEASHELLS;4893.0;10
0;20600;;;PEARLS;SEASHELLS;10004.0;1
0;20600;;;BANANAS;SEASHELLS;4899.0;1
0;20800;;;BANANAS;SEASHELLS;4896.0;1
0;20900;;;PEARLS;SEASHELLS;10004.0;1
0;21100;;;BANANAS;SEASHELLS;4891.0;1
0;21100;;;BANANAS;SEASHELLS;4891.0;1
0;21100;;;PEARLS;SEASHELLS;9998.0;1
0;21100;;;PEARLS;SEASHELLS;9998.0;1
0;21300;;;BANANAS;SEASHELLS;4891.0;1
0;21500;;;BANANAS;SEASHELLS;4896.0;4
0;21600;;;PEARLS;SEASHELLS;10002.0;1
0;21600;;;BANANAS;SEASHELLS;4892.0;1
0;21800;;;BANANAS;SEASHELLS;4893.0;1
0;21900;;;BANANAS;SEASHELLS;4893.0;1
0;21900;;;PEARLS;SEASHELLS;9996.0;1
0;22000;;;BANANAS;SEASHELLS;4892.0;1
0;22000;;;PEARLS;SEASHELLS;10000.0;2
0;22100;;;BANANAS;SEASHELLS;4892.0;1
0;22100;;;PEARLS;SEASHELLS;9996.0;1
0;22400;;;PEARLS;SEASHELLS;10002.0;1
0;22400;;;PEARLS;SEASHELLS;10002.0;2
0;22500;;;PEARLS;SEASHELLS;10002.0;6
0;23200;;;BANANAS;SEASHELLS;4891.0;14
0;23200;;;PEARLS;SEASHELLS;9998.0;1
0;23600;;;BANANAS;SEASHELLS;4895.0;3
0;23900;;;BANANAS;SEASHELLS;4896.0;1
0;24200;;;PEARLS;SEASHELLS;9998.0;1
0;24300;;;PEARLS;SEASHELLS;10002.0;1
0;24300;;;PEARLS;SEASHELLS;10002.0;5
0;24500;;;PEARLS;SEASHELLS;9998.0;1
0;24500;;;BANANAS;SEASHELLS;4894.0;4
0;24500;;;PEARLS;SEASHELLS;9998.0;1
0;24500;;;BANANAS;SEASHELLS;4894.0;1
0;24700;;;BANANAS;SEASHELLS;4896.0;1
0;24700;;;PEARLS;SEASHELLS;10004.0;1
0;25100;;;BANANAS;SEASHELLS;4892.0;6
0;25100;;;BANANAS;SEASHELLS;4892.0;2
0;25100;;;BANANAS;SEASHELLS;4892.0;1
0;25100;;;PEARLS;SEASHELLS;10005.0;2
0;25200;;;BANANAS;SEASHELLS;4890.0;1
0;25300;;;BANANAS;SEASHELLS;4890.0;1
0;25300;;;PEARLS;SEASHELLS;9996.0;1
0;25400;;;PEARLS;SEASHELLS;10004.0;1
0;25400;;;BANANAS;SEASHELLS;4896.0;1
0;26400;;;BANANAS;SEASHELLS;4888.0;1
0;26500;;;BANANAS;SEASHELLS;4893.0;1
0;26500;;;PEARLS;SEASHELLS;10002.0;2
0;26500;;;BANANAS;SEASHELLS;4893.0;2
0;26600;;;PEARLS;SEASHELLS;10002.0;3
0;26900;;;PEARLS;SEASHELLS;9998.0;1
0;27200;;;BANANAS;SEASHELLS;4893.0;3
0;27400;;;PEARLS;SEASHELLS;10004.0;1
0;27500;;;BANANAS;SEASHELLS;4890.0;1
0;27600;;;PEARLS;SEASHELLS;9998.0;1
0;27700;;;BANANAS;SEASHELLS;4895.0;3
0;27700;;;PEARLS;SEASHELLS;9996.0;4
0;27700;;;PEARLS;SEASHELLS;9996.0;2
0;27900;;;PEARLS;SEASHELLS;9998.0;4
0;28000;;;BANANAS;SEASHELLS;4893.0;1
0;28000;;;PEARLS;SEASHELLS;10002.0;1
0;28100;;;PEARLS;SEASHELLS;9995.0;1
0;28100;;;BANANAS;SEASHELLS;4888.0;1
0;28600;;;BANANAS;SEASHELLS;4888.0;1
0;28700;;;PEARLS;SEASHELLS;9996.0;1
0;28700;;;PEARLS;SEASHELLS;9996.0;7
0;29000;;;BANANAS;SEASHELLS;4894.0;1
0;29000;;;PEARLS;SEASHELLS;10005.0;1
0;29200;;;PEARLS;SEASHELLS;10002.0;1
0;29200;;;PEARLS;SEASHELLS;10002.0;1
0;29300;;;BANANAS;SEASHELLS;4888.0;1
0;29400;;;BANANAS;SEASHELLS;4892.0;4
0;29900;;;PEARLS;SEASHELLS;10002.0;4
0;30000;;;BANANAS;SEASHELLS;4893.0;1
0;30600;;;BANANAS;SEASHELLS;4893.0;2
0;30700;;;BANANAS;SEASHELLS;4891.0;3
0;30700;;;BANANAS;SEASHELLS;4891.0;1
0;31200;;;BANANAS;SEASHELLS;4887.0;1
0;31500;;;BANANAS;SEASHELLS;4888.0;1
0;31700;;;PEARLS;SEASHELLS;9998.0;3
0;31700;;;PEARLS;SEASHELLS;9998.0;1
0;31700;;;BANANAS;SEASHELLS;4892.0;1
0;32000;;;PEARLS;SEASHELLS;10002.0;1
0;32200;;;BANANAS;SEASHELLS;4892.0;1
0;32300;;;PEARLS;SEASHELLS;10002.0;1
0;32400;;;BANANAS;SEASHELLS;4886.0;1
0;32700;;;PEARLS;SEASHELLS;10002.0;1
0;33600;;;BANANAS;SEASHELLS;4885.0;1
0;33700;;;PEARLS;SEASHELLS;9998.0;1
0;33700;;;BANANAS;SEASHELLS;4885.0;7
0;33800;;;PEARLS;SEASHELLS;10002.0;1
0;33900;;;PEARLS;SEASHELLS;10005.0;2
0;33900;;;BANANAS;SEASHELLS;4891.0;2
0;34100;;;BANANAS;SEASHELLS;4885.0;1
0;34200;;;BANANAS;SEASHELLS;4885.0;1
0;34200;;;PEARLS;SEASHELLS;9995.0;2
0;34200;;;PEARLS;SEASHELLS;9996.0;1
0;34200;;;BANANAS;SEASHELLS;4885.0;1
0;34200;;;PEARLS;SEASHELLS;9996.0;2
0;34300;;;BANANAS;SEASHELLS;4885.0;1
0;34400;;;BANANAS;SEASHELLS;4884.0;1
0;34700;;;PEARLS;SEASHELLS;9998.0;5
0;34800;;;PEARLS;SEASHELLS;10002.0;1
0;34900;;;BANANAS;SEASHELLS;4884.0;1
0;34900;;;BANANAS;SEASHELLS;4884.0;2
0;35500;;;BANANAS;SEASHELLS;4883.0;1
0;35600;;;BANANAS;SEASHELLS;4883.0;1
0;35700;;;PEARLS;SEASHELLS;10002.0;1
0;35700;;;PEARLS;SEASHELLS;10002.0;1
0;35900;;;BANANAS;SEASHELLS;4884.0;1
0;36000;;;PEARLS;SEASHELLS;9998.0;1
0;36300;;;BANANAS;SEASHELLS;4884.0;1
0;36500;;;PEARLS;SEASHELLS;9996.0;1
0;36700;;;BANANAS;SEASHELLS;4889.0;1
0;36700;;;BANANAS;SEASHELLS;4885.0;1
0;36700;;;PEARLS;SEASHELLS;10002.0;1
0;36800;;;PEARLS;SEASHELLS;10002.0;1
0;37100;;;BANANAS;SEASHELLS;4889.0;1
0;37200;;;PEARLS;SEASHELLS;9998.0;1
0;37300;;;PEARLS;SEASHELLS;10002.0;7
0;37300;;;PEARLS;SEASHELLS;10002.0;5
0;37700;;;BANANAS;SEASHELLS;4888.0;1
0;37800;;;BANANAS;SEASHELLS;4883.0;4
0;37900;;;BANANAS;SEASHELLS;4884.0;1
0;38100;;;BANANAS;SEASHELLS;4883.0;1
0;38200;;;PEARLS;SEASHELLS;9998.0;2
0;38200;;;PEARLS;SEASHELLS;9998.0;5
0;38300;;;BANANAS;SEASHELLS;4883.0;6
0;38400;;;BANANAS;SEASHELLS;4883.0;1
0;38500;;;PEARLS;SEASHELLS;10002.0;1
0;38500;;;BANANAS;SEASHELLS;4888.0;1
0;38600;;;PEARLS;SEASHELLS;10002.0;5
0;38900;;;PEARLS;SEASHELLS;10002.0;4
0;39400;;;BANANAS;SEASHELLS;4891.0;1
0;39400;;;PEARLS;SEASHELLS;10004.0;1
0;39600;;;PEARLS;SEASHELLS;10005.0;2
0;39700;;;PEARLS;SEASHELLS;10005.0;8
0;39700;;;PEARLS;SEASHELLS;9995.0;2
0;39700;;;BANANAS;SEASHELLS;4890.0;1
0;39700;;;PEARLS;SEASHELLS;10005.0;1
0;40000;;;BANANAS;SEASHELLS;4888.0;5
0;40100;;;PEARLS;SEASHELLS;10002.0;1
0;40300;;;PEARLS;SEASHELLS;9996.0;1
0;40300;;;PEARLS;SEASHELLS;9996.0;5
0;41000;;;BANANAS;SEASHELLS;4886.0;4
0;41400;;;BANANAS;SEASHELLS;4885.0;1
0;41500;;;PEARLS;SEASHELLS;9998.0;1
0;42200;;;BANANAS;SEASHELLS;4887.0;2
0;42200;;;PEARLS;SEASHELLS;9995.0;2
0;42300;;;PEARLS;SEASHELLS;10005.0;1
0;42300;;;BANANAS;SEASHELLS;4892.0;1
0;42300;;;BANANAS;SEASHELLS;4894.0;1
0;42500;;;BANANAS;SEASHELLS;4886.0;3
0;42500;;;BANANAS;SEASHELLS;4886.0;1
0;42700;;;BANANAS;SEASHELLS;4886.0;1
0;43200;;;PEARLS;SEASHELLS;10002.0;1
0;43400;;;BANANAS;SEASHELLS;4887.0;1
0;43800;;;PEARLS;SEASHELLS;9998.0;1
0;44000;;;PEARLS;SEASHELLS;10002.0;4
0;44100;;;BANANAS;SEASHELLS;4886.0;2
0;44100;;;PEARLS;SEASHELLS;9996.0;2
0;44100;;;BANANAS;SEASHELLS;4887.0;1
0;44200;;;PEARLS;SEASHELLS;9998.0;2
0;44500;;;PEARLS;SEASHELLS;9996.0;1
0;44500;;;BANANAS;SEASHELLS;4886.0;1
0;44700;;;PEARLS;SEASHELLS;9996.0;1
0;44700;;;BANANAS;SEASHELLS;4886.0;1
0;45100;;;PEARLS;SEASHELLS;9998.0;1
0;45300;;;PEARLS;SEASHELLS;9998.0;1
0;45300;;;BANANAS;SEASHELLS;4888.0;1
0;45600;;;BANANAS;SEASHELLS;4894.0;1
0;46000;;;PEARLS;SEASHELLS;9998.0;5
0;46000;;;PEARLS;SEASHELLS;9996.0;2
0;46000;;;PEARLS;SEASHELLS;9996.0;1
0;46100;;;BANANAS;SEASHELLS;4891.0;1
0;46200;;;BANANAS;SEASHELLS;4892.0;2
0;46500;;;BANANAS;SEASHELLS;4891.0;1
0;46800;;;PEARLS;SEASHELLS;9998.0;1
0;46900;;;BANANAS;SEASHELLS;4895.0;1
0;47000;;;PEARLS;SEASHELLS;9995.0;2
0;47000;;;BANANAS;SEASHELLS;4889.0;2
0;47100;;;BANANAS;SEASHELLS;4890.0;1
0;47200;;;BANANAS;SEASHELLS;4895.0;1
0;47600;;;BANANAS;SEASHELLS;4889.0;2
0;47600;;;PEARLS;SEASHELLS;9995.0;2
0;47700;;;PEARLS;SEASHELLS;9998.0;1
0;48300;;;BANANAS;SEASHELLS;4895.0;1
0;48700;;;PEARLS;SEASHELLS;10002.0;2
0;48900;;;BANANAS;SEASHELLS;4890.0;1
0;49100;;;BANANAS;SEASHELLS;4891.0;2
0;49100;;;PEARLS;SEASHELLS;9998.0;2
0;49300;;;BANANAS;SEASHELLS;4896.0;1
0;49700;;;PEARLS;SEASHELLS;10002.0;1
0;49800;;;PEARLS;SEASHELLS;9998.0;1
0;49900;;;PEARLS;SEASHELLS;10002.0;1
0;50100;;;PEARLS;SEASHELLS;10004.0;2
0;50100;;;BANANAS;SEASHELLS;4896.0;2
0;50300;;;PEARLS;SEASHELLS;10002.0;1
0;50400;;;PEARLS;SEASHELLS;10002.0;4
0;50600;;;BANANAS;SEASHELLS;4895.0;1
0;50700;;;BANANAS;SEASHELLS;4891.0;1
0;50800;;;PEARLS;SEASHELLS;9998.0;1
0;52300;;;BANANAS;SEASHELLS;4897.0;1
0;52700;;;PEARLS;SEASHELLS;9998.0;1
0;52700;;;PEARLS;SEASHELLS;9995.0;2
0;52700;;;BANANAS;SEASHELLS;4891.0;2
0;53400;;;BANANAS;SEASHELLS;4893.0;1
0;53600;;;PEARLS;SEASHELLS;9998.0;2
0;53600;;;BANANAS;SEASHELLS;4893.0;1
0;54400;;;BANANAS;SEASHELLS;4892.0;1
0;54500;;;BANANAS;SEASHELLS;4892.0;1
0;54700;;;PEARLS;SEASHELLS;9998.0;1
0;55000;;;PEARLS;SEASHELLS;9998.0;1
0;55000;;;BANANAS;SEASHELLS;4900.0;1
0;55900;;;BANANAS;SEASHELLS;4901.0;3
0;56600;;;PEARLS;SEASHELLS;10004.0;1
0;56700;;;BANANAS;SEASHELLS;4894.0;1
0;56800;;;BANANAS;SEASHELLS;4894.0;1
0;57000;;;BANANAS;SEASHELLS;4893.0;2
0;57000;;;PEARLS;SEASHELLS;9995.0;2
0;57000;;;BANANAS;SEASHELLS;4893.0;4
0;57200;;;BANANAS;SEASHELLS;4896.0;2
0;57300;;;PEARLS;SEASHELLS;10002.0;1
0;57400;;;BANANAS;SEASHELLS;4893.0;1
0;58000;;;BANANAS;SEASHELLS;4893.0;1
0;58100;;;BANANAS;SEASHELLS;4893.0;1
0;58800;;;PEARLS;SEASHELLS;9998.0;1
0;58900;;;PEARLS;SEASHELLS;9998.0;1
0;59000;;;PEARLS;SEASHELLS;9998.0;9
0;59100;;;PEARLS;SEASHELLS;9998.0;2
0;59100;;;BANANAS;SEASHELLS;4894.0;12
0;59300;;;PEARLS;SEASHELLS;9998.0;1
0;59300;;;PEARLS;SEASHELLS;9998.0;2
0;59400;;;PEARLS;SEASHELLS;10002.0;3
0;59900;;;PEARLS;SEASHELLS;10004.0;2
0;59900;;;PEARLS;SEASHELLS;10002.0;1
0;59900;;;BANANAS;SEASHELLS;4900.0;2
0;60100;;;PEARLS;SEASHELLS;9998.0;1
0;60200;;;PEARLS;SEASHELLS;9998.0;1
0;60400;;;PEARLS;SEASHELLS;9998.0;2
0;60500;;;PEARLS;SEASHELLS;9996.0;1
0;60500;;;BANANAS;SEASHELLS;4893.0;1
0;61000;;;BANANAS;SEASHELLS;4900.0;1
0;61000;;;PEARLS;SEASHELLS;10004.0;1
0;61100;;;BANANAS;SEASHELLS;4895.0;2
0;61500;;;PEARLS;SEASHELLS;10002.0;6
0;62200;;;BANANAS;SEASHELLS;4892.0;1
0;62800;;;PEARLS;SEASHELLS;9996.0;7
0;62800;;;PEARLS;SEASHELLS;9996.0;1
0;62900;;;BANANAS;SEASHELLS;4900.0;1
0;62900;;;PEARLS;SEASHELLS;10004.0;1
0;63000;;;BANANAS;SEASHELLS;4899.0;2
0;63500;;;PEARLS;SEASHELLS;9998.0;1
0;63700;;;PEARLS;SEASHELLS;9998.0;1
0;63700;;;BANANAS;SEASHELLS;4895.0;1
0;63800;;;BANANAS;SEASHELLS;4894.0;1
0;63900;;;BANANAS;SEASHELLS;4895.0;1
0;64300;;;BANANAS;SEASHELLS;4902.0;5
0;64400;;;BANANAS;SEASHELLS;4894.0;1
0;64600;;;BANANAS;SEASHELLS;4895.0;1
0;64900;;;BANANAS;SEASHELLS;4895.0;1
0;65100;;;PEARLS;SEASHELLS;10004.0;1
0;65100;;;BANANAS;SEASHELLS;4902.0;1
0;65300;;;BANANAS;SEASHELLS;4900.0;1
0;65300;;;PEARLS;SEASHELLS;10002.0;1
0;65400;;;PEARLS;SEASHELLS;9998.0;1
0;66000;;;PEARLS;SEASHELLS;9996.0;1
0;66000;;;BANANAS;SEASHELLS;4894.0;2
0;66100;;;PEARLS;SEASHELLS;9995.0;6
0;66500;;;BANANAS;SEASHELLS;4892.0;10
0;66500;;;BANANAS;SEASHELLS;4892.0;1
0;67000;;;BANANAS;SEASHELLS;4893.0;5
0;67000;;;PEARLS;SEASHELLS;10002.0;4
0;67100;;;PEARLS;SEASHELLS;9996.0;1
0;67300;;;BANANAS;SEASHELLS;4891.0;1
0;67300;;;BANANAS;SEASHELLS;4891.0;17
0;67700;;;PEARLS;SEASHELLS;10002.0;1
0;68000;;;BANANAS;SEASHELLS;4892.0;16
0;68700;;;BANANAS;SEASHELLS;4899.0;18
0;69400;;;PEARLS;SEASHELLS;10002.0;4
0;69500;;;PEARLS;SEASHELLS;10002.0;1
0;69500;;;PEARLS;SEASHELLS;10002.0;1
0;69600;;;PEARLS;SEASHELLS;10002.0;1
0;69600;;;BANANAS;SEASHELLS;4898.0;1
0;69800;;;BANANAS;SEASHELLS;4895.0;1
0;70400;;;PEARLS;SEASHELLS;10002.0;5
0;70600;;;PEARLS;SEASHELLS;9996.0;2
0;70700;;;PEARLS;SEASHELLS;10002.0;2
0;70700;;;BANANAS;SEASHELLS;4899.0;2
0;70800;;;BANANAS;SEASHELLS;4895.0;1
0;70900;;;PEARLS;SEASHELLS;10005.0;1
0;70900;;;PEARLS;SEASHELLS;10005.0;12
0;70900;;;BANANAS;SEASHELLS;4901.0;1
0;71000;;;BANANAS;SEASHELLS;4899.0;1
0;71400;;;BANANAS;SEASHELLS;4896.0;1
0;72200;;;BANANAS;SEASHELLS;4893.0;9
0;72200;;;BANANAS;SEASHELLS;4893.0;1
0;72500;;;BANANAS;SEASHELLS;4899.0;1
0;72500;;;PEARLS;SEASHELLS;10004.0;1
0;73400;;;PEARLS;SEASHELLS;9998.0;1
0;73700;;;BANANAS;SEASHELLS;4898.0;1
0;74300;;;BANANAS;SEASHELLS;4897.0;1
0;74300;;;BANANAS;SEASHELLS;4892.0;11
0;74400;;;BANANAS;SEASHELLS;4891.0;1
0;74600;;;BANANAS;SEASHELLS;4891.0;1
0;74600;;;PEARLS;SEASHELLS;10004.0;2
0;74800;;;PEARLS;SEASHELLS;9998.0;2
0;74900;;;PEARLS;SEASHELLS;9998.0;1
0;75200;;;BANANAS;SEASHELLS;4895.0;7
0;75200;;;BANANAS;SEASHELLS;4895.0;6
0;75400;;;BANANAS;SEASHELLS;4896.0;5
0;75800;;;BANANAS;SEASHELLS;4899.0;1
0;75800;;;PEARLS;SEASHELLS;10004.0;1
0;76000;;;BANANAS;SEASHELLS;4892.0;20
0;77100;;;BANANAS;SEASHELLS;4894.0;1
0;77700;;;PEARLS;SEASHELLS;9998.0;1
0;78000;;;BANANAS;SEASHELLS;4895.0;1
0;78100;;;PEARLS;SEASHELLS;10002.0;1
0;78400;;;PEARLS;SEASHELLS;10004.0;5
0;78400;;;PEARLS;SEASHELLS;10004.0;2
0;78600;;;PEARLS;SEASHELLS;9996.0;2
0;78800;;;BANANAS;SEASHELLS;4900.0;1
0;79100;;;BANANAS;SEASHELLS;4895.0;1
0;79300;;;PEARLS;SEASHELLS;9996.0;1
0;79300;;;BANANAS;SEASHELLS;4895.0;1
0;79500;;;PEARLS;SEASHELLS;10004.0;1
0;79500;;;BANANAS;SEASHELLS;4902.0;1
0;79800;;;BANANAS;SEASHELLS;4900.0;1
0;79900;;;BANANAS;SEASHELLS;4894.0;2
0;79900;;;PEARLS;SEASHELLS;9998.0;2
0;80000;;;BANANAS;SEASHELLS;4894.0;1
0;80000;;;BANANAS;SEASHELLS;4894.0;1
0;80300;;;PEARLS;SEASHELLS;9998.0;3
0;80400;;;BANANAS;SEASHELLS;4899.0;1
0;80400;;;PEARLS;SEASHELLS;9998.0;1
0;80600;;;PEARLS;SEASHELLS;9998.0;1
0;80700;;;PEARLS;SEASHELLS;9998.0;1
0;81500;;;BANANAS;SEASHELLS;4894.0;1
0;81500;;;PEARLS;SEASHELLS;10002.0;1
0;81700;;;BANANAS;SEASHELLS;4895.0;1
0;81800;;;BANANAS;SEASHELLS;4900.0;1
0;82100;;;BANANAS;SEASHELLS;4900.0;19
0;82200;;;PEARLS;SEASHELLS;9998.0;4
0;82500;;;BANANAS;SEASHELLS;4898.0;1
0;83000;;;PEARLS;SEASHELLS;9998.0;1
0;83400;;;PEARLS;SEASHELLS;10002.0;1
0;83800;;;BANANAS;SEASHELLS;4900.0;1
0;83800;;;PEARLS;SEASHELLS;10005.0;1
0;84100;;;BANANAS;SEASHELLS;4896.0;1
0;84100;;;PEARLS;SEASHELLS;10002.0;1
0;84200;;;BANANAS;SEASHELLS;4892.0;2
0;84500;;;BANANAS;SEASHELLS;4891.0;1
0;84500;;;PEARLS;SEASHELLS;9996.0;1
0;84800;;;BANANAS;SEASHELLS;4896.0;1
0;84800;;;PEARLS;SEASHELLS;10002.0;1
0;85200;;;BANANAS;SEASHELLS;4896.0;1
0;85200;;;PEARLS;SEASHELLS;10002.0;1
0;85400;;;BANANAS;SEASHELLS;4896.0;1
0;85500;;;PEARLS;SEASHELLS;9998.0;7
0;85600;;;PEARLS;SEASHELLS;9996.0;2
0;85700;;;BANANAS;SEASHELLS;4891.0;3
0;85800;;;BANANAS;SEASHELLS;4892.0;1
0;85800;;;PEARLS;SEASHELLS;10002.0;1
0;85900;;;PEARLS;SEASHELLS;9996.0;1
0;86200;;;PEARLS;SEASHELLS;9998.0;2
0;86600;;;BANANAS;SEASHELLS;4896.0;1
0;86900;;;BANANAS;SEASHELLS;4895.0;1
0;87100;;;PEARLS;SEASHELLS;9998.0;1
0;87100;;;BANANAS;SEASHELLS;4895.0;4
0;87100;;;BANANAS;SEASHELLS;4895.0;6
0;87500;;;BANANAS;SEASHELLS;4895.0;1
0;87900;;;BANANAS;SEASHELLS;4895.0;1
0;88500;;;PEARLS;SEASHELLS;10002.0;1
0;88600;;;BANANAS;SEASHELLS;4895.0;8
0;88600;;;PEARLS;SEASHELLS;10002.0;1
0;88700;;;PEARLS;SEASHELLS;9995.0;8
0;88900;;;PEARLS;SEASHELLS;10002.0;1
0;88900;;;PEARLS;SEASHELLS;10002.0;4
0;89100;;;BANANAS;SEASHELLS;4895.0;2
0;89100;;;PEARLS;SEASHELLS;10005.0;2
0;89300;;;PEARLS;SEASHELLS;9996.0;2
0;89300;;;BANANAS;SEASHELLS;4888.0;2
0;89500;;;BANANAS;SEASHELLS;4893.0;1
0;89800;;;PEARLS;SEASHELLS;9998.0;1
0;89800;;;PEARLS;SEASHELLS;10004.0;1
0;89800;;;BANANAS;SEASHELLS;4893.0;1
0;89800;;;PEARLS;SEASHELLS;10005.0;2
0;90200;;;PEARLS;SEASHELLS;9998.0;2
0;90200;;;PEARLS;SEASHELLS;9998.0;1
0;90400;;;PEARLS;SEASHELLS;9996.0;1
0;91200;;;BANANAS;SEASHELLS;4893.0;1
0;91200;;;PEARLS;SEASHELLS;10002.0;1
0;91300;;;PEARLS;SEASHELLS;9998.0;2
0;91300;;;PEARLS;SEASHELLS;9998.0;1
0;91300;;;PEARLS;SEASHELLS;9998.0;7
0;91300;;;PEARLS;SEASHELLS;9998.0;0
0;91600;;;PEARLS;SEASHELLS;9998.0;1
0;91600;;;BANANAS;SEASHELLS;4889.0;1
0;91800;;;BANANAS;SEASHELLS;4890.0;2
0;91800;;;PEARLS;SEASHELLS;9998.0;3
0;91900;;;PEARLS;SEASHELLS;9998.0;1
0;92400;;;BANANAS;SEASHELLS;4895.0;17
0;92400;;;BANANAS;SEASHELLS;4894.0;1
0;93200;;;BANANAS;SEASHELLS;4895.0;2
0;93200;;;PEARLS;SEASHELLS;10004.0;10
0;93200;;;PEARLS;SEASHELLS;10005.0;2
0;93200;;;PEARLS;SEASHELLS;10002.0;3
0;93200;;;PEARLS;SEASHELLS;10004.0;2
0;93300;;;PEARLS;SEASHELLS;10002.0;1
0;93700;;;BANANAS;SEASHELLS;4894.0;1
0;94000;;;BANANAS;SEASHELLS;4894.0;1
0;94400;;;PEARLS;SEASHELLS;9998.0;1
0;95500;;;PEARLS;SEASHELLS;9998.0;1
0;95700;;;PEARLS;SEASHELLS;9998.0;1
0;95800;;;BANANAS;SEASHELLS;4891.0;2
0;95800;;;PEARLS;SEASHELLS;9998.0;1
0;95800;;;PEARLS;SEASHELLS;9996.0;2
0;96100;;;BANANAS;SEASHELLS;4892.0;4
0;96600;;;BANANAS;SEASHELLS;4891.0;1
0;96600;;;PEARLS;SEASHELLS;10002.0;1
0;96900;;;BANANAS;SEASHELLS;4897.0;1
0;97100;;;BANANAS;SEASHELLS;4898.0;1
0;97100;;;PEARLS;SEASHELLS;10004.0;1
0;97200;;;BANANAS;SEASHELLS;4892.0;17
0;97800;;;BANANAS;SEASHELLS;4899.0;1
0;97800;;;PEARLS;SEASHELLS;10005.0;1
0;98500;;;BANANAS;SEASHELLS;4892.0;2
0;98700;;;PEARLS;SEASHELLS;10004.0;2
0;98700;;;BANANAS;SEASHELLS;4897.0;2
0;98800;;;BANANAS;SEASHELLS;4893.0;2
0;98800;;;PEARLS;SEASHELLS;9996.0;1
0;98800;;;PEARLS;SEASHELLS;9998.0;1
0;98800;;;PEARLS;SEASHELLS;9996.0;1
0;98900;;;BANANAS;SEASHELLS;4890.0;7
0;99800;;;PEARLS;SEASHELLS;9998.0;1
0;99800;;;BANANAS;SEASHELLS;4890.0;1
0;99800;;;BANANAS;SEASHELLS;4891.0;8
0;99800;;;BANANAS;SEASHELLS;4891.0;3
0;100400;;;BANANAS;SEASHELLS;4893.0;1
0;100400;;;PEARLS;SEASHELLS;9998.0;1
0;100600;;;BANANAS;SEASHELLS;4897.0;1
0;100600;;;PEARLS;SEASHELLS;9998.0;1
0;100900;;;PEARLS;SEASHELLS;10002.0;1
0;101000;;;BANANAS;SEASHELLS;4894.0;9
0;101000;;;BANANAS;SEASHELLS;4894.0;6
0;101100;;;BANANAS;SEASHELLS;4899.0;1
0;101700;;;BANANAS;SEASHELLS;4896.0;1
0;101700;;;BANANAS;SEASHELLS;4895.0;1
0;101700;;;PEARLS;SEASHELLS;10002.0;1
0;102300;;;PEARLS;SEASHELLS;10005.0;1
0;102300;;;BANANAS;SEASHELLS;4895.0;1
0;102300;;;BANANAS;SEASHELLS;4901.0;1
0;102600;;;PEARLS;SEASHELLS;9998.0;1
0;102900;;;BANANAS;SEASHELLS;4901.0;1
0;103700;;;PEARLS;SEASHELLS;9998.0;1
0;103900;;;PEARLS;SEASHELLS;9998.0;1
0;104000;;;PEARLS;SEASHELLS;9998.0;2
0;104300;;;BANANAS;SEASHELLS;4896.0;3
0;104500;;;BANANAS;SEASHELLS;4897.0;5
0;104800;;;PEARLS;SEASHELLS;9998.0;2
0;105000;;;PEARLS;SEASHELLS;9995.0;5
0;105500;;;BANANAS;SEASHELLS;4898.0;1
0;105700;;;PEARLS;SEASHELLS;9998.0;3
0;106100;;;BANANAS;SEASHELLS;4902.0;8
0;106100;;;PEARLS;SEASHELLS;10002.0;1
0;106400;;;BANANAS;SEASHELLS;4898.0;1
0;106500;;;BANANAS;SEASHELLS;4904.0;1
0;106500;;;PEARLS;SEASHELLS;10005.0;1
0;106800;;;PEARLS;SEASHELLS;9998.0;1
0;106800;;;BANANAS;SEASHELLS;4899.0;1
0;107000;;;BANANAS;SEASHELLS;4898.0;1
0;107300;;;BANANAS;SEASHELLS;4903.0;5
0;107400;;;BANANAS;SEASHELLS;4906.0;10
0;107800;;;BANANAS;SEASHELLS;4898.0;1
0;107800;;;PEARLS;SEASHELLS;9996.0;1
0;107900;;;BANANAS;SEASHELLS;4904.0;1
0;108300;;;PEARLS;SEASHELLS;9998.0;1
0;108300;;;BANANAS;SEASHELLS;4899.0;1
0;108300;;;BANANAS;SEASHELLS;4900.0;6
0;108400;;;BANANAS;SEASHELLS;4900.0;9
0;108600;;;BANANAS;SEASHELLS;4900.0;1
0;108600;;;PEARLS;SEASHELLS;9998.0;4
0;108600;;;PEARLS;SEASHELLS;9998.0;1
0;108800;;;BANANAS;SEASHELLS;4904.0;1
0;108800;;;PEARLS;SEASHELLS;10004.0;2
0;108800;;;BANANAS;SEASHELLS;4905.0;2
0;108900;;;PEARLS;SEASHELLS;9996.0;1
0;108900;;;PEARLS;SEASHELLS;9996.0;5
0;109200;;;BANANAS;SEASHELLS;4903.0;3
0;109400;;;BANANAS;SEASHELLS;4898.0;1
0;109500;;;BANANAS;SEASHELLS;4903.0;10
0;109600;;;BANANAS;SEASHELLS;4898.0;1
0;109700;;;BANANAS;SEASHELLS;4905.0;1
0;109700;;;PEARLS;SEASHELLS;10004.0;1
0;110200;;;BANANAS;SEASHELLS;4899.0;1
0;110600;;;PEARLS;SEASHELLS;9998.0;1
0;110700;;;PEARLS;SEASHELLS;10002.0;1
0;111100;;;BANANAS;SEASHELLS;4901.0;1
0;111300;;;BANANAS;SEASHELLS;4900.0;1
0;111800;;;PEARLS;SEASHELLS;10004.0;1
0;111800;;;BANANAS;SEASHELLS;4907.0;1
0;112300;;;BANANAS;SEASHELLS;4900.0;1
0;112500;;;BANANAS;SEASHELLS;4900.0;3
0;113500;;;BANANAS;SEASHELLS;4905.0;1
0;113900;;;PEARLS;SEASHELLS;10002.0;1
0;114300;;;PEARLS;SEASHELLS;10004.0;1
0;114300;;;BANANAS;SEASHELLS;4902.0;8
0;114300;;;BANANAS;SEASHELLS;4904.0;1
0;114500;;;PEARLS;SEASHELLS;9996.0;2
0;114500;;;PEARLS;SEASHELLS;9996.0;9
0;114500;;;BANANAS;SEASHELLS;4898.0;1
0;114700;;;BANANAS;SEASHELLS;4902.0;4
0;115000;;;BANANAS;SEASHELLS;4902.0;5
0;115100;;;BANANAS;SEASHELLS;4898.0;1
0;116100;;;BANANAS;SEASHELLS;4904.0;1
0;116100;;;PEARLS;SEASHELLS;10005.0;1
0;116300;;;PEARLS;SEASHELLS;9996.0;2
0;116400;;;PEARLS;SEASHELLS;9998.0;1
0;116400;;;BANANAS;SEASHELLS;4901.0;2
0;116600;;;BANANAS;SEASHELLS;4897.0;1
0;116800;;;PEARLS;SEASHELLS;9995.0;2
0;116800;;;BANANAS;SEASHELLS;4897.0;7
0;116800;;;BANANAS;SEASHELLS;4897.0;2
0;116800;;;BANANAS;SEASHELLS;4898.0;2
0;117100;;;BANANAS;SEASHELLS;4903.0;1
0;117300;;;BANANAS;SEASHELLS;4903.0;1
0;117400;;;BANANAS;SEASHELLS;4903.0;1
0;117500;;;PEARLS;SEASHELLS;10002.0;2
0;117600;;;BANANAS;SEASHELLS;4899.0;4
0;117600;;;BANANAS;SEASHELLS;4899.0;1
0;117600;;;BANANAS;SEASHELLS;4899.0;14
0;117900;;;PEARLS;SEASHELLS;9998.0;1
0;118100;;;BANANAS;SEASHELLS;4905.0;2
0;118100;;;PEARLS;SEASHELLS;10005.0;2
0;118200;;;PEARLS;SEASHELLS;10002.0;2
0;118200;;;BANANAS;SEASHELLS;4903.0;2
0;118300;;;BANANAS;SEASHELLS;4899.0;1
0;118300;;;PEARLS;SEASHELLS;10002.0;3
0;118600;;;BANANAS;SEASHELLS;4899.0;2
0;118600;;;BANANAS;SEASHELLS;4899.0;7
0;119000;;;PEARLS;SEASHELLS;9998.0;1
0;119000;;;PEARLS;SEASHELLS;9996.0;1
0;119000;;;PEARLS;SEASHELLS;9996.0;4
0;119100;;;PEARLS;SEASHELLS;10002.0;1
0;119200;;;BANANAS;SEASHELLS;4900.0;7
0;119200;;;BANANAS;SEASHELLS;4899.0;2
0;119200;;;PEARLS;SEASHELLS;9996.0;1
0;119200;;;BANANAS;SEASHELLS;4900.0;1
0;119200;;;BANANAS;SEASHELLS;4906.0;12
0;119200;;;PEARLS;SEASHELLS;9996.0;1
0;119900;;;BANANAS;SEASHELLS;4907.0;1
0;120000;;;BANANAS;SEASHELLS;4907.0;7
0;120200;;;PEARLS;SEASHELLS;10002.0;1
0;120900;;;PEARLS;SEASHELLS;10002.0;2
0;121000;;;BANANAS;SEASHELLS;4907.0;1
0;121000;;;PEARLS;SEASHELLS;10004.0;1
0;121300;;;PEARLS;SEASHELLS;10004.0;1
0;121600;;;BANANAS;SEASHELLS;4907.0;2
0;121600;;;PEARLS;SEASHELLS;10002.0;2
0;121600;;;BANANAS;SEASHELLS;4907.0;1
0;121700;;;BANANAS;SEASHELLS;4907.0;1
0;121800;;;PEARLS;SEASHELLS;9995.0;1
0;121800;;;BANANAS;SEASHELLS;4901.0;1
0;122000;;;BANANAS;SEASHELLS;4907.0;1
0;122200;;;BANANAS;SEASHELLS;4904.0;1
0;122200;;;PEARLS;SEASHELLS;9996.0;1
0;122200;;;BANANAS;SEASHELLS;4902.0;1
0;122500;;;PEARLS;SEASHELLS;10004.0;2
0;122500;;;BANANAS;SEASHELLS;4906.0;2
0;122500;;;PEARLS;SEASHELLS;10002.0;2
0;122500;;;PEARLS;SEASHELLS;10002.0;6
0;122600;;;PEARLS;SEASHELLS;9998.0;4
0;122700;;;PEARLS;SEASHELLS;10002.0;5
0;122800;;;BANANAS;SEASHELLS;4903.0;1
0;123100;;;PEARLS;SEASHELLS;10002.0;1
0;123200;;;BANANAS;SEASHELLS;4902.0;1
0;123500;;;PEARLS;SEASHELLS;9998.0;2
0;123500;;;BANANAS;SEASHELLS;4903.0;1
0;123700;;;PEARLS;SEASHELLS;9996.0;1
0;123700;;;BANANAS;SEASHELLS;4904.0;1
0;123900;;;BANANAS;SEASHELLS;4909.0;7
0;123900;;;BANANAS;SEASHELLS;4904.0;1
0;123900;;;PEARLS;SEASHELLS;9998.0;1
0;124000;;;PEARLS;SEASHELLS;10002.0;1
0;124200;;;BANANAS;SEASHELLS;4910.0;14
0;124200;;;PEARLS;SEASHELLS;9998.0;5
0;125200;;;BANANAS;SEASHELLS;4908.0;1
0;125400;;;PEARLS;SEASHELLS;10004.0;1
0;125400;;;BANANAS;SEASHELLS;4909.0;1
0;125600;;;BANANAS;SEASHELLS;4908.0;1
0;125900;;;PEARLS;SEASHELLS;9998.0;1
0;125900;;;BANANAS;SEASHELLS;4908.0;1
0;126200;;;BANANAS;SEASHELLS;4905.0;1
0;126400;;;PEARLS;SEASHELLS;9998.0;2
0;126400;;;BANANAS;SEASHELLS;4911.0;1
0;126600;;;BANANAS;SEASHELLS;4905.0;1
0;126700;;;PEARLS;SEASHELLS;9998.0;1
0;126700;;;PEARLS;SEASHELLS;9998.0;1
0;126900;;;BANANAS;SEASHELLS;4910.0;1
0;126900;;;PEARLS;SEASHELLS;10002.0;1
0;127000;;;PEARLS;SEASHELLS;10002.0;1
0;127000;;;PEARLS;SEASHELLS;10002.0;2
0;127100;;;PEARLS;SEASHELLS;9998.0;1
0;127500;;;BANANAS;SEASHELLS;4909.0;2
0;127500;;;PEARLS;SEASHELLS;10002.0;1
0;127500;;;PEARLS;SEASHELLS;10002.0;2
0;127900;;;BANANAS;SEASHELLS;4910.0;6
0;128000;;;BANANAS;SEASHELLS;4905.0;4
0;128000;;;PEARLS;SEASHELLS;10002.0;2
0;128100;;;BANANAS;SEASHELLS;4910.0;11
0;128400;;;BANANAS;SEASHELLS;4903.0;2
0;128400;;;PEARLS;SEASHELLS;10002.0;1
0;129000;;;BANANAS;SEASHELLS;4902.0;1
0;129100;;;BANANAS;SEASHELLS;4908.0;7
0;129200;;;BANANAS;SEASHELLS;4902.0;1
0;129400;;;PEARLS;SEASHELLS;9998.0;1
0;129500;;;PEARLS;SEASHELLS;9998.0;1
0;129800;;;PEARLS;SEASHELLS;10005.0;2
0;129800;;;BANANAS;SEASHELLS;4909.0;2
0;130100;;;BANANAS;SEASHELLS;4906.0;1
0;130300;;;PEARLS;SEASHELLS;10005.0;2
0;130400;;;BANANAS;SEASHELLS;4907.0;1
0;130400;;;PEARLS;SEASHELLS;10004.0;1
0;131200;;;BANANAS;SEASHELLS;4901.0;1
0;131500;;;BANANAS;SEASHELLS;4900.0;2
0;131500;;;PEARLS;SEASHELLS;9996.0;1
0;131700;;;BANANAS;SEASHELLS;4900.0;4
0;131800;;;BANANAS;SEASHELLS;4900.0;2
0;131900;;;BANANAS;SEASHELLS;4899.0;2
0;131900;;;PEARLS;SEASHELLS;9996.0;1
0;131900;;;PEARLS;SEASHELLS;9996.0;1
0;132100;;;PEARLS;SEASHELLS;10002.0;1
0;132200;;;PEARLS;SEASHELLS;10004.0;1
0;132200;;;BANANAS;SEASHELLS;4905.0;1
0;132300;;;PEARLS;SEASHELLS;9995.0;1
0;132300;;;PEARLS;SEASHELLS;9998.0;2
0;132300;;;BANANAS;SEASHELLS;4899.0;1
0;132300;;;PEARLS;SEASHELLS;9998.0;1
0;132600;;;PEARLS;SEASHELLS;9998.0;1
0;132600;;;BANANAS;SEASHELLS;4900.0;1
0;132800;;;BANANAS;SEASHELLS;4904.0;1
0;133000;;;PEARLS;SEASHELLS;9998.0;2
0;133200;;;BANANAS;SEASHELLS;4907.0;1
0;133500;;;PEARLS;SEASHELLS;9998.0;3
0;133500;;;PEARLS;SEASHELLS;10005.0;8
0;134000;;;BANANAS;SEASHELLS;4903.0;1
0;134400;;;BANANAS;SEASHELLS;4908.0;20
0;134500;;;BANANAS;SEASHELLS;4906.0;3
0;134500;;;BANANAS;SEASHELLS;4907.0;1
0;134500;;;BANANAS;SEASHELLS;4906.0;8
0;134700;;;PEARLS;SEASHELLS;9998.0;1
0;134800;;;BANANAS;SEASHELLS;4903.0;5
0;135800;;;BANANAS;SEASHELLS;4902.0;1
0;135800;;;BANANAS;SEASHELLS;4902.0;1
0;136200;;;BANANAS;SEASHELLS;4906.0;2
0;136500;;;BANANAS;SEASHELLS;4902.0;1
0;137000;;;PEARLS;SEASHELLS;10002.0;1
0;137100;;;BANANAS;SEASHELLS;4902.0;1
0;137400;;;BANANAS;SEASHELLS;4901.0;1
0;137400;;;PEARLS;SEASHELLS;9995.0;1
0;137700;;;BANANAS;SEASHELLS;4901.0;2
0;137700;;;PEARLS;SEASHELLS;9996.0;2
0;137800;;;BANANAS;SEASHELLS;4900.0;2
0;137800;;;PEARLS;SEASHELLS;9996.0;2
0;138100;;;BANANAS;SEASHELLS;4901.0;8
0;138200;;;PEARLS;SEASHELLS;9998.0;1
0;138200;;;BANANAS;SEASHELLS;4905.0;1
0;138600;;;BANANAS;SEASHELLS;4902.0;1
0;138600;;;PEARLS;SEASHELLS;10004.0;1
0;138600;;;BANANAS;SEASHELLS;4904.0;1
0;138700;;;BANANAS;SEASHELLS;4903.0;1
0;139300;;;BANANAS;SEASHELLS;4904.0;1
0;139400;;;PEARLS;SEASHELLS;9996.0;1
0;139400;;;BANANAS;SEASHELLS;4904.0;1
0;140500;;;PEARLS;SEASHELLS;9998.0;1
0;140600;;;BANANAS;SEASHELLS;4900.0;1
0;141400;;;PEARLS;SEASHELLS;9995.0;10
0;141500;;;BANANAS;SEASHELLS;4900.0;1
0;141600;;;PEARLS;SEASHELLS;10002.0;1
0;141600;;;PEARLS;SEASHELLS;10002.0;2
0;142100;;;BANANAS;SEASHELLS;4907.0;1
0;142200;;;BANANAS;SEASHELLS;4902.0;1
0;142500;;;PEARLS;SEASHELLS;9998.0;1
0;143300;;;PEARLS;SEASHELLS;9998.0;1
0;143800;;;BANANAS;SEASHELLS;4902.0;1
0;143900;;;BANANAS;SEASHELLS;4905.0;1
0;143900;;;PEARLS;SEASHELLS;9998.0;1
0;144100;;;BANANAS;SEASHELLS;4906.0;1
0;144400;;;BANANAS;SEASHELLS;4900.0;1
0;144500;;;PEARLS;SEASHELLS;10004.0;10
0;144500;;;PEARLS;SEASHELLS;10004.0;2
0;144600;;;BANANAS;SEASHELLS;4901.0;2
0;144600;;;PEARLS;SEASHELLS;9998.0;2
0;144800;;;PEARLS;SEASHELLS;10002.0;1
0;145100;;;BANANAS;SEASHELLS;4907.0;1
0;145100;;;PEARLS;SEASHELLS;9998.0;6
0;145100;;;PEARLS;SEASHELLS;10005.0;1
0;145200;;;BANANAS;SEASHELLS;4901.0;1
0;145400;;;BANANAS;SEASHELLS;4907.0;1
0;145400;;;BANANAS;SEASHELLS;4907.0;1
0;145600;;;PEARLS;SEASHELLS;10002.0;1
0;145600;;;BANANAS;SEASHELLS;4905.0;1
0;145600;;;BANANAS;SEASHELLS;4906.0;1
0;145900;;;BANANAS;SEASHELLS;4900.0;2
0;145900;;;PEARLS;SEASHELLS;10002.0;2
0;146400;;;BANANAS;SEASHELLS;4901.0;1
0;146400;;;PEARLS;SEASHELLS;9998.0;1
0;147000;;;PEARLS;SEASHELLS;10004.0;1
0;147000;;;BANANAS;SEASHELLS;4908.0;2
0;147000;;;BANANAS;SEASHELLS;4903.0;1
0;147000;;;PEARLS;SEASHELLS;10002.0;1
0;147000;;;PEARLS;SEASHELLS;10004.0;1
0;147200;;;BANANAS;SEASHELLS;4907.0;1
0;147400;;;BANANAS;SEASHELLS;4904.0;1
0;147500;;;BANANAS;SEASHELLS;4910.0;1
0;148200;;;PEARLS;SEASHELLS;9998.0;2
0;148200;;;BANANAS;SEASHELLS;4911.0;2
0;148200;;;PEARLS;SEASHELLS;9998.0;2
0;148200;;;BANANAS;SEASHELLS;4910.0;1
0;148200;;;PEARLS;SEASHELLS;9998.0;1
0;148300;;;BANANAS;SEASHELLS;4910.0;1
0;148300;;;BANANAS;SEASHELLS;4907.0;4
0;148700;;;PEARLS;SEASHELLS;9995.0;2
0;148700;;;BANANAS;SEASHELLS;4910.0;1
0;148700;;;PEARLS;SEASHELLS;10005.0;5
0;149000;;;BANANAS;SEASHELLS;4909.0;3
0;149000;;;PEARLS;SEASHELLS;10002.0;1
0;149000;;;BANANAS;SEASHELLS;4909.0;3
0;149000;;;BANANAS;SEASHELLS;4905.0;1
0;149100;;;BANANAS;SEASHELLS;4904.0;1
0;149500;;;BANANAS;SEASHELLS;4904.0;1
0;150300;;;PEARLS;SEASHELLS;10002.0;1
0;150600;;;BANANAS;SEASHELLS;4903.0;6
0;150600;;;PEARLS;SEASHELLS;10002.0;1
0;150800;;;BANANAS;SEASHELLS;4904.0;3
0;151100;;;PEARLS;SEASHELLS;10002.0;5
0;151200;;;PEARLS;SEASHELLS;10004.0;2
0;151500;;;PEARLS;SEASHELLS;10004.0;1
0;151500;;;BANANAS;SEASHELLS;4908.0;1
0;151600;;;PEARLS;SEASHELLS;9995.0;1
0;151600;;;PEARLS;SEASHELLS;9996.0;1
0;151600;;;BANANAS;SEASHELLS;4902.0;1
0;151700;;;BANANAS;SEASHELLS;4901.0;1
0;151800;;;BANANAS;SEASHELLS;4901.0;19
0;152100;;;PEARLS;SEASHELLS;10002.0;1
0;152100;;;BANANAS;SEASHELLS;4906.0;1
0;152400;;;PEARLS;SEASHELLS;9998.0;1
0;152600;;;PEARLS;SEASHELLS;9998.0;1
0;152700;;;PEARLS;SEASHELLS;9996.0;1
0;152800;;;BANANAS;SEASHELLS;4905.0;1
0;153000;;;BANANAS;SEASHELLS;4901.0;2
0;153000;;;PEARLS;SEASHELLS;9998.0;1
0;153200;;;PEARLS;SEASHELLS;10002.0;2
0;153300;;;PEARLS;SEASHELLS;9998.0;1
0;153500;;;BANANAS;SEASHELLS;4899.0;1
0;153600;;;BANANAS;SEASHELLS;4899.0;1
0;154000;;;BANANAS;SEASHELLS;4905.0;1
0;154200;;;BANANAS;SEASHELLS;4899.0;2
0;154200;;;PEARLS;SEASHELLS;9996.0;1
0;154200;;;PEARLS;SEASHELLS;9996.0;1
0;154300;;;BANANAS;SEASHELLS;4901.0;2
0;154900;;;BANANAS;SEASHELLS;4905.0;2
0;155200;;;PEARLS;SEASHELLS;10004.0;1
0;155200;;;BANANAS;SEASHELLS;4902.0;1
0;155200;;;BANANAS;SEASHELLS;4908.0;1
0;155300;;;PEARLS;SEASHELLS;9998.0;3
0;155700;;;BANANAS;SEASHELLS;4906.0;13
0;156100;;;PEARLS;SEASHELLS;10002.0;1
0;156400;;;PEARLS;SEASHELLS;9998.0;1
0;156400;;;PEARLS;SEASHELLS;9998.0;2
0;156500;;;BANANAS;SEASHELLS;4900.0;9
0;156700;;;BANANAS;SEASHELLS;4906.0;20
0;156800;;;PEARLS;SEASHELLS;9998.0;1
0;156800;;;PEARLS;SEASHELLS;9998.0;1
0;156800;;;BANANAS;SEASHELLS;4900.0;1
0;156800;;;BANANAS;SEASHELLS;4900.0;1
0;156900;;;BANANAS;SEASHELLS;4906.0;1
0;156900;;;PEARLS;SEASHELLS;9998.0;1
0;156900;;;BANANAS;SEASHELLS;4906.0;5
0;157100;;;PEARLS;SEASHELLS;10002.0;1
0;157200;;;BANANAS;SEASHELLS;4898.0;12
0;157400;;;PEARLS;SEASHELLS;9996.0;1
0;157400;;;BANANAS;SEASHELLS;4898.0;1
0;157400;;;BANANAS;SEASHELLS;4899.0;3
0;157500;;;BANANAS;SEASHELLS;4899.0;5
0;157800;;;PEARLS;SEASHELLS;10002.0;1
0;158200;;;BANANAS;SEASHELLS;4897.0;11
0;158300;;;PEARLS;SEASHELLS;9998.0;1
0;158400;;;BANANAS;SEASHELLS;4902.0;1
0;158400;;;PEARLS;SEASHELLS;10004.0;1
0;158700;;;BANANAS;SEASHELLS;4901.0;1
0;158700;;;PEARLS;SEASHELLS;9998.0;1
0;159200;;;BANANAS;SEASHELLS;4895.0;1
0;159300;;;BANANAS;SEASHELLS;4895.0;1
0;159400;;;BANANAS;SEASHELLS;4895.0;1
0;159400;;;PEARLS;SEASHELLS;9998.0;1
0;159400;;;BANANAS;SEASHELLS;4895.0;5
0;159400;;;BANANAS;SEASHELLS;4900.0;1
0;159500;;;PEARLS;SEASHELLS;9995.0;1
0;159500;;;BANANAS;SEASHELLS;4899.0;1
0;160000;;;PEARLS;SEASHELLS;10005.0;12
0;161000;;;BANANAS;SEASHELLS;4897.0;2
0;161000;;;PEARLS;SEASHELLS;9996.0;2
0;161500;;;BANANAS;SEASHELLS;4903.0;4
0;161500;;;BANANAS;SEASHELLS;4904.0;1
0;161600;;;PEARLS;SEASHELLS;10002.0;1
0;162400;;;BANANAS;SEASHELLS;4900.0;5
0;163100;;;BANANAS;SEASHELLS;4899.0;1
0;163400;;;BANANAS;SEASHELLS;4904.0;1
0;163400;;;PEARLS;SEASHELLS;10004.0;1
0;163400;;;PEARLS;SEASHELLS;10004.0;1
0;163400;;;BANANAS;SEASHELLS;4904.0;1
0;163500;;;BANANAS;SEASHELLS;4898.0;12
0;163900;;;PEARLS;SEASHELLS;10004.0;2
0;164600;;;PEARLS;SEASHELLS;9998.0;1
0;164800;;;PEARLS;SEASHELLS;10004.0;3
0;164800;;;PEARLS;SEASHELLS;10004.0;1
0;164900;;;BANANAS;SEASHELLS;4904.0;1
0;164900;;;PEARLS;SEASHELLS;10005.0;1
0;165300;;;BANANAS;SEASHELLS;4901.0;1
0;165700;;;BANANAS;SEASHELLS;4901.0;1
0;165800;;;PEARLS;SEASHELLS;10004.0;1
0;165800;;;BANANAS;SEASHELLS;4896.0;1
0;165800;;;BANANAS;SEASHELLS;4902.0;2
0;165900;;;PEARLS;SEASHELLS;9996.0;1
0;166200;;;PEARLS;SEASHELLS;10002.0;1
0;166400;;;BANANAS;SEASHELLS;4896.0;4
0;166400;;;BANANAS;SEASHELLS;4896.0;3
0;166500;;;BANANAS;SEASHELLS;4896.0;1
0;167100;;;PEARLS;SEASHELLS;9996.0;2
0;167100;;;BANANAS;SEASHELLS;4896.0;2
0;167100;;;BANANAS;SEASHELLS;4903.0;8
0;167400;;;BANANAS;SEASHELLS;4901.0;1
0;167500;;;BANANAS;SEASHELLS;4896.0;4
0;167800;;;BANANAS;SEASHELLS;4898.0;6
0;168200;;;PEARLS;SEASHELLS;10005.0;2
0;168200;;;BANANAS;SEASHELLS;4902.0;2
0;168400;;;PEARLS;SEASHELLS;10004.0;1
0;168400;;;PEARLS;SEASHELLS;10004.0;9
0;168400;;;PEARLS;SEASHELLS;9998.0;3
0;169000;;;PEARLS;SEASHELLS;9998.0;1
0;169200;;;BANANAS;SEASHELLS;4895.0;2
0;169200;;;PEARLS;SEASHELLS;9995.0;2
0;169900;;;PEARLS;SEASHELLS;9998.0;2
0;170000;;;PEARLS;SEASHELLS;9998.0;5
0;170100;;;BANANAS;SEASHELLS;4896.0;1
0;170200;;;PEARLS;SEASHELLS;9998.0;1
0;170200;;;BANANAS;SEASHELLS;4897.0;3
0;170600;;;BANANAS;SEASHELLS;4899.0;3
0;171300;;;PEARLS;SEASHELLS;9998.0;1
0;171300;;;BANANAS;SEASHELLS;4894.0;1
0;171600;;;BANANAS;SEASHELLS;4898.0;1
0;171600;;;PEARLS;SEASHELLS;9998.0;1
0;171700;;;PEARLS;SEASHELLS;10002.0;2
0;171800;;;PEARLS;SEASHELLS;9995.0;1
0;171800;;;BANANAS;SEASHELLS;4898.0;1
0;172400;;;BANANAS;SEASHELLS;4898.0;1
0;172600;;;BANANAS;SEASHELLS;4899.0;1
0;172600;;;PEARLS;SEASHELLS;10004.0;1
0;172800;;;BANANAS;SEASHELLS;4894.0;1
0;172900;;;PEARLS;SEASHELLS;9998.0;2
0;173000;;;PEARLS;SEASHELLS;9998.0;2
0;173000;;;BANANAS;SEASHELLS;4895.0;2
0;173100;;;BANANAS;SEASHELLS;4894.0;1
0;173300;;;BANANAS;SEASHELLS;4901.0;2
0;173300;;;PEARLS;SEASHELLS;10004.0;1
0;173500;;;BANANAS;SEASHELLS;4894.0;1
0;173500;;;BANANAS;SEASHELLS;4894.0;14
0;174400;;;BANANAS;SEASHELLS;4894.0;2
0;174400;;;PEARLS;SEASHELLS;10002.0;1
0;174600;;;PEARLS;SEASHELLS;10002.0;1
0;174800;;;BANANAS;SEASHELLS;4895.0;1
0;175100;;;PEARLS;SEASHELLS;10002.0;2
0;176300;;;PEARLS;SEASHELLS;10005.0;3
0;176700;;;PEARLS;SEASHELLS;9998.0;2
0;176700;;;BANANAS;SEASHELLS;4894.0;2
0;176700;;;PEARLS;SEASHELLS;9998.0;2
0;176900;;;BANANAS;SEASHELLS;4893.0;7
0;177000;;;BANANAS;SEASHELLS;4893.0;1
0;177600;;;PEARLS;SEASHELLS;10005.0;6
0;177600;;;BANANAS;SEASHELLS;4899.0;4
0;177900;;;BANANAS;SEASHELLS;4899.0;1
0;177900;;;PEARLS;SEASHELLS;10004.0;1
0;178100;;;BANANAS;SEASHELLS;4898.0;1
0;178600;;;BANANAS;SEASHELLS;4899.0;7
0;178800;;;BANANAS;SEASHELLS;4895.0;1
0;179500;;;PEARLS;SEASHELLS;10002.0;1
0;179600;;;BANANAS;SEASHELLS;4902.0;1
0;179800;;;BANANAS;SEASHELLS;4898.0;10
0;179900;;;BANANAS;SEASHELLS;4899.0;3
0;179900;;;PEARLS;SEASHELLS;10002.0;4
0;180000;;;BANANAS;SEASHELLS;4899.0;3
0;180000;;;PEARLS;SEASHELLS;9998.0;1
0;180200;;;BANANAS;SEASHELLS;4904.0;5
0;180300;;;BANANAS;SEASHELLS;4898.0;1
0;180400;;;BANANAS;SEASHELLS;4903.0;1
0;180600;;;PEARLS;SEASHELLS;10002.0;1
0;180900;;;PEARLS;SEASHELLS;10004.0;1
0;180900;;;PEARLS;SEASHELLS;10004.0;1
0;180900;;;BANANAS;SEASHELLS;4905.0;2
0;181600;;;PEARLS;SEASHELLS;10002.0;3
0;181800;;;BANANAS;SEASHELLS;4896.0;11
0;182200;;;BANANAS;SEASHELLS;4902.0;2
0;182200;;;BANANAS;SEASHELLS;4903.0;1
0;182500;;;BANANAS;SEASHELLS;4904.0;1
0;182500;;;PEARLS;SEASHELLS;10002.0;1
0;182800;;;PEARLS;SEASHELLS;10002.0;1
0;183300;;;BANANAS;SEASHELLS;4899.0;1
0;183400;;;PEARLS;SEASHELLS;9998.0;10
0;183400;;;PEARLS;SEASHELLS;9998.0;2
0;183600;;;PEARLS;SEASHELLS;10002.0;1
0;183600;;;BANANAS;SEASHELLS;4900.0;5
0;183800;;;BANANAS;SEASHELLS;4899.0;1
0;184800;;;BANANAS;SEASHELLS;4899.0;1
0;184800;;;PEARLS;SEASHELLS;9998.0;1
0;185000;;;BANANAS;SEASHELLS;4899.0;2
0;185000;;;PEARLS;SEASHELLS;9996.0;1
0;185500;;;BANANAS;SEASHELLS;4899.0;2
0;185500;;;PEARLS;SEASHELLS;9996.0;2
0;185800;;;BANANAS;SEASHELLS;4904.0;1
0;186200;;;PEARLS;SEASHELLS;10002.0;5
0;186700;;;PEARLS;SEASHELLS;9996.0;1
0;186700;;;PEARLS;SEASHELLS;9996.0;11
0;187000;;;BANANAS;SEASHELLS;4900.0;1
0;187200;;;PEARLS;SEASHELLS;9998.0;3
0;187300;;;PEARLS;SEASHELLS;9995.0;1
0;187300;;;BANANAS;SEASHELLS;4900.0;1
0;187600;;;BANANAS;SEASHELLS;4899.0;1
0;187600;;;PEARLS;SEASHELLS;10002.0;1
0;187900;;;PEARLS;SEASHELLS;9998.0;4
0;187900;;;PEARLS;SEASHELLS;10004.0;2
0;188200;;;PEARLS;SEASHELLS;9998.0;1
0;188200;;;BANANAS;SEASHELLS;4899.0;1
0;188200;;;PEARLS;SEASHELLS;9996.0;1
0;188300;;;BANANAS;SEASHELLS;4900.0;4
0;188500;;;BANANAS;SEASHELLS;4906.0;1
0;188500;;;PEARLS;SEASHELLS;10005.0;1
0;188600;;;BANANAS;SEASHELLS;4906.0;16
0;189200;;;PEARLS;SEASHELLS;9996.0;2
0;189600;;;PEARLS;SEASHELLS;10002.0;2
0;189800;;;PEARLS;SEASHELLS;9998.0;1
0;189900;;;BANANAS;SEASHELLS;4899.0;3
0;189900;;;BANANAS;SEASHELLS;4899.0;2
0;190000;;;PEARLS;SEASHELLS;9998.0;1
0;190200;;;BANANAS;SEASHELLS;4897.0;1
0;190300;;;PEARLS;SEASHELLS;9996.0;2
0;190600;;;BANANAS;SEASHELLS;4897.0;19
0;190900;;;BANANAS;SEASHELLS;4897.0;2
0;190900;;;PEARLS;SEASHELLS;9995.0;2
0;191000;;;BANANAS;SEASHELLS;4897.0;3
0;192200;;;BANANAS;SEASHELLS;4904.0;1
0;193000;;;PEARLS;SEASHELLS;9995.0;1
0;193000;;;BANANAS;SEASHELLS;4899.0;1
0;193100;;;BANANAS;SEASHELLS;4899.0;1
0;193200;;;BANANAS;SEASHELLS;4905.0;1
0;193600;;;BANANAS;SEASHELLS;4906.0;14
0;193700;;;PEARLS;SEASHELLS;10005.0;11
0;193800;;;PEARLS;SEASHELLS;9998.0;1
0;193900;;;PEARLS;SEASHELLS;9996.0;2
0;194200;;;BANANAS;SEASHELLS;4899.0;1
0;194200;;;PEARLS;SEASHELLS;10002.0;1
0;194300;;;BANANAS;SEASHELLS;4899.0;1
0;194800;;;BANANAS;SEASHELLS;4899.0;1
0;194800;;;PEARLS;SEASHELLS;9995.0;1
0;195100;;;PEARLS;SEASHELLS;9996.0;1
0;195600;;;BANANAS;SEASHELLS;4907.0;2
0;195600;;;PEARLS;SEASHELLS;10004.0;2
0;195700;;;BANANAS;SEASHELLS;4902.0;5
0;196200;;;BANANAS;SEASHELLS;4901.0;4
0;196700;;;BANANAS;SEASHELLS;4906.0;1
0;197000;;;PEARLS;SEASHELLS;9998.0;1
0;197100;;;PEARLS;SEASHELLS;10002.0;1
0;197400;;;PEARLS;SEASHELLS;9996.0;1
0;197500;;;PEARLS;SEASHELLS;9998.0;5
0;197700;;;BANANAS;SEASHELLS;4903.0;1
0;197700;;;PEARLS;SEASHELLS;9995.0;1
0;198400;;;PEARLS;SEASHELLS;9998.0;1
0;198500;;;PEARLS;SEASHELLS;10002.0;3
0;198900;;;BANANAS;SEASHELLS;4910.0;1
0;199300;;;BANANAS;SEASHELLS;4910.0;1
0;199400;;;PEARLS;SEASHELLS;10002.0;3
0;199400;;;PEARLS;SEASHELLS;10002.0;1
0;199500;;;BANANAS;SEASHELLS;4905.0;17
0;199700;;;PEARLS;SEASHELLS;10002.0;1
0;199900;;;BANANAS;SEASHELLS;4906.0;3
0;200100;;;PEARLS;SEASHELLS;10002.0;5
0;200300;;;BANANAS;SEASHELLS;4905.0;1
0;200300;;;BANANAS;SEASHELLS;4911.0;2
0;200300;;;PEARLS;SEASHELLS;10004.0;2
0;200400;;;BANANAS;SEASHELLS;4911.0;1
0;200400;;;PEARLS;SEASHELLS;10004.0;1
0;200800;;;PEARLS;SEASHELLS;10002.0;1
0;200800;;;BANANAS;SEASHELLS;4909.0;3
0;200900;;;BANANAS;SEASHELLS;4904.0;1
0;201800;;;BANANAS;SEASHELLS;4909.0;1
0;201800;;;BANANAS;SEASHELLS;4909.0;8
0;201800;;;PEARLS;SEASHELLS;9998.0;3
0;202000;;;PEARLS;SEASHELLS;10002.0;3
0;202100;;;BANANAS;SEASHELLS;4904.0;1
0;202200;;;PEARLS;SEASHELLS;10002.0;5
0;202600;;;PEARLS;SEASHELLS;10002.0;4
0;202900;;;BANANAS;SEASHELLS;4910.0;4
0;203000;;;BANANAS;SEASHELLS;4908.0;1
0;203200;;;BANANAS;SEASHELLS;4906.0;2
0;203300;;;BANANAS;SEASHELLS;4902.0;10
0;203300;;;PEARLS;SEASHELLS;9996.0;2
0;203700;;;BANANAS;SEASHELLS;4907.0;1
0;203900;;;BANANAS;SEASHELLS;4908.0;2
0;203900;;;PEARLS;SEASHELLS;10004.0;1
0;204800;;;PEARLS;SEASHELLS;10004.0;1
0;204800;;;PEARLS;SEASHELLS;10004.0;7
0;205000;;;BANANAS;SEASHELLS;4905.0;2
0;205000;;;PEARLS;SEASHELLS;10004.0;2
0;205000;;;BANANAS;SEASHELLS;4899.0;1
0;205400;;;BANANAS;SEASHELLS;4905.0;1
0;205700;;;BANANAS;SEASHELLS;4899.0;1
0;205800;;;PEARLS;SEASHELLS;10002.0;1
0;206400;;;BANANAS;SEASHELLS;4898.0;2
0;206400;;;PEARLS;SEASHELLS;9996.0;2
0;207000;;;BANANAS;SEASHELLS;4896.0;1
0;207000;;;PEARLS;SEASHELLS;9998.0;1
0;207100;;;BANANAS;SEASHELLS;4897.0;10
0;207300;;;BANANAS;SEASHELLS;4902.0;1
0;207300;;;PEARLS;SEASHELLS;10004.0;1
0;207500;;;PEARLS;SEASHELLS;9996.0;2
0;207500;;;PEARLS;SEASHELLS;9996.0;5
0;207800;;;BANANAS;SEASHELLS;4900.0;1
0;207900;;;BANANAS;SEASHELLS;4895.0;1
0;208000;;;BANANAS;SEASHELLS;4901.0;1
0;208000;;;PEARLS;SEASHELLS;10004.0;1
0;208100;;;BANANAS;SEASHELLS;4901.0;1
0;208100;;;PEARLS;SEASHELLS;9998.0;1
0;208300;;;BANANAS;SEASHELLS;4894.0;1
0;208700;;;BANANAS;SEASHELLS;4893.0;1
0;209000;;;BANANAS;SEASHELLS;4899.0;1
0;209700;;;PEARLS;SEASHELLS;9996.0;2
0;209700;;;BANANAS;SEASHELLS;4895.0;1
0;209700;;;PEARLS;SEASHELLS;9996.0;5
0;209900;;;PEARLS;SEASHELLS;9998.0;1
0;209900;;;BANANAS;SEASHELLS;4897.0;3
0;210100;;;BANANAS;SEASHELLS;4895.0;1
0;210300;;;BANANAS;SEASHELLS;4895.0;1
0;210300;;;PEARLS;SEASHELLS;10002.0;1
0;210300;;;BANANAS;SEASHELLS;4899.0;1
0;210400;;;BANANAS;SEASHELLS;4895.0;1
0;210500;;;BANANAS;SEASHELLS;4895.0;13
0;210600;;;PEARLS;SEASHELLS;9995.0;1
0;210600;;;BANANAS;SEASHELLS;4895.0;1
0;210700;;;BANANAS;SEASHELLS;4896.0;1
0;210700;;;PEARLS;SEASHELLS;9996.0;1
0;211100;;;PEARLS;SEASHELLS;10002.0;1
0;211100;;;BANANAS;SEASHELLS;4900.0;1
0;211300;;;PEARLS;SEASHELLS;9998.0;1
0;211400;;;PEARLS;SEASHELLS;9996.0;2
0;211400;;;PEARLS;SEASHELLS;9996.0;1
0;211800;;;BANANAS;SEASHELLS;4895.0;1
0;212300;;;PEARLS;SEASHELLS;9998.0;1
0;212300;;;BANANAS;SEASHELLS;4896.0;1
0;212800;;;BANANAS;SEASHELLS;4897.0;1
0;213000;;;PEARLS;SEASHELLS;9998.0;1
0;213800;;;BANANAS;SEASHELLS;4900.0;2
0;213900;;;PEARLS;SEASHELLS;9998.0;3
0;213900;;;BANANAS;SEASHELLS;4894.0;1
0;214100;;;PEARLS;SEASHELLS;9998.0;1
0;214100;;;PEARLS;SEASHELLS;9998.0;1
0;214500;;;PEARLS;SEASHELLS;9998.0;3
0;214500;;;PEARLS;SEASHELLS;9998.0;1
0;214700;;;PEARLS;SEASHELLS;9996.0;2
0;215000;;;BANANAS;SEASHELLS;4900.0;2
0;215100;;;BANANAS;SEASHELLS;4900.0;6
0;215100;;;BANANAS;SEASHELLS;4900.0;14
0;215100;;;PEARLS;SEASHELLS;9998.0;1
0;215500;;;BANANAS;SEASHELLS;4900.0;4
0;215800;;;BANANAS;SEASHELLS;4896.0;1
0;216000;;;BANANAS;SEASHELLS;4896.0;1
0;216100;;;BANANAS;SEASHELLS;4902.0;1
0;216100;;;PEARLS;SEASHELLS;10002.0;1
0;216600;;;PEARLS;SEASHELLS;9998.0;1
0;216700;;;BANANAS;SEASHELLS;4900.0;2
0;216700;;;BANANAS;SEASHELLS;4903.0;5
0;217100;;;PEARLS;SEASHELLS;9996.0;1
0;217100;;;BANANAS;SEASHELLS;4897.0;5
0;217500;;;BANANAS;SEASHELLS;4898.0;9
0;217500;;;PEARLS;SEASHELLS;9996.0;1
0;217500;;;BANANAS;SEASHELLS;4897.0;1
0;217700;;;BANANAS;SEASHELLS;4901.0;1
0;217800;;;PEARLS;SEASHELLS;9996.0;1
0;217900;;;BANANAS;SEASHELLS;4900.0;5
0;217900;;;BANANAS;SEASHELLS;4902.0;8
0;219400;;;PEARLS;SEASHELLS;10004.0;1
0;219400;;;BANANAS;SEASHELLS;4899.0;1
0;219400;;;BANANAS;SEASHELLS;4901.0;1
0;219600;;;BANANAS;SEASHELLS;4899.0;1
0;220100;;;BANANAS;SEASHELLS;4900.0;12
0;221100;;;BANANAS;SEASHELLS;4898.0;1
0;221100;;;PEARLS;SEASHELLS;10002.0;1
0;221200;;;PEARLS;SEASHELLS;10002.0;1
0;221200;;;BANANAS;SEASHELLS;4894.0;1
0;222200;;;PEARLS;SEASHELLS;9998.0;2
0;222800;;;BANANAS;SEASHELLS;4900.0;1
0;223000;;;BANANAS;SEASHELLS;4895.0;1
0;223100;;;PEARLS;SEASHELLS;9998.0;2
0;223400;;;BANANAS;SEASHELLS;4902.0;7
0;223600;;;PEARLS;SEASHELLS;10002.0;1
0;223700;;;BANANAS;SEASHELLS;4903.0;1
0;223700;;;PEARLS;SEASHELLS;10005.0;1
0;223800;;;BANANAS;SEASHELLS;4897.0;1
0;223800;;;PEARLS;SEASHELLS;10002.0;1
0;224500;;;PEARLS;SEASHELLS;10002.0;1
0;224600;;;PEARLS;SEASHELLS;10004.0;1
0;224600;;;BANANAS;SEASHELLS;4903.0;1
0;224600;;;PEARLS;SEASHELLS;10005.0;1
0;225000;;;PEARLS;SEASHELLS;9996.0;1
0;225600;;;BANANAS;SEASHELLS;4894.0;2
0;225700;;;PEARLS;SEASHELLS;10002.0;1
0;225700;;;BANANAS;SEASHELLS;4895.0;1
0;226100;;;PEARLS;SEASHELLS;9998.0;1
0;226100;;;PEARLS;SEASHELLS;9998.0;4
0;226700;;;BANANAS;SEASHELLS;4899.0;13
0;226700;;;BANANAS;SEASHELLS;4893.0;2
0;226700;;;PEARLS;SEASHELLS;9998.0;2
0;227300;;;PEARLS;SEASHELLS;9998.0;1
0;227700;;;BANANAS;SEASHELLS;4895.0;6
0;227700;;;PEARLS;SEASHELLS;9996.0;1
0;227700;;;BANANAS;SEASHELLS;4893.0;1
0;228400;;;BANANAS;SEASHELLS;4892.0;1
0;228800;;;BANANAS;SEASHELLS;4896.0;2
0;228900;;;BANANAS;SEASHELLS;4896.0;5
0;229400;;;PEARLS;SEASHELLS;9998.0;1
0;229600;;;PEARLS;SEASHELLS;10002.0;1
0;229700;;;BANANAS;SEASHELLS;4896.0;1
0;230000;;;BANANAS;SEASHELLS;4891.0;1
0;230100;;;BANANAS;SEASHELLS;4892.0;1
0;230300;;;PEARLS;SEASHELLS;9996.0;1
0;230300;;;PEARLS;SEASHELLS;9996.0;9
0;230400;;;PEARLS;SEASHELLS;10002.0;1
0;230400;;;BANANAS;SEASHELLS;4897.0;1
0;230500;;;BANANAS;SEASHELLS;4893.0;1
0;230700;;;BANANAS;SEASHELLS;4900.0;6
0;230900;;;PEARLS;SEASHELLS;10004.0;1
0;230900;;;BANANAS;SEASHELLS;4900.0;1
0;231300;;;PEARLS;SEASHELLS;9998.0;1
0;231600;;;BANANAS;SEASHELLS;4894.0;1
0;231700;;;PEARLS;SEASHELLS;10000.0;4
0;231700;;;BANANAS;SEASHELLS;4894.0;1
0;232100;;;PEARLS;SEASHELLS;10002.0;1
0;232200;;;BANANAS;SEASHELLS;4900.0;12
0;232300;;;BANANAS;SEASHELLS;4898.0;1
0;232300;;;PEARLS;SEASHELLS;10002.0;1
0;232600;;;BANANAS;SEASHELLS;4899.0;1
0;232600;;;PEARLS;SEASHELLS;9998.0;1
0;232600;;;PEARLS;SEASHELLS;9998.0;2
0;233000;;;BANANAS;SEASHELLS;4896.0;5
0;233900;;;BANANAS;SEASHELLS;4897.0;1
0;234100;;;BANANAS;SEASHELLS;4899.0;5
0;234200;;;BANANAS;SEASHELLS;4892.0;1
0;234300;;;PEARLS;SEASHELLS;9995.0;1
0;234300;;;BANANAS;SEASHELLS;4892.0;1
0;234400;;;BANANAS;SEASHELLS;4898.0;2
0;234500;;;PEARLS;SEASHELLS;9998.0;1
0;234700;;;PEARLS;SEASHELLS;10004.0;1
0;234700;;;BANANAS;SEASHELLS;4899.0;2
0;234700;;;PEARLS;SEASHELLS;10004.0;1
0;234800;;;PEARLS;SEASHELLS;9998.0;1
0;235200;;;PEARLS;SEASHELLS;9995.0;8
0;235400;;;BANANAS;SEASHELLS;4892.0;3
0;235400;;;BANANAS;SEASHELLS;4892.0;7
0;236200;;;PEARLS;SEASHELLS;9998.0;1
0;236300;;;BANANAS;SEASHELLS;4892.0;15
0;236400;;;PEARLS;SEASHELLS;9998.0;1
0;236800;;;PEARLS;SEASHELLS;9998.0;1
0;237000;;;BANANAS;SEASHELLS;4897.0;1
0;237000;;;PEARLS;SEASHELLS;9998.0;1
0;237000;;;PEARLS;SEASHELLS;9998.0;3
0;237300;;;BANANAS;SEASHELLS;4890.0;1
0;237300;;;PEARLS;SEASHELLS;9996.0;1
0;237400;;;BANANAS;SEASHELLS;4890.0;1
0;237400;;;PEARLS;SEASHELLS;9998.0;1
0;237700;;;PEARLS;SEASHELLS;9998.0;1
0;238000;;;BANANAS;SEASHELLS;4891.0;1
0;238300;;;PEARLS;SEASHELLS;9998.0;5
0;238700;;;BANANAS;SEASHELLS;4891.0;1
0;238700;;;PEARLS;SEASHELLS;10004.0;1
0;238700;;;PEARLS;SEASHELLS;10002.0;1
0;238700;;;BANANAS;SEASHELLS;4897.0;1
0;239300;;;PEARLS;SEASHELLS;10004.0;8
0;239300;;;PEARLS;SEASHELLS;10004.0;1
0;239300;;;PEARLS;SEASHELLS;10005.0;1
0;239300;;;BANANAS;SEASHELLS;4898.0;1
0;239900;;;BANANAS;SEASHELLS;4897.0;5
0;240100;;;PEARLS;SEASHELLS;9998.0;3
0;240200;;;PEARLS;SEASHELLS;10000.0;2
0;240200;;;PEARLS;SEASHELLS;10002.0;5
0;240700;;;BANANAS;SEASHELLS;4899.0;1
0;241000;;;PEARLS;SEASHELLS;9998.0;5
0;241200;;;PEARLS;SEASHELLS;10004.0;6
0;241200;;;PEARLS;SEASHELLS;10004.0;2
0;241400;;;PEARLS;SEASHELLS;9998.0;1
0;242000;;;PEARLS;SEASHELLS;9998.0;1
0;242400;;;PEARLS;SEASHELLS;10004.0;1
0;243000;;;BANANAS;SEASHELLS;4894.0;1
0;243500;;;BANANAS;SEASHELLS;4893.0;7
0;243500;;;PEARLS;SEASHELLS;10002.0;1
0;243600;;;PEARLS;SEASHELLS;9998.0;1
0;243900;;;PEARLS;SEASHELLS;9998.0;1
0;243900;;;BANANAS;SEASHELLS;4896.0;1
0;243900;;;BANANAS;SEASHELLS;4896.0;4
0;244100;;;BANANAS;SEASHELLS;4892.0;1
0;244100;;;PEARLS;SEASHELLS;9996.0;1
0;244300;;;BANANAS;SEASHELLS;4891.0;1
0;244400;;;BANANAS;SEASHELLS;4892.0;10
0;244500;;;BANANAS;SEASHELLS;4892.0;1
0;245200;;;BANANAS;SEASHELLS;4892.0;1
0;245300;;;PEARLS;SEASHELLS;10002.0;1
0;245700;;;BANANAS;SEASHELLS;4892.0;6
0;246000;;;BANANAS;SEASHELLS;4897.0;1
0;246200;;;BANANAS;SEASHELLS;4898.0;15
0;247000;;;PEARLS;SEASHELLS;10002.0;5
0;247000;;;BANANAS;SEASHELLS;4890.0;1
0;247000;;;BANANAS;SEASHELLS;4890.0;12
0;247200;;;BANANAS;SEASHELLS;4895.0;1
0;247500;;;PEARLS;SEASHELLS;9995.0;8
0;247600;;;PEARLS;SEASHELLS;9995.0;7
0;247900;;;BANANAS;SEASHELLS;4888.0;4
0;248100;;;PEARLS;SEASHELLS;9998.0;2
0;248100;;;BANANAS;SEASHELLS;4892.0;1
0;248200;;;BANANAS;SEASHELLS;4887.0;1
0;248400;;;BANANAS;SEASHELLS;4888.0;3
0;248400;;;PEARLS;SEASHELLS;10005.0;2
0;248400;;;BANANAS;SEASHELLS;4888.0;2
0;248700;;;PEARLS;SEASHELLS;10005.0;4
0;248800;;;BANANAS;SEASHELLS;4887.0;1
0;248900;;;BANANAS;SEASHELLS;4887.0;1
0;249100;;;PEARLS;SEASHELLS;9998.0;1
0;249200;;;BANANAS;SEASHELLS;4889.0;3
0;249400;;;PEARLS;SEASHELLS;9998.0;4
0;249400;;;BANANAS;SEASHELLS;4887.0;1
0;249500;;;PEARLS;SEASHELLS;9998.0;1
0;249600;;;BANANAS;SEASHELLS;4888.0;1
0;249700;;;PEARLS;SEASHELLS;10002.0;1
0;249700;;;PEARLS;SEASHELLS;9996.0;1
0;250000;;;PEARLS;SEASHELLS;10002.0;5
0;250200;;;PEARLS;SEASHELLS;9995.0;9
0;250400;;;BANANAS;SEASHELLS;4887.0;2
0;250400;;;PEARLS;SEASHELLS;9998.0;1
0;250400;;;BANANAS;SEASHELLS;4887.0;2
0;251400;;;BANANAS;SEASHELLS;4892.0;1
0;251700;;;BANANAS;SEASHELLS;4892.0;1
0;252000;;;BANANAS;SEASHELLS;4888.0;1
0;252000;;;PEARLS;SEASHELLS;9998.0;1
0;252200;;;BANANAS;SEASHELLS;4893.0;1
0;252700;;;BANANAS;SEASHELLS;4893.0;1
0;252800;;;PEARLS;SEASHELLS;10004.0;1
0;252800;;;BANANAS;SEASHELLS;4894.0;1
0;253100;;;BANANAS;SEASHELLS;4894.0;1
0;253100;;;PEARLS;SEASHELLS;10004.0;1
0;253400;;;BANANAS;SEASHELLS;4888.0;1
0;253600;;;BANANAS;SEASHELLS;4893.0;1
0;253800;;;PEARLS;SEASHELLS;10002.0;1
0;254000;;;BANANAS;SEASHELLS;4889.0;1
0;254100;;;BANANAS;SEASHELLS;4893.0;3
0;254200;;;PEARLS;SEASHELLS;10004.0;1
0;254200;;;PEARLS;SEASHELLS;10004.0;10
0;254800;;;PEARLS;SEASHELLS;9996.0;2
0;254900;;;PEARLS;SEASHELLS;9998.0;2
0;255100;;;BANANAS;SEASHELLS;4893.0;1
0;255100;;;PEARLS;SEASHELLS;9998.0;1
0;255500;;;BANANAS;SEASHELLS;4895.0;1
0;255500;;;PEARLS;SEASHELLS;10005.0;1
0;255500;;;BANANAS;SEASHELLS;4888.0;1
0;255800;;;PEARLS;SEASHELLS;9998.0;5
0;255900;;;PEARLS;SEASHELLS;9998.0;1
0;256000;;;BANANAS;SEASHELLS;4893.0;1
0;256100;;;PEARLS;SEASHELLS;9998.0;4
0;256100;;;BANANAS;SEASHELLS;4888.0;1
0;256200;;;BANANAS;SEASHELLS;4893.0;1
0;256400;;;BANANAS;SEASHELLS;4888.0;1
0;256500;;;BANANAS;SEASHELLS;4892.0;1
0;257200;;;BANANAS;SEASHELLS;4891.0;1
0;257400;;;PEARLS;SEASHELLS;9998.0;4
0;257500;;;PEARLS;SEASHELLS;10002.0;1
0;257800;;;BANANAS;SEASHELLS;4895.0;9
0;257800;;;PEARLS;SEASHELLS;9995.0;6
0;257900;;;BANANAS;SEASHELLS;4897.0;2
0;257900;;;PEARLS;SEASHELLS;9998.0;1
0;258000;;;PEARLS;SEASHELLS;9998.0;5
0;258500;;;PEARLS;SEASHELLS;10002.0;2
0;258500;;;BANANAS;SEASHELLS;4897.0;2
0;258500;;;PEARLS;SEASHELLS;10002.0;2
0;258600;;;BANANAS;SEASHELLS;4893.0;5
0;258800;;;BANANAS;SEASHELLS;4897.0;3
0;258800;;;BANANAS;SEASHELLS;4900.0;3
0;258900;;;PEARLS;SEASHELLS;10002.0;1
0;258900;;;BANANAS;SEASHELLS;4893.0;1
0;259000;;;PEARLS;SEASHELLS;10004.0;2
0;259000;;;BANANAS;SEASHELLS;4899.0;2
0;259400;;;BANANAS;SEASHELLS;4892.0;1
0;259700;;;BANANAS;SEASHELLS;4891.0;1
0;260300;;;PEARLS;SEASHELLS;10002.0;1
0;260700;;;PEARLS;SEASHELLS;9998.0;1
0;260700;;;BANANAS;SEASHELLS;4892.0;1
0;260800;;;BANANAS;SEASHELLS;4897.0;1
0;261400;;;BANANAS;SEASHELLS;4892.0;1
0;261600;;;PEARLS;SEASHELLS;9998.0;5
0;261800;;;BANANAS;SEASHELLS;4891.0;1
0;261800;;;PEARLS;SEASHELLS;9995.0;1
0;262100;;;PEARLS;SEASHELLS;10002.0;1
0;262100;;;BANANAS;SEASHELLS;4891.0;1
0;262700;;;BANANAS;SEASHELLS;4890.0;1
0;262700;;;BANANAS;SEASHELLS;4892.0;2
0;263100;;;BANANAS;SEASHELLS;4890.0;10
0;263200;;;PEARLS;SEASHELLS;10004.0;2
0;263300;;;PEARLS;SEASHELLS;9998.0;2
0;263300;;;BANANAS;SEASHELLS;4890.0;6
0;263300;;;BANANAS;SEASHELLS;4890.0;1
0;263300;;;PEARLS;SEASHELLS;9998.0;1
0;263300;;;BANANAS;SEASHELLS;4890.0;2
0;263900;;;PEARLS;SEASHELLS;10002.0;1
0;263900;;;PEARLS;SEASHELLS;10002.0;4
0;264100;;;PEARLS;SEASHELLS;10005.0;2
0;264100;;;BANANAS;SEASHELLS;4897.0;2
0;264500;;;PEARLS;SEASHELLS;9998.0;1
0;264700;;;PEARLS;SEASHELLS;9998.0;4
0;264700;;;PEARLS;SEASHELLS;9998.0;1
0;264800;;;PEARLS;SEASHELLS;10004.0;2
0;265200;;;BANANAS;SEASHELLS;4895.0;1
0;265600;;;PEARLS;SEASHELLS;9998.0;1
0;265800;;;BANANAS;SEASHELLS;4895.0;1
0;265900;;;PEARLS;SEASHELLS;9995.0;4
0;266000;;;PEARLS;SEASHELLS;9998.0;1
0;266600;;;BANANAS;SEASHELLS;4895.0;1
0;266700;;;PEARLS;SEASHELLS;10005.0;2
0;266700;;;BANANAS;SEASHELLS;4897.0;2
0;267100;;;PEARLS;SEASHELLS;10002.0;2
0;267800;;;BANANAS;SEASHELLS;4893.0;1
0;267900;;;PEARLS;SEASHELLS;10004.0;1
0;267900;;;PEARLS;SEASHELLS;10004.0;4
0;268200;;;BANANAS;SEASHELLS;4898.0;2
0;268200;;;PEARLS;SEASHELLS;10005.0;2
0;268200;;;BANANAS;SEASHELLS;4891.0;1
0;268300;;;PEARLS;SEASHELLS;9995.0;1
0;268300;;;BANANAS;SEASHELLS;4892.0;1
0;268300;;;BANANAS;SEASHELLS;4891.0;1
0;268400;;;BANANAS;SEASHELLS;4896.0;1
0;268500;;;BANANAS;SEASHELLS;4891.0;1
0;269200;;;BANANAS;SEASHELLS;4895.0;1
0;269400;;;BANANAS;SEASHELLS;4890.0;1
0;269500;;;BANANAS;SEASHELLS;4891.0;4
0;269700;;;BANANAS;SEASHELLS;4895.0;1
0;270100;;;PEARLS;SEASHELLS;9998.0;1
0;270100;;;PEARLS;SEASHELLS;9996.0;4
0;270100;;;PEARLS;SEASHELLS;9996.0;2
0;270500;;;BANANAS;SEASHELLS;4896.0;1
0;270500;;;PEARLS;SEASHELLS;10002.0;1
0;271400;;;PEARLS;SEASHELLS;10002.0;1
0;271500;;;PEARLS;SEASHELLS;10005.0;6
0;271600;;;BANANAS;SEASHELLS;4890.0;5
0;272500;;;BANANAS;SEASHELLS;4889.0;2
0;272500;;;PEARLS;SEASHELLS;9996.0;2
0;272900;;;BANANAS;SEASHELLS;4888.0;1
0;273100;;;PEARLS;SEASHELLS;10002.0;2
0;273500;;;PEARLS;SEASHELLS;9995.0;10
0;273500;;;PEARLS;SEASHELLS;10002.0;1
0;273700;;;PEARLS;SEASHELLS;10004.0;1
0;274000;;;PEARLS;SEASHELLS;9996.0;1
0;274300;;;BANANAS;SEASHELLS;4896.0;1
0;274300;;;PEARLS;SEASHELLS;10004.0;1
0;274900;;;BANANAS;SEASHELLS;4890.0;2
0;274900;;;PEARLS;SEASHELLS;9996.0;2
0;275500;;;PEARLS;SEASHELLS;9996.0;1
0;275600;;;PEARLS;SEASHELLS;9998.0;1
0;275700;;;BANANAS;SEASHELLS;4892.0;4
0;275700;;;PEARLS;SEASHELLS;9998.0;1
0;276000;;;BANANAS;SEASHELLS;4891.0;4
0;276300;;;PEARLS;SEASHELLS;10004.0;1
0;276300;;;BANANAS;SEASHELLS;4897.0;1
0;277600;;;BANANAS;SEASHELLS;4889.0;1
0;277800;;;PEARLS;SEASHELLS;10002.0;1
0;278000;;;PEARLS;SEASHELLS;9996.0;1
0;278000;;;BANANAS;SEASHELLS;4890.0;1
0;278100;;;BANANAS;SEASHELLS;4890.0;1
0;278500;;;BANANAS;SEASHELLS;4895.0;1
0;278700;;;BANANAS;SEASHELLS;4895.0;1
0;278700;;;PEARLS;SEASHELLS;10002.0;1
0;278700;;;PEARLS;SEASHELLS;10002.0;1
0;279000;;;BANANAS;SEASHELLS;4891.0;1
0;279300;;;BANANAS;SEASHELLS;4889.0;1
0;279500;;;BANANAS;SEASHELLS;4889.0;9
0;279600;;;BANANAS;SEASHELLS;4890.0;1
0;279600;;;PEARLS;SEASHELLS;10002.0;1
0;280000;;;PEARLS;SEASHELLS;9996.0;1
0;280000;;;PEARLS;SEASHELLS;9996.0;1
0;280200;;;BANANAS;SEASHELLS;4896.0;1
0;280500;;;PEARLS;SEASHELLS;9996.0;1
0;280500;;;BANANAS;SEASHELLS;4891.0;1
0;280500;;;BANANAS;SEASHELLS;4891.0;2
0;280700;;;BANANAS;SEASHELLS;4896.0;1
0;280800;;;PEARLS;SEASHELLS;10002.0;1
0;280800;;;PEARLS;SEASHELLS;10002.0;1
0;281200;;;PEARLS;SEASHELLS;9998.0;4
0;281200;;;PEARLS;SEASHELLS;9998.0;3
0;281300;;;BANANAS;SEASHELLS;4896.0;1
0;281400;;;BANANAS;SEASHELLS;4892.0;5
0;281700;;;BANANAS;SEASHELLS;4898.0;1
0;281700;;;PEARLS;SEASHELLS;10004.0;1
0;282100;;;BANANAS;SEASHELLS;4891.0;1
0;282800;;;PEARLS;SEASHELLS;9998.0;1
0;282900;;;BANANAS;SEASHELLS;4896.0;1
0;283300;;;BANANAS;SEASHELLS;4892.0;2
0;283400;;;BANANAS;SEASHELLS;4891.0;1
0;283600;;;BANANAS;SEASHELLS;4891.0;1
0;283600;;;BANANAS;SEASHELLS;4894.0;2
0;283600;;;PEARLS;SEASHELLS;10004.0;2
0;283700;;;BANANAS;SEASHELLS;4896.0;1
0;283900;;;BANANAS;SEASHELLS;4891.0;1
0;284700;;;BANANAS;SEASHELLS;4892.0;2
0;284700;;;PEARLS;SEASHELLS;9996.0;2
0;284800;;;BANANAS;SEASHELLS;4892.0;1
0;285000;;;PEARLS;SEASHELLS;9996.0;1
0;285500;;;BANANAS;SEASHELLS;4892.0;1
0;285600;;;BANANAS;SEASHELLS;4892.0;2
0;285700;;;BANANAS;SEASHELLS;4892.0;1
0;285900;;;BANANAS;SEASHELLS;4891.0;14
0;286100;;;BANANAS;SEASHELLS;4892.0;12
0;286100;;;BANANAS;SEASHELLS;4892.0;1
0;286300;;;BANANAS;SEASHELLS;4898.0;11
0;286400;;;PEARLS;SEASHELLS;10004.0;1
0;286400;;;BANANAS;SEASHELLS;4898.0;1
0;286500;;;BANANAS;SEASHELLS;4897.0;1
0;286600;;;PEARLS;SEASHELLS;10004.0;1
0;286600;;;BANANAS;SEASHELLS;4898.0;1
0;286800;;;PEARLS;SEASHELLS;9998.0;1
0;286900;;;BANANAS;SEASHELLS;4896.0;2
0;287000;;;BANANAS;SEASHELLS;4897.0;1
0;287200;;;PEARLS;SEASHELLS;10002.0;1
0;287300;;;BANANAS;SEASHELLS;4891.0;1
0;287500;;;BANANAS;SEASHELLS;4892.0;1
0;289900;;;BANANAS;SEASHELLS;4890.0;2
0;289900;;;PEARLS;SEASHELLS;10005.0;2
0;289900;;;PEARLS;SEASHELLS;9995.0;2
0;290200;;;BANANAS;SEASHELLS;4895.0;3
0;290200;;;BANANAS;SEASHELLS;4896.0;1
0;290300;;;BANANAS;SEASHELLS;4897.0;15
0;290400;;;PEARLS;SEASHELLS;10004.0;2
0;290400;;;BANANAS;SEASHELLS;4896.0;1
0;290400;;;PEARLS;SEASHELLS;10005.0;1
0;290400;;;PEARLS;SEASHELLS;10004.0;6
0;290800;;;PEARLS;SEASHELLS;9998.0;1
0;290900;;;PEARLS;SEASHELLS;9996.0;1
0;290900;;;BANANAS;SEASHELLS;4890.0;1
0;291000;;;BANANAS;SEASHELLS;4889.0;8
0;291200;;;BANANAS;SEASHELLS;4890.0;8
0;291200;;;PEARLS;SEASHELLS;9998.0;1
0;291400;;;BANANAS;SEASHELLS;4889.0;1
0;291500;;;PEARLS;SEASHELLS;9995.0;7
0;291600;;;PEARLS;SEASHELLS;10004.0;2
0;292500;;;PEARLS;SEASHELLS;9998.0;1
0;292600;;;PEARLS;SEASHELLS;10004.0;1
0;292600;;;BANANAS;SEASHELLS;4896.0;1
0;292800;;;PEARLS;SEASHELLS;10002.0;1
0;292800;;;BANANAS;SEASHELLS;4895.0;1
0;292900;;;PEARLS;SEASHELLS;10004.0;2
0;293100;;;BANANAS;SEASHELLS;4895.0;1
0;293500;;;BANANAS;SEASHELLS;4897.0;1
0;293500;;;PEARLS;SEASHELLS;10000.0;1
0;293700;;;BANANAS;SEASHELLS;4896.0;11
0;293800;;;BANANAS;SEASHELLS;4892.0;1
0;293900;;;PEARLS;SEASHELLS;9998.0;1
0;293900;;;BANANAS;SEASHELLS;4897.0;1
0;294300;;;PEARLS;SEASHELLS;9996.0;1
0;294300;;;BANANAS;SEASHELLS;4893.0;2
0;294400;;;PEARLS;SEASHELLS;10005.0;3
0;294500;;;PEARLS;SEASHELLS;9998.0;1
0;294800;;;BANANAS;SEASHELLS;4895.0;5
0;294900;;;BANANAS;SEASHELLS;4900.0;20
0;296400;;;PEARLS;SEASHELLS;9998.0;5
0;296800;;;PEARLS;SEASHELLS;10002.0;5
0;297100;;;PEARLS;SEASHELLS;10004.0;1
0;297100;;;BANANAS;SEASHELLS;4897.0;1
0;297600;;;PEARLS;SEASHELLS;10002.0;2
0;297600;;;BANANAS;SEASHELLS;4890.0;2
0;298400;;;PEARLS;SEASHELLS;9998.0;1
0;298800;;;BANANAS;SEASHELLS;4891.0;9
0;298900;;;BANANAS;SEASHELLS;4890.0;1
0;298900;;;PEARLS;SEASHELLS;9995.0;1
0;299200;;;PEARLS;SEASHELLS;9996.0;2
0;299200;;;PEARLS;SEASHELLS;9996.0;10
0;299400;;;BANANAS;SEASHELLS;4890.0;1
0;299400;;;BANANAS;SEASHELLS;4890.0;2
0;299400;;;PEARLS;SEASHELLS;9996.0;1
0;299600;;;BANANAS;SEASHELLS;4890.0;1
0;299800;;;PEARLS;SEASHELLS;9998.0;1
0;299800;;;BANANAS;SEASHELLS;4896.0;1
0;299800;;;PEARLS;SEASHELLS;10004.0;1
0;299900;;;BANANAS;SEASHELLS;4890.0;1
0;299900;;;PEARLS;SEASHELLS;9996.0;1
0;300300;;;BANANAS;SEASHELLS;4895.0;1
0;300400;;;PEARLS;SEASHELLS;9995.0;2
0;300400;;;BANANAS;SEASHELLS;4890.0;1
0;300400;;;BANANAS;SEASHELLS;4890.0;2
0;300800;;;BANANAS;SEASHELLS;4891.0;1
0;301200;;;BANANAS;SEASHELLS;4896.0;1
0;301200;;;PEARLS;SEASHELLS;10004.0;1
0;301200;;;PEARLS;SEASHELLS;10004.0;1
0;301200;;;BANANAS;SEASHELLS;4897.0;2
0;301700;;;BANANAS;SEASHELLS;4892.0;2
0;301700;;;BANANAS;SEASHELLS;4892.0;18
0;301900;;;PEARLS;SEASHELLS;10002.0;1
0;302100;;;PEARLS;SEASHELLS;9998.0;1
0;302400;;;BANANAS;SEASHELLS;4890.0;1
0;302600;;;PEARLS;SEASHELLS;9998.0;1
0;302700;;;BANANAS;SEASHELLS;4894.0;5
0;302700;;;PEARLS;SEASHELLS;9998.0;1
0;303000;;;PEARLS;SEASHELLS;9998.0;5
0;303000;;;BANANAS;SEASHELLS;4890.0;3
0;303100;;;BANANAS;SEASHELLS;4890.0;1
0;303100;;;PEARLS;SEASHELLS;9998.0;1
0;303300;;;BANANAS;SEASHELLS;4894.0;9
0;303300;;;BANANAS;SEASHELLS;4894.0;4
0;303900;;;PEARLS;SEASHELLS;9998.0;1
0;304400;;;BANANAS;SEASHELLS;4895.0;1
0;304600;;;BANANAS;SEASHELLS;4896.0;1
0;305100;;;PEARLS;SEASHELLS;10002.0;1
0;305200;;;PEARLS;SEASHELLS;10002.0;1
0;305300;;;PEARLS;SEASHELLS;9998.0;5
0;305700;;;BANANAS;SEASHELLS;4896.0;1
0;305900;;;BANANAS;SEASHELLS;4897.0;1
0;305900;;;PEARLS;SEASHELLS;9996.0;1
0;306100;;;BANANAS;SEASHELLS;4897.0;1
0;306100;;;PEARLS;SEASHELLS;10004.0;1
0;306100;;;PEARLS;SEASHELLS;10005.0;1
0;306500;;;PEARLS;SEASHELLS;9996.0;2
0;306800;;;BANANAS;SEASHELLS;4896.0;2
0;307000;;;PEARLS;SEASHELLS;9998.0;3
0;307100;;;BANANAS;SEASHELLS;4891.0;1
0;307200;;;BANANAS;SEASHELLS;4891.0;2
0;307200;;;PEARLS;SEASHELLS;9995.0;2
0;307500;;;BANANAS;SEASHELLS;4897.0;1
0;307700;;;BANANAS;SEASHELLS;4892.0;1
0;308500;;;BANANAS;SEASHELLS;4898.0;1
0;308500;;;PEARLS;SEASHELLS;9995.0;1
0;308600;;;PEARLS;SEASHELLS;9998.0;1
0;308600;;;BANANAS;SEASHELLS;4893.0;1
0;308700;;;BANANAS;SEASHELLS;4893.0;5
0;308700;;;BANANAS;SEASHELLS;4893.0;1
0;308700;;;BANANAS;SEASHELLS;4894.0;4
0;308800;;;BANANAS;SEASHELLS;4897.0;3
0;308800;;;BANANAS;SEASHELLS;4897.0;6
0;309000;;;BANANAS;SEASHELLS;4892.0;1
0;309300;;;PEARLS;SEASHELLS;9998.0;1
0;309400;;;PEARLS;SEASHELLS;10002.0;1
0;309400;;;BANANAS;SEASHELLS;4897.0;1
0;309800;;;PEARLS;SEASHELLS;10002.0;1
0;310000;;;PEARLS;SEASHELLS;10002.0;1
0;310000;;;BANANAS;SEASHELLS;4897.0;9
0;310500;;;PEARLS;SEASHELLS;9998.0;1
0;310800;;;BANANAS;SEASHELLS;4898.0;1
0;310900;;;BANANAS;SEASHELLS;4893.0;1
0;311000;;;PEARLS;SEASHELLS;9998.0;1
0;311100;;;BANANAS;SEASHELLS;4898.0;1
0;311700;;;BANANAS;SEASHELLS;4893.0;1
0;311800;;;PEARLS;SEASHELLS;10002.0;1
0;311800;;;BANANAS;SEASHELLS;4898.0;5
0;312300;;;PEARLS;SEASHELLS;9996.0;1
0;312300;;;BANANAS;SEASHELLS;4896.0;2
0;312400;;;PEARLS;SEASHELLS;9998.0;1
0;313100;;;BANANAS;SEASHELLS;4893.0;3
0;313500;;;PEARLS;SEASHELLS;10004.0;2
0;313500;;;PEARLS;SEASHELLS;10004.0;6
0;314200;;;BANANAS;SEASHELLS;4892.0;8
0;314200;;;PEARLS;SEASHELLS;9996.0;1
0;314200;;;BANANAS;SEASHELLS;4891.0;2
0;314300;;;BANANAS;SEASHELLS;4896.0;1
0;314400;;;BANANAS;SEASHELLS;4891.0;1
0;314400;;;PEARLS;SEASHELLS;9996.0;1
0;314800;;;PEARLS;SEASHELLS;10002.0;4
0;314900;;;PEARLS;SEASHELLS;9996.0;1
0;314900;;;BANANAS;SEASHELLS;4891.0;1
0;315100;;;BANANAS;SEASHELLS;4891.0;1
0;315100;;;PEARLS;SEASHELLS;9998.0;1
0;315700;;;BANANAS;SEASHELLS;4897.0;1
0;316000;;;BANANAS;SEASHELLS;4896.0;1
0;316300;;;BANANAS;SEASHELLS;4897.0;7
0;316300;;;BANANAS;SEASHELLS;4891.0;1
0;316400;;;PEARLS;SEASHELLS;10002.0;1
0;316500;;;BANANAS;SEASHELLS;4891.0;1
0;316600;;;PEARLS;SEASHELLS;9996.0;2
0;316600;;;BANANAS;SEASHELLS;4891.0;2
0;317000;;;PEARLS;SEASHELLS;9998.0;1
0;317000;;;BANANAS;SEASHELLS;4897.0;1
0;317200;;;BANANAS;SEASHELLS;4891.0;1
0;317300;;;PEARLS;SEASHELLS;9998.0;1
0;317400;;;BANANAS;SEASHELLS;4892.0;1
0;317900;;;BANANAS;SEASHELLS;4896.0;1
0;318500;;;BANANAS;SEASHELLS;4897.0;1
0;318600;;;PEARLS;SEASHELLS;9996.0;1
0;318600;;;BANANAS;SEASHELLS;4891.0;2
0;318600;;;PEARLS;SEASHELLS;9996.0;1
0;319000;;;BANANAS;SEASHELLS;4895.0;1
0;319300;;;PEARLS;SEASHELLS;9996.0;1
0;319500;;;PEARLS;SEASHELLS;10002.0;7
0;319500;;;PEARLS;SEASHELLS;10002.0;1
0;320000;;;PEARLS;SEASHELLS;10002.0;1
0;320100;;;PEARLS;SEASHELLS;10005.0;2
0;320300;;;PEARLS;SEASHELLS;10002.0;1
0;320600;;;PEARLS;SEASHELLS;9996.0;1
0;320600;;;BANANAS;SEASHELLS;4890.0;1
0;321000;;;BANANAS;SEASHELLS;4890.0;1
0;321200;;;PEARLS;SEASHELLS;9998.0;1
0;321500;;;PEARLS;SEASHELLS;10002.0;1
0;321600;;;PEARLS;SEASHELLS;9998.0;1
0;321700;;;PEARLS;SEASHELLS;10002.0;2
0;322600;;;PEARLS;SEASHELLS;10002.0;1
0;322800;;;BANANAS;SEASHELLS;4895.0;1
0;322900;;;PEARLS;SEASHELLS;9998.0;2
0;322900;;;BANANAS;SEASHELLS;4890.0;2
0;322900;;;PEARLS;SEASHELLS;9998.0;5
0;322900;;;PEARLS;SEASHELLS;9998.0;1
0;323000;;;BANANAS;SEASHELLS;4891.0;1
0;323000;;;BANANAS;SEASHELLS;4891.0;4
0;323600;;;BANANAS;SEASHELLS;4894.0;1
0;323700;;;PEARLS;SEASHELLS;10002.0;2
0;323700;;;BANANAS;SEASHELLS;4895.0;1
0;324100;;;BANANAS;SEASHELLS;4895.0;2
0;324100;;;PEARLS;SEASHELLS;10004.0;1
0;324100;;;PEARLS;SEASHELLS;10004.0;1
0;324600;;;PEARLS;SEASHELLS;10002.0;1
0;324800;;;BANANAS;SEASHELLS;4894.0;1
0;325400;;;BANANAS;SEASHELLS;4888.0;1
0;325400;;;PEARLS;SEASHELLS;9998.0;1
0;325600;;;PEARLS;SEASHELLS;10004.0;1
0;325600;;;BANANAS;SEASHELLS;4894.0;1
0;326200;;;PEARLS;SEASHELLS;10002.0;1
0;326200;;;BANANAS;SEASHELLS;4894.0;1
0;326200;;;PEARLS;SEASHELLS;10004.0;1
0;326600;;;BANANAS;SEASHELLS;4892.0;8
0;326600;;;BANANAS;SEASHELLS;4892.0;6
0;326900;;;BANANAS;SEASHELLS;4888.0;1
0;326900;;;PEARLS;SEASHELLS;10002.0;2
0;327300;;;BANANAS;SEASHELLS;4894.0;1
0;327300;;;PEARLS;SEASHELLS;10005.0;1
0;327400;;;PEARLS;SEASHELLS;10002.0;1
0;327400;;;BANANAS;SEASHELLS;4887.0;2
0;327800;;;BANANAS;SEASHELLS;4887.0;1
0;328400;;;BANANAS;SEASHELLS;4893.0;1
0;328700;;;PEARLS;SEASHELLS;9995.0;2
0;328700;;;BANANAS;SEASHELLS;4889.0;2
0;329500;;;PEARLS;SEASHELLS;10005.0;2
0;329500;;;BANANAS;SEASHELLS;4896.0;2
0;329700;;;BANANAS;SEASHELLS;4890.0;1
0;330200;;;BANANAS;SEASHELLS;4896.0;1
0;330300;;;BANANAS;SEASHELLS;4895.0;2
0;330300;;;PEARLS;SEASHELLS;10002.0;2
0;330400;;;BANANAS;SEASHELLS;4891.0;1
0;330600;;;BANANAS;SEASHELLS;4890.0;1
0;330800;;;PEARLS;SEASHELLS;10004.0;1
0;330800;;;BANANAS;SEASHELLS;4896.0;1
0;330900;;;BANANAS;SEASHELLS;4894.0;1
0;331100;;;BANANAS;SEASHELLS;4889.0;1
0;331200;;;BANANAS;SEASHELLS;4890.0;1
0;331200;;;PEARLS;SEASHELLS;10002.0;1
0;331400;;;PEARLS;SEASHELLS;9998.0;1
0;331800;;;PEARLS;SEASHELLS;10002.0;1
0;332100;;;BANANAS;SEASHELLS;4888.0;1
0;332100;;;PEARLS;SEASHELLS;9998.0;1
0;332300;;;BANANAS;SEASHELLS;4887.0;1
0;332300;;;PEARLS;SEASHELLS;10002.0;1
0;332400;;;PEARLS;SEASHELLS;10005.0;2
0;332400;;;BANANAS;SEASHELLS;4893.0;2
0;332700;;;PEARLS;SEASHELLS;10004.0;2
0;334000;;;BANANAS;SEASHELLS;4893.0;1
0;334300;;;BANANAS;SEASHELLS;4893.0;1
0;335500;;;BANANAS;SEASHELLS;4888.0;4
0;336100;;;BANANAS;SEASHELLS;4888.0;1
0;336700;;;BANANAS;SEASHELLS;4892.0;1
0;336700;;;PEARLS;SEASHELLS;10004.0;1
0;337000;;;PEARLS;SEASHELLS;9998.0;1
0;337100;;;PEARLS;SEASHELLS;9998.0;1
0;337900;;;BANANAS;SEASHELLS;4893.0;1
0;338200;;;PEARLS;SEASHELLS;9996.0;1
0;338200;;;BANANAS;SEASHELLS;4887.0;1
0;338400;;;PEARLS;SEASHELLS;9998.0;1
0;338600;;;BANANAS;SEASHELLS;4885.0;2
0;338900;;;BANANAS;SEASHELLS;4892.0;8
0;339400;;;BANANAS;SEASHELLS;4891.0;3
0;339500;;;BANANAS;SEASHELLS;4886.0;11
0;339700;;;PEARLS;SEASHELLS;9995.0;2
0;340200;;;BANANAS;SEASHELLS;4890.0;1
0;340400;;;PEARLS;SEASHELLS;9996.0;1
0;340400;;;BANANAS;SEASHELLS;4888.0;1
0;341100;;;PEARLS;SEASHELLS;9998.0;1
0;341400;;;BANANAS;SEASHELLS;4893.0;1
0;341800;;;BANANAS;SEASHELLS;4893.0;11
0;342000;;;PEARLS;SEASHELLS;10002.0;1
0;342800;;;BANANAS;SEASHELLS;4885.0;1
0;342800;;;PEARLS;SEASHELLS;10004.0;1
0;342800;;;PEARLS;SEASHELLS;10004.0;1
0;342800;;;PEARLS;SEASHELLS;10004.0;1
0;342900;;;BANANAS;SEASHELLS;4884.0;2
0;342900;;;PEARLS;SEASHELLS;9996.0;1
0;342900;;;BANANAS;SEASHELLS;4885.0;1
0;343200;;;PEARLS;SEASHELLS;10002.0;3
0;343300;;;BANANAS;SEASHELLS;4884.0;1
0;343500;;;BANANAS;SEASHELLS;4884.0;1
0;343700;;;BANANAS;SEASHELLS;4888.0;3
0;343700;;;BANANAS;SEASHELLS;4888.0;9
0;343800;;;BANANAS;SEASHELLS;4888.0;1
0;344100;;;PEARLS;SEASHELLS;9998.0;1
0;344300;;;PEARLS;SEASHELLS;10002.0;3
0;344700;;;BANANAS;SEASHELLS;4885.0;3
0;344800;;;PEARLS;SEASHELLS;9995.0;5
0;344900;;;BANANAS;SEASHELLS;4883.0;2
0;344900;;;PEARLS;SEASHELLS;9995.0;2
0;345200;;;BANANAS;SEASHELLS;4889.0;1
0;345300;;;PEARLS;SEASHELLS;9998.0;1
0;345500;;;BANANAS;SEASHELLS;4889.0;1
0;346400;;;BANANAS;SEASHELLS;4884.0;1
0;346600;;;BANANAS;SEASHELLS;4887.0;2
0;346700;;;BANANAS;SEASHELLS;4887.0;4
0;346800;;;PEARLS;SEASHELLS;10005.0;5
0;346900;;;PEARLS;SEASHELLS;9998.0;1
0;347100;;;BANANAS;SEASHELLS;4887.0;5
0;347100;;;PEARLS;SEASHELLS;10002.0;1
0;347300;;;PEARLS;SEASHELLS;10004.0;2
0;347900;;;PEARLS;SEASHELLS;9995.0;7
0;348100;;;PEARLS;SEASHELLS;9998.0;5
0;348900;;;BANANAS;SEASHELLS;4885.0;2
0;349300;;;BANANAS;SEASHELLS;4891.0;1
0;349400;;;BANANAS;SEASHELLS;4891.0;1
0;350300;;;PEARLS;SEASHELLS;10002.0;2
0;350400;;;BANANAS;SEASHELLS;4888.0;1
0;350600;;;BANANAS;SEASHELLS;4887.0;16
0;350900;;;BANANAS;SEASHELLS;4890.0;5
0;350900;;;BANANAS;SEASHELLS;4893.0;1
0;351000;;;PEARLS;SEASHELLS;10002.0;1
0;351300;;;BANANAS;SEASHELLS;4895.0;6
0;351700;;;PEARLS;SEASHELLS;9998.0;1
0;351900;;;PEARLS;SEASHELLS;10002.0;1
0;351900;;;BANANAS;SEASHELLS;4888.0;1
0;352000;;;BANANAS;SEASHELLS;4893.0;6
0;352000;;;BANANAS;SEASHELLS;4893.0;6
0;353100;;;PEARLS;SEASHELLS;10002.0;1
0;353900;;;PEARLS;SEASHELLS;9996.0;1
0;353900;;;BANANAS;SEASHELLS;4887.0;1
0;354600;;;BANANAS;SEASHELLS;4887.0;1
0;354900;;;BANANAS;SEASHELLS;4893.0;7
0;355000;;;PEARLS;SEASHELLS;10002.0;1
0;355000;;;BANANAS;SEASHELLS;4892.0;1
0;355600;;;BANANAS;SEASHELLS;4887.0;1
0;355700;;;PEARLS;SEASHELLS;10005.0;4
0;355800;;;BANANAS;SEASHELLS;4887.0;1
0;355800;;;BANANAS;SEASHELLS;4888.0;1
0;355800;;;BANANAS;SEASHELLS;4888.0;3
0;356600;;;BANANAS;SEASHELLS;4886.0;7
0;356800;;;PEARLS;SEASHELLS;9998.0;4
0;356800;;;BANANAS;SEASHELLS;4887.0;2
0;357200;;;PEARLS;SEASHELLS;9998.0;7
0;357400;;;PEARLS;SEASHELLS;9998.0;1
0;357600;;;BANANAS;SEASHELLS;4890.0;6
0;357600;;;BANANAS;SEASHELLS;4883.0;2
0;357600;;;PEARLS;SEASHELLS;9995.0;2
0;358100;;;BANANAS;SEASHELLS;4884.0;1
0;358200;;;BANANAS;SEASHELLS;4886.0;8
0;358300;;;BANANAS;SEASHELLS;4890.0;8
0;358500;;;PEARLS;SEASHELLS;9998.0;1
0;358500;;;BANANAS;SEASHELLS;4891.0;3
0;358900;;;PEARLS;SEASHELLS;10002.0;1
0;358900;;;BANANAS;SEASHELLS;4884.0;1
0;359100;;;PEARLS;SEASHELLS;10004.0;1
0;359300;;;PEARLS;SEASHELLS;10005.0;1
0;359300;;;BANANAS;SEASHELLS;4892.0;1
0;359400;;;BANANAS;SEASHELLS;4886.0;1
0;359400;;;BANANAS;SEASHELLS;4886.0;1
0;359700;;;PEARLS;SEASHELLS;10002.0;1
0;359900;;;PEARLS;SEASHELLS;9996.0;1
0;359900;;;BANANAS;SEASHELLS;4885.0;2
0;360000;;;BANANAS;SEASHELLS;4892.0;1
0;360000;;;PEARLS;SEASHELLS;10005.0;1
0;360300;;;PEARLS;SEASHELLS;10002.0;2
0;360600;;;PEARLS;SEASHELLS;9996.0;3
0;360600;;;PEARLS;SEASHELLS;9996.0;2
0;360600;;;BANANAS;SEASHELLS;4886.0;2
0;361800;;;PEARLS;SEASHELLS;9998.0;1
0;362000;;;PEARLS;SEASHELLS;9995.0;11
0;362100;;;PEARLS;SEASHELLS;10002.0;1
0;362400;;;BANANAS;SEASHELLS;4889.0;8
0;362400;;;BANANAS;SEASHELLS;4889.0;1
0;362900;;;BANANAS;SEASHELLS;4889.0;1
0;363100;;;PEARLS;SEASHELLS;9998.0;1
0;363200;;;PEARLS;SEASHELLS;10005.0;2
0;363200;;;BANANAS;SEASHELLS;4890.0;2
0;363300;;;BANANAS;SEASHELLS;4884.0;1
0;363600;;;PEARLS;SEASHELLS;10002.0;4
0;363600;;;BANANAS;SEASHELLS;4883.0;1
0;363600;;;PEARLS;SEASHELLS;10002.0;1
0;363800;;;BANANAS;SEASHELLS;4888.0;3
0;363800;;;BANANAS;SEASHELLS;4889.0;1
0;364000;;;PEARLS;SEASHELLS;10002.0;3
0;364000;;;BANANAS;SEASHELLS;4889.0;1
0;364000;;;PEARLS;SEASHELLS;10002.0;1
0;364000;;;PEARLS;SEASHELLS;10002.0;1
0;364100;;;PEARLS;SEASHELLS;9998.0;1
0;364300;;;BANANAS;SEASHELLS;4891.0;1
0;364400;;;BANANAS;SEASHELLS;4887.0;2
0;364400;;;PEARLS;SEASHELLS;9998.0;1
0;364900;;;BANANAS;SEASHELLS;4887.0;2
0;365000;;;PEARLS;SEASHELLS;10002.0;4
0;365000;;;PEARLS;SEASHELLS;10002.0;1
0;365100;;;PEARLS;SEASHELLS;9998.0;1
0;365200;;;BANANAS;SEASHELLS;4893.0;2
0;365200;;;PEARLS;SEASHELLS;10004.0;2
0;365400;;;BANANAS;SEASHELLS;4886.0;1
0;365600;;;PEARLS;SEASHELLS;9998.0;3
0;365600;;;BANANAS;SEASHELLS;4887.0;1
0;365600;;;PEARLS;SEASHELLS;10004.0;2
0;365900;;;PEARLS;SEASHELLS;9996.0;1
0;365900;;;PEARLS;SEASHELLS;9996.0;3
0;366000;;;PEARLS;SEASHELLS;10002.0;1
0;366300;;;BANANAS;SEASHELLS;4887.0;8
0;366700;;;BANANAS;SEASHELLS;4890.0;1
0;367400;;;BANANAS;SEASHELLS;4892.0;1
0;367400;;;PEARLS;SEASHELLS;9998.0;1
0;368000;;;PEARLS;SEASHELLS;10002.0;1
0;368000;;;BANANAS;SEASHELLS;4887.0;5
0;368700;;;PEARLS;SEASHELLS;10002.0;4
0;368700;;;PEARLS;SEASHELLS;10005.0;1
0;368700;;;BANANAS;SEASHELLS;4893.0;1
0;368900;;;PEARLS;SEASHELLS;9998.0;1
0;369000;;;BANANAS;SEASHELLS;4885.0;1
0;369100;;;PEARLS;SEASHELLS;9996.0;2
0;369500;;;BANANAS;SEASHELLS;4885.0;9
0;369600;;;PEARLS;SEASHELLS;10002.0;4
0;369700;;;PEARLS;SEASHELLS;9998.0;1
0;370100;;;BANANAS;SEASHELLS;4890.0;2
0;370100;;;BANANAS;SEASHELLS;4890.0;2
0;370200;;;BANANAS;SEASHELLS;4892.0;19
0;370500;;;BANANAS;SEASHELLS;4886.0;1
0;370900;;;PEARLS;SEASHELLS;10002.0;6
0;371200;;;BANANAS;SEASHELLS;4893.0;10
0;371600;;;BANANAS;SEASHELLS;4887.0;1
0;371600;;;PEARLS;SEASHELLS;10002.0;1
0;371600;;;PEARLS;SEASHELLS;10002.0;4
0;372000;;;BANANAS;SEASHELLS;4886.0;1
0;372300;;;BANANAS;SEASHELLS;4887.0;7
0;372700;;;BANANAS;SEASHELLS;4886.0;2
0;372800;;;BANANAS;SEASHELLS;4886.0;1
0;372800;;;PEARLS;SEASHELLS;10004.0;1
0;372900;;;BANANAS;SEASHELLS;4887.0;1
0;373200;;;PEARLS;SEASHELLS;9998.0;1
0;373600;;;BANANAS;SEASHELLS;4887.0;1
0;373600;;;BANANAS;SEASHELLS;4886.0;1
0;373600;;;PEARLS;SEASHELLS;9998.0;1
0;373900;;;PEARLS;SEASHELLS;9998.0;1
0;374100;;;BANANAS;SEASHELLS;4891.0;2
0;374700;;;PEARLS;SEASHELLS;9998.0;1
0;375100;;;BANANAS;SEASHELLS;4887.0;1
0;375100;;;BANANAS;SEASHELLS;4887.0;2
0;375400;;;BANANAS;SEASHELLS;4888.0;1
0;375700;;;BANANAS;SEASHELLS;4894.0;16
0;375900;;;PEARLS;SEASHELLS;9998.0;1
0;376000;;;PEARLS;SEASHELLS;9998.0;1
0;376100;;;PEARLS;SEASHELLS;10002.0;2
0;376400;;;BANANAS;SEASHELLS;4889.0;1
0;376400;;;PEARLS;SEASHELLS;10002.0;1
0;376400;;;PEARLS;SEASHELLS;10002.0;2
0;376800;;;PEARLS;SEASHELLS;9998.0;1
0;376800;;;BANANAS;SEASHELLS;4893.0;2
0;377000;;;PEARLS;SEASHELLS;9998.0;1
0;377200;;;PEARLS;SEASHELLS;9998.0;1
0;377400;;;PEARLS;SEASHELLS;10004.0;1
0;377400;;;BANANAS;SEASHELLS;4892.0;1
0;377800;;;BANANAS;SEASHELLS;4888.0;5
0;378000;;;PEARLS;SEASHELLS;9998.0;1
0;378300;;;BANANAS;SEASHELLS;4891.0;9
0;378400;;;PEARLS;SEASHELLS;10002.0;1
0;378400;;;PEARLS;SEASHELLS;10002.0;3
0;378500;;;PEARLS;SEASHELLS;10002.0;1
0;378500;;;BANANAS;SEASHELLS;4891.0;1
0;378600;;;BANANAS;SEASHELLS;4886.0;12
0;379100;;;BANANAS;SEASHELLS;4891.0;1
0;379500;;;BANANAS;SEASHELLS;4892.0;1
0;379600;;;BANANAS;SEASHELLS;4888.0;1
0;379800;;;BANANAS;SEASHELLS;4887.0;1
0;380200;;;BANANAS;SEASHELLS;4892.0;1
0;380500;;;BANANAS;SEASHELLS;4889.0;5
0;380900;;;BANANAS;SEASHELLS;4888.0;1
0;380900;;;BANANAS;SEASHELLS;4889.0;5
0;381100;;;BANANAS;SEASHELLS;4888.0;1
0;381100;;;PEARLS;SEASHELLS;10002.0;1
0;381100;;;PEARLS;SEASHELLS;10002.0;4
0;381300;;;BANANAS;SEASHELLS;4895.0;1
0;381300;;;PEARLS;SEASHELLS;10004.0;1
0;381500;;;BANANAS;SEASHELLS;4894.0;1
0;381700;;;PEARLS;SEASHELLS;9998.0;1
0;381700;;;BANANAS;SEASHELLS;4888.0;1
0;381700;;;BANANAS;SEASHELLS;4888.0;5
0;381800;;;BANANAS;SEASHELLS;4895.0;1
0;381800;;;PEARLS;SEASHELLS;10005.0;1
0;381900;;;BANANAS;SEASHELLS;4889.0;1
0;382200;;;PEARLS;SEASHELLS;9995.0;3
0;382500;;;PEARLS;SEASHELLS;9998.0;1
0;383600;;;BANANAS;SEASHELLS;4896.0;1
0;383900;;;PEARLS;SEASHELLS;10004.0;1
0;383900;;;BANANAS;SEASHELLS;4894.0;2
0;383900;;;PEARLS;SEASHELLS;10004.0;1
0;383900;;;PEARLS;SEASHELLS;9998.0;4
0;384600;;;BANANAS;SEASHELLS;4897.0;1
0;384600;;;PEARLS;SEASHELLS;10005.0;1
0;384900;;;PEARLS;SEASHELLS;9998.0;1
0;385000;;;BANANAS;SEASHELLS;4890.0;1
0;385000;;;PEARLS;SEASHELLS;9995.0;1
0;385300;;;BANANAS;SEASHELLS;4894.0;1
0;385300;;;PEARLS;SEASHELLS;9995.0;1
0;385300;;;PEARLS;SEASHELLS;10002.0;1
0;385600;;;BANANAS;SEASHELLS;4894.0;1
0;385800;;;BANANAS;SEASHELLS;4894.0;1
0;385800;;;BANANAS;SEASHELLS;4893.0;4
0;385900;;;PEARLS;SEASHELLS;10002.0;1
0;386000;;;BANANAS;SEASHELLS;4894.0;7
0;386100;;;PEARLS;SEASHELLS;10002.0;1
0;386200;;;BANANAS;SEASHELLS;4896.0;2
0;386200;;;PEARLS;SEASHELLS;10004.0;2
0;386300;;;BANANAS;SEASHELLS;4895.0;1
0;386400;;;PEARLS;SEASHELLS;10002.0;2
0;386500;;;BANANAS;SEASHELLS;4889.0;7
0;386600;;;PEARLS;SEASHELLS;9998.0;2
0;386700;;;PEARLS;SEASHELLS;10004.0;2
0;386700;;;BANANAS;SEASHELLS;4897.0;2
0;386800;;;BANANAS;SEASHELLS;4895.0;3
0;386800;;;PEARLS;SEASHELLS;10002.0;4
0;387100;;;BANANAS;SEASHELLS;4894.0;3
0;387900;;;BANANAS;SEASHELLS;4895.0;1
0;388000;;;PEARLS;SEASHELLS;9998.0;2
0;388700;;;BANANAS;SEASHELLS;4890.0;1
0;389000;;;PEARLS;SEASHELLS;10004.0;1
0;389000;;;BANANAS;SEASHELLS;4896.0;1
0;389200;;;BANANAS;SEASHELLS;4895.0;1
0;389300;;;PEARLS;SEASHELLS;9996.0;2
0;389300;;;PEARLS;SEASHELLS;9996.0;10
0;389400;;;BANANAS;SEASHELLS;4890.0;4
0;389400;;;PEARLS;SEASHELLS;9995.0;1
0;389400;;;BANANAS;SEASHELLS;4889.0;1
0;389900;;;PEARLS;SEASHELLS;10002.0;1
0;390200;;;BANANAS;SEASHELLS;4895.0;2
0;390200;;;PEARLS;SEASHELLS;10004.0;1
0;390600;;;PEARLS;SEASHELLS;9998.0;1
0;391500;;;PEARLS;SEASHELLS;10005.0;8
0;391500;;;BANANAS;SEASHELLS;4888.0;1
0;392000;;;PEARLS;SEASHELLS;9996.0;1
0;392000;;;BANANAS;SEASHELLS;4888.0;2
0;392000;;;PEARLS;SEASHELLS;9996.0;1
0;392200;;;BANANAS;SEASHELLS;4889.0;1
0;392700;;;BANANAS;SEASHELLS;4889.0;8
0;392700;;;BANANAS;SEASHELLS;4889.0;2
0;392800;;;PEARLS;SEASHELLS;10004.0;2
0;392800;;;BANANAS;SEASHELLS;4894.0;2
0;393000;;;PEARLS;SEASHELLS;9998.0;1
0;393300;;;BANANAS;SEASHELLS;4893.0;1
0;393400;;;BANANAS;SEASHELLS;4888.0;14
0;393500;;;BANANAS;SEASHELLS;4895.0;4
0;393800;;;BANANAS;SEASHELLS;4888.0;2
0;393800;;;PEARLS;SEASHELLS;9998.0;1
0;393800;;;PEARLS;SEASHELLS;9996.0;2
0;394100;;;BANANAS;SEASHELLS;4893.0;2
0;394100;;;PEARLS;SEASHELLS;9998.0;1
0;394100;;;PEARLS;SEASHELLS;9998.0;7
0;394100;;;PEARLS;SEASHELLS;9998.0;2
0;394200;;;PEARLS;SEASHELLS;9998.0;1
0;394200;;;BANANAS;SEASHELLS;4887.0;1
0;394300;;;BANANAS;SEASHELLS;4893.0;1
0;394300;;;PEARLS;SEASHELLS;10004.0;1
0;394600;;;BANANAS;SEASHELLS;4887.0;1
0;394600;;;PEARLS;SEASHELLS;9995.0;2
0;395300;;;PEARLS;SEASHELLS;9998.0;5
0;395500;;;BANANAS;SEASHELLS;4887.0;18
0;395600;;;BANANAS;SEASHELLS;4889.0;1
0;395600;;;PEARLS;SEASHELLS;9998.0;1
0;396100;;;PEARLS;SEASHELLS;9998.0;2
0;396200;;;PEARLS;SEASHELLS;10005.0;8
0;396300;;;PEARLS;SEASHELLS;10002.0;1
0;397000;;;PEARLS;SEASHELLS;10004.0;1
0;397000;;;BANANAS;SEASHELLS;4895.0;2
0;397300;;;PEARLS;SEASHELLS;10002.0;1
0;397600;;;PEARLS;SEASHELLS;9995.0;2
0;397600;;;BANANAS;SEASHELLS;4893.0;2
0;397700;;;BANANAS;SEASHELLS;4890.0;8
0;397700;;;PEARLS;SEASHELLS;9998.0;4
0;397700;;;BANANAS;SEASHELLS;4889.0;1
0;398000;;;PEARLS;SEASHELLS;10004.0;1
0;398000;;;PEARLS;SEASHELLS;10004.0;10
0;398400;;;PEARLS;SEASHELLS;9998.0;1
0;398700;;;BANANAS;SEASHELLS;4890.0;1
0;399000;;;BANANAS;SEASHELLS;4895.0;1
0;399100;;;BANANAS;SEASHELLS;4890.0;1
0;399200;;;BANANAS;SEASHELLS;4892.0;4
0;399900;;;PEARLS;SEASHELLS;9996.0;2
0;400000;;;BANANAS;SEASHELLS;4890.0;1
0;400300;;;BANANAS;SEASHELLS;4890.0;1
0;400700;;;BANANAS;SEASHELLS;4892.0;1
0;400800;;;BANANAS;SEASHELLS;4896.0;1
0;401100;;;PEARLS;SEASHELLS;9996.0;2
0;401100;;;BANANAS;SEASHELLS;4890.0;2
0;402100;;;BANANAS;SEASHELLS;4891.0;1
0;402400;;;PEARLS;SEASHELLS;10002.0;1
0;402600;;;BANANAS;SEASHELLS;4895.0;1
0;403300;;;BANANAS;SEASHELLS;4892.0;2
0;403400;;;PEARLS;SEASHELLS;10002.0;1
0;403400;;;BANANAS;SEASHELLS;4891.0;1
0;403600;;;PEARLS;SEASHELLS;10002.0;2
0;403600;;;PEARLS;SEASHELLS;10002.0;3
0;404300;;;BANANAS;SEASHELLS;4896.0;13
0;404300;;;BANANAS;SEASHELLS;4893.0;1
0;404400;;;BANANAS;SEASHELLS;4891.0;1
0;404500;;;BANANAS;SEASHELLS;4898.0;2
0;404500;;;PEARLS;SEASHELLS;10005.0;2
0;404700;;;PEARLS;SEASHELLS;9996.0;2
0;404700;;;PEARLS;SEASHELLS;9996.0;7
0;404800;;;PEARLS;SEASHELLS;9995.0;10
0;404800;;;BANANAS;SEASHELLS;4894.0;1
0;405000;;;BANANAS;SEASHELLS;4896.0;1
0;405000;;;PEARLS;SEASHELLS;10002.0;1
0;405300;;;PEARLS;SEASHELLS;9998.0;1
0;405300;;;PEARLS;SEASHELLS;9998.0;1
0;405600;;;PEARLS;SEASHELLS;9996.0;10
0;405600;;;BANANAS;SEASHELLS;4892.0;2
0;405600;;;PEARLS;SEASHELLS;9996.0;2
0;405600;;;PEARLS;SEASHELLS;9995.0;3
0;405600;;;PEARLS;SEASHELLS;9995.0;2
0;405700;;;BANANAS;SEASHELLS;4898.0;7
0;407500;;;BANANAS;SEASHELLS;4894.0;12
0;407600;;;BANANAS;SEASHELLS;4895.0;1
0;407600;;;PEARLS;SEASHELLS;10004.0;2
0;407600;;;PEARLS;SEASHELLS;10004.0;1
0;407700;;;PEARLS;SEASHELLS;10002.0;3
0;408200;;;PEARLS;SEASHELLS;9996.0;10
0;408200;;;PEARLS;SEASHELLS;9996.0;1
0;408400;;;BANANAS;SEASHELLS;4897.0;2
0;408400;;;PEARLS;SEASHELLS;9998.0;2
0;408600;;;BANANAS;SEASHELLS;4896.0;2
0;408600;;;PEARLS;SEASHELLS;10004.0;1
0;409000;;;PEARLS;SEASHELLS;10002.0;1
0;409400;;;BANANAS;SEASHELLS;4896.0;2
0;409400;;;PEARLS;SEASHELLS;10000.0;2
0;409700;;;BANANAS;SEASHELLS;4896.0;13
0;409900;;;BANANAS;SEASHELLS;4896.0;5
0;410000;;;BANANAS;SEASHELLS;4889.0;1
0;410000;;;BANANAS;SEASHELLS;4894.0;10
0;410100;;;BANANAS;SEASHELLS;4890.0;2
0;410100;;;PEARLS;SEASHELLS;9998.0;2
0;410200;;;PEARLS;SEASHELLS;9998.0;1
0;410400;;;BANANAS;SEASHELLS;4893.0;2
0;410400;;;BANANAS;SEASHELLS;4891.0;1
0;410800;;;PEARLS;SEASHELLS;10002.0;1
0;410800;;;BANANAS;SEASHELLS;4890.0;2
0;411400;;;BANANAS;SEASHELLS;4891.0;1
0;411500;;;BANANAS;SEASHELLS;4892.0;1
0;411500;;;PEARLS;SEASHELLS;9998.0;2
0;411700;;;BANANAS;SEASHELLS;4897.0;1
0;411800;;;BANANAS;SEASHELLS;4898.0;1
0;413100;;;BANANAS;SEASHELLS;4892.0;1
0;413200;;;BANANAS;SEASHELLS;4892.0;19
0;413300;;;BANANAS;SEASHELLS;4897.0;1
0;413400;;;BANANAS;SEASHELLS;4892.0;1
0;413500;;;PEARLS;SEASHELLS;10002.0;1
0;413800;;;PEARLS;SEASHELLS;9996.0;2
0;413800;;;BANANAS;SEASHELLS;4896.0;1
0;413900;;;BANANAS;SEASHELLS;4892.0;1
0;414400;;;BANANAS;SEASHELLS;4897.0;1
0;414400;;;PEARLS;SEASHELLS;10004.0;1
0;414600;;;BANANAS;SEASHELLS;4897.0;1
0;414600;;;PEARLS;SEASHELLS;9998.0;1
0;414600;;;PEARLS;SEASHELLS;9998.0;3
0;415000;;;PEARLS;SEASHELLS;10002.0;3
0;415200;;;BANANAS;SEASHELLS;4896.0;1
0;415300;;;PEARLS;SEASHELLS;9998.0;1
0;415600;;;PEARLS;SEASHELLS;10005.0;2
0;415600;;;BANANAS;SEASHELLS;4892.0;1
0;415800;;;PEARLS;SEASHELLS;9996.0;2
0;415800;;;PEARLS;SEASHELLS;9996.0;6
0;416100;;;BANANAS;SEASHELLS;4897.0;1
0;416200;;;PEARLS;SEASHELLS;9998.0;1
0;416200;;;BANANAS;SEASHELLS;4892.0;11
0;416600;;;PEARLS;SEASHELLS;9996.0;5
0;416600;;;PEARLS;SEASHELLS;9996.0;2
0;416800;;;PEARLS;SEASHELLS;9996.0;1
0;416800;;;BANANAS;SEASHELLS;4899.0;1
0;416800;;;PEARLS;SEASHELLS;9996.0;6
0;416800;;;PEARLS;SEASHELLS;9996.0;1
0;417000;;;PEARLS;SEASHELLS;9998.0;2
0;417300;;;PEARLS;SEASHELLS;10002.0;1
0;417600;;;BANANAS;SEASHELLS;4896.0;1
0;418000;;;BANANAS;SEASHELLS;4897.0;2
0;418200;;;BANANAS;SEASHELLS;4890.0;2
0;418200;;;PEARLS;SEASHELLS;9996.0;1
0;418200;;;PEARLS;SEASHELLS;9996.0;1
0;418400;;;PEARLS;SEASHELLS;10004.0;2
0;418400;;;BANANAS;SEASHELLS;4897.0;2
0;418400;;;BANANAS;SEASHELLS;4895.0;1
0;418800;;;BANANAS;SEASHELLS;4895.0;1
0;418900;;;PEARLS;SEASHELLS;9998.0;1
0;418900;;;BANANAS;SEASHELLS;4891.0;1
0;418900;;;PEARLS;SEASHELLS;10005.0;10
0;419000;;;BANANAS;SEASHELLS;4895.0;4
0;419600;;;BANANAS;SEASHELLS;4891.0;1
0;419600;;;PEARLS;SEASHELLS;9996.0;1
0;419700;;;PEARLS;SEASHELLS;10004.0;1
0;420000;;;BANANAS;SEASHELLS;4897.0;1
0;420200;;;BANANAS;SEASHELLS;4896.0;1
0;420200;;;PEARLS;SEASHELLS;9995.0;2
0;420300;;;PEARLS;SEASHELLS;10004.0;8
0;420300;;;PEARLS;SEASHELLS;10004.0;1
0;420400;;;BANANAS;SEASHELLS;4896.0;1
0;420800;;;PEARLS;SEASHELLS;9998.0;1
0;421100;;;BANANAS;SEASHELLS;4892.0;1
0;421400;;;BANANAS;SEASHELLS;4892.0;2
0;421400;;;PEARLS;SEASHELLS;9996.0;2
0;422200;;;PEARLS;SEASHELLS;10002.0;4
0;422300;;;BANANAS;SEASHELLS;4896.0;1
0;422300;;;BANANAS;SEASHELLS;4896.0;2
0;422400;;;BANANAS;SEASHELLS;4892.0;9
0;422400;;;BANANAS;SEASHELLS;4892.0;3
0;422700;;;BANANAS;SEASHELLS;4892.0;1
0;423300;;;PEARLS;SEASHELLS;9998.0;1
0;423400;;;PEARLS;SEASHELLS;9998.0;1
0;423700;;;BANANAS;SEASHELLS;4890.0;1
0;424000;;;BANANAS;SEASHELLS;4891.0;4
0;424800;;;PEARLS;SEASHELLS;9995.0;6
0;425300;;;PEARLS;SEASHELLS;9998.0;2
0;425500;;;BANANAS;SEASHELLS;4891.0;11
0;425500;;;BANANAS;SEASHELLS;4895.0;1
0;425600;;;BANANAS;SEASHELLS;4891.0;7
0;425600;;;BANANAS;SEASHELLS;4891.0;1
0;425700;;;BANANAS;SEASHELLS;4891.0;1
0;425800;;;BANANAS;SEASHELLS;4897.0;1
0;425800;;;PEARLS;SEASHELLS;9998.0;2
0;425800;;;PEARLS;SEASHELLS;10000.0;1
0;425800;;;PEARLS;SEASHELLS;10000.0;4
0;425900;;;PEARLS;SEASHELLS;9998.0;1
0;425900;;;PEARLS;SEASHELLS;9998.0;4
0;426500;;;BANANAS;SEASHELLS;4896.0;1
0;426600;;;PEARLS;SEASHELLS;9998.0;10
0;426800;;;BANANAS;SEASHELLS;4895.0;1
0;427100;;;BANANAS;SEASHELLS;4896.0;3
0;427100;;;BANANAS;SEASHELLS;4896.0;1
0;427500;;;BANANAS;SEASHELLS;4894.0;3
0;427500;;;PEARLS;SEASHELLS;10002.0;8
0;427800;;;BANANAS;SEASHELLS;4894.0;1
0;428000;;;BANANAS;SEASHELLS;4894.0;7
0;428000;;;BANANAS;SEASHELLS;4894.0;5
0;428200;;;PEARLS;SEASHELLS;10002.0;1
0;428300;;;BANANAS;SEASHELLS;4893.0;1
0;428300;;;PEARLS;SEASHELLS;9998.0;2
0;428900;;;BANANAS;SEASHELLS;4892.0;1
0;429000;;;PEARLS;SEASHELLS;10004.0;1
0;429100;;;BANANAS;SEASHELLS;4893.0;1
0;429100;;;BANANAS;SEASHELLS;4893.0;1
0;429100;;;PEARLS;SEASHELLS;9996.0;1
0;429100;;;PEARLS;SEASHELLS;9996.0;1
0;429600;;;PEARLS;SEASHELLS;9996.0;1
0;429600;;;BANANAS;SEASHELLS;4898.0;1
0;429800;;;BANANAS;SEASHELLS;4893.0;1
0;429900;;;PEARLS;SEASHELLS;9996.0;1
0;429900;;;BANANAS;SEASHELLS;4893.0;1
0;429900;;;BANANAS;SEASHELLS;4892.0;6
0;430000;;;BANANAS;SEASHELLS;4897.0;4
0;430200;;;PEARLS;SEASHELLS;9998.0;1
0;430400;;;PEARLS;SEASHELLS;10002.0;4
0;431100;;;BANANAS;SEASHELLS;4895.0;1
0;431400;;;BANANAS;SEASHELLS;4900.0;1
0;431900;;;BANANAS;SEASHELLS;4896.0;3
0;431900;;;PEARLS;SEASHELLS;10002.0;1
0;433000;;;BANANAS;SEASHELLS;4899.0;1
0;433000;;;BANANAS;SEASHELLS;4895.0;7
0;433100;;;BANANAS;SEASHELLS;4899.0;1
0;433100;;;PEARLS;SEASHELLS;10002.0;1
0;433400;;;BANANAS;SEASHELLS;4898.0;7
0;433500;;;PEARLS;SEASHELLS;9996.0;2
0;433500;;;BANANAS;SEASHELLS;4895.0;2
0;433800;;;PEARLS;SEASHELLS;10002.0;1
0;434400;;;BANANAS;SEASHELLS;4896.0;13
0;434500;;;PEARLS;SEASHELLS;10004.0;1
0;434500;;;BANANAS;SEASHELLS;4891.0;1
0;434500;;;BANANAS;SEASHELLS;4897.0;1
0;434600;;;PEARLS;SEASHELLS;9998.0;3
0;434600;;;PEARLS;SEASHELLS;9998.0;6
0;434800;;;BANANAS;SEASHELLS;4892.0;3
0;434900;;;PEARLS;SEASHELLS;9996.0;1
0;434900;;;BANANAS;SEASHELLS;4891.0;1
0;435000;;;PEARLS;SEASHELLS;9998.0;1
0;435600;;;BANANAS;SEASHELLS;4890.0;1
0;435700;;;BANANAS;SEASHELLS;4890.0;2
0;435700;;;PEARLS;SEASHELLS;10000.0;2
0;436100;;;BANANAS;SEASHELLS;4895.0;1
0;436200;;;BANANAS;SEASHELLS;4891.0;2
0;436500;;;PEARLS;SEASHELLS;10002.0;1
0;436900;;;PEARLS;SEASHELLS;10002.0;1
0;436900;;;BANANAS;SEASHELLS;4890.0;1
0;437300;;;BANANAS;SEASHELLS;4895.0;1
0;437300;;;PEARLS;SEASHELLS;9996.0;1
0;437700;;;BANANAS;SEASHELLS;4896.0;16
0;438000;;;BANANAS;SEASHELLS;4894.0;6
0;438000;;;BANANAS;SEASHELLS;4894.0;4
0;438000;;;BANANAS;SEASHELLS;4889.0;1
0;438400;;;BANANAS;SEASHELLS;4895.0;1
0;438600;;;BANANAS;SEASHELLS;4897.0;7
0;438600;;;PEARLS;SEASHELLS;9998.0;1
0;438700;;;PEARLS;SEASHELLS;10002.0;1
0;438700;;;BANANAS;SEASHELLS;4891.0;1
0;438800;;;PEARLS;SEASHELLS;9998.0;1
0;438800;;;BANANAS;SEASHELLS;4895.0;1
0;438800;;;BANANAS;SEASHELLS;4895.0;9
0;438800;;;BANANAS;SEASHELLS;4891.0;1
0;439000;;;BANANAS;SEASHELLS;4891.0;1
0;439100;;;BANANAS;SEASHELLS;4891.0;1
0;439300;;;PEARLS;SEASHELLS;10004.0;1
0;439300;;;BANANAS;SEASHELLS;4891.0;7
0;439300;;;BANANAS;SEASHELLS;4891.0;2
0;439300;;;PEARLS;SEASHELLS;10004.0;1
0;439500;;;BANANAS;SEASHELLS;4896.0;6
0;439500;;;PEARLS;SEASHELLS;9998.0;2
0;439600;;;PEARLS;SEASHELLS;10002.0;1
0;439700;;;PEARLS;SEASHELLS;10002.0;1
0;439800;;;BANANAS;SEASHELLS;4894.0;1
0;439800;;;BANANAS;SEASHELLS;4894.0;3
0;439800;;;BANANAS;SEASHELLS;4891.0;6
0;440000;;;BANANAS;SEASHELLS;4895.0;1
0;440000;;;PEARLS;SEASHELLS;10002.0;1
0;440000;;;BANANAS;SEASHELLS;4896.0;2
0;440100;;;PEARLS;SEASHELLS;10002.0;4
0;441200;;;BANANAS;SEASHELLS;4892.0;1
0;441300;;;PEARLS;SEASHELLS;10002.0;2
0;441400;;;BANANAS;SEASHELLS;4892.0;1
0;441400;;;BANANAS;SEASHELLS;4892.0;1
0;441700;;;BANANAS;SEASHELLS;4896.0;1
0;441700;;;BANANAS;SEASHELLS;4898.0;2
0;441700;;;PEARLS;SEASHELLS;9998.0;1
0;442200;;;PEARLS;SEASHELLS;10002.0;1
0;442400;;;BANANAS;SEASHELLS;4898.0;1
0;442400;;;PEARLS;SEASHELLS;10002.0;2
0;443000;;;BANANAS;SEASHELLS;4898.0;4
0;443100;;;PEARLS;SEASHELLS;10002.0;1
0;443100;;;BANANAS;SEASHELLS;4896.0;2
0;443300;;;BANANAS;SEASHELLS;4893.0;2
0;443300;;;BANANAS;SEASHELLS;4892.0;1
0;443800;;;BANANAS;SEASHELLS;4893.0;2
0;444600;;;BANANAS;SEASHELLS;4894.0;5
0;444700;;;PEARLS;SEASHELLS;9996.0;2
0;444700;;;PEARLS;SEASHELLS;9996.0;5
0;444800;;;BANANAS;SEASHELLS;4891.0;1
0;445200;;;PEARLS;SEASHELLS;9995.0;1
0;445200;;;BANANAS;SEASHELLS;4897.0;1
0;445400;;;BANANAS;SEASHELLS;4893.0;1
0;445400;;;PEARLS;SEASHELLS;9996.0;1
0;445700;;;PEARLS;SEASHELLS;9998.0;1
0;445700;;;BANANAS;SEASHELLS;4897.0;2
0;446300;;;PEARLS;SEASHELLS;9998.0;4
0;446400;;;PEARLS;SEASHELLS;9998.0;1
0;446600;;;BANANAS;SEASHELLS;4896.0;1
0;446800;;;PEARLS;SEASHELLS;10002.0;3
0;447100;;;BANANAS;SEASHELLS;4895.0;1
0;447800;;;BANANAS;SEASHELLS;4890.0;1
0;447800;;;PEARLS;SEASHELLS;9998.0;6
0;447800;;;PEARLS;SEASHELLS;9998.0;2
0;447900;;;PEARLS;SEASHELLS;10002.0;1
0;447900;;;BANANAS;SEASHELLS;4894.0;1
0;448200;;;PEARLS;SEASHELLS;10004.0;1
0;448200;;;BANANAS;SEASHELLS;4891.0;1
0;448400;;;BANANAS;SEASHELLS;4897.0;11
0;448400;;;PEARLS;SEASHELLS;9998.0;1
0;448600;;;PEARLS;SEASHELLS;10002.0;1
0;448700;;;BANANAS;SEASHELLS;4890.0;1
0;448800;;;BANANAS;SEASHELLS;4890.0;1
0;448800;;;PEARLS;SEASHELLS;9998.0;1
0;449500;;;PEARLS;SEASHELLS;10002.0;5
0;449500;;;PEARLS;SEASHELLS;10005.0;12
0;449500;;;PEARLS;SEASHELLS;10002.0;1
0;449700;;;PEARLS;SEASHELLS;9998.0;9
0;449800;;;BANANAS;SEASHELLS;4889.0;5
0;449900;;;BANANAS;SEASHELLS;4888.0;1
0;449900;;;PEARLS;SEASHELLS;9995.0;1
0;450700;;;PEARLS;SEASHELLS;10002.0;1
0;450700;;;PEARLS;SEASHELLS;10004.0;2
0;450700;;;PEARLS;SEASHELLS;10004.0;5
0;450900;;;PEARLS;SEASHELLS;9998.0;2
0;450900;;;PEARLS;SEASHELLS;9998.0;1
0;450900;;;BANANAS;SEASHELLS;4889.0;2
0;451300;;;BANANAS;SEASHELLS;4887.0;1
0;451500;;;PEARLS;SEASHELLS;9998.0;2
0;451500;;;BANANAS;SEASHELLS;4888.0;2
0;452000;;;PEARLS;SEASHELLS;10002.0;1
0;452000;;;PEARLS;SEASHELLS;10002.0;3
0;452900;;;BANANAS;SEASHELLS;4889.0;1
0;453300;;;BANANAS;SEASHELLS;4890.0;1
0;453300;;;PEARLS;SEASHELLS;9998.0;1
0;453400;;;PEARLS;SEASHELLS;10005.0;2
0;453400;;;BANANAS;SEASHELLS;4895.0;2
0;453400;;;BANANAS;SEASHELLS;4893.0;1
0;453700;;;BANANAS;SEASHELLS;4892.0;1
0;453800;;;BANANAS;SEASHELLS;4888.0;1
0;453900;;;BANANAS;SEASHELLS;4888.0;1
0;454500;;;PEARLS;SEASHELLS;10002.0;1
0;454800;;;BANANAS;SEASHELLS;4888.0;1
0;454800;;;PEARLS;SEASHELLS;9998.0;1
0;455200;;;PEARLS;SEASHELLS;9996.0;1
0;455200;;;BANANAS;SEASHELLS;4887.0;1
0;455500;;;BANANAS;SEASHELLS;4893.0;1
0;455600;;;PEARLS;SEASHELLS;10002.0;1
0;455700;;;BANANAS;SEASHELLS;4894.0;11
0;455700;;;PEARLS;SEASHELLS;9998.0;1
0;455800;;;PEARLS;SEASHELLS;9998.0;1
0;456700;;;PEARLS;SEASHELLS;9998.0;2
0;457100;;;PEARLS;SEASHELLS;9998.0;1
0;457900;;;BANANAS;SEASHELLS;4889.0;1
0;458100;;;BANANAS;SEASHELLS;4890.0;9
0;459100;;;BANANAS;SEASHELLS;4894.0;15
0;459200;;;BANANAS;SEASHELLS;4894.0;2
0;459200;;;BANANAS;SEASHELLS;4892.0;2
0;459200;;;BANANAS;SEASHELLS;4892.0;2
0;459200;;;BANANAS;SEASHELLS;4892.0;0
0;459200;;;PEARLS;SEASHELLS;10002.0;2
0;459200;;;BANANAS;SEASHELLS;4892.0;8
0;459600;;;PEARLS;SEASHELLS;10002.0;1
0;459900;;;BANANAS;SEASHELLS;4887.0;5
0;460000;;;PEARLS;SEASHELLS;10004.0;1
0;460000;;;BANANAS;SEASHELLS;4892.0;1
0;460100;;;BANANAS;SEASHELLS;4890.0;1
0;460500;;;BANANAS;SEASHELLS;4890.0;1
0;460800;;;BANANAS;SEASHELLS;4890.0;7
0;461300;;;PEARLS;SEASHELLS;9998.0;1
0;461300;;;BANANAS;SEASHELLS;4890.0;1
0;461400;;;BANANAS;SEASHELLS;4886.0;1
0;461500;;;PEARLS;SEASHELLS;10002.0;3
0;461500;;;BANANAS;SEASHELLS;4891.0;1
0;461700;;;BANANAS;SEASHELLS;4890.0;5
0;462000;;;PEARLS;SEASHELLS;9998.0;1
0;462300;;;PEARLS;SEASHELLS;9996.0;1
0;462700;;;PEARLS;SEASHELLS;10002.0;1
0;462900;;;PEARLS;SEASHELLS;9998.0;2
0;462900;;;PEARLS;SEASHELLS;9998.0;1
0;463000;;;BANANAS;SEASHELLS;4885.0;6
0;463000;;;PEARLS;SEASHELLS;10002.0;1
0;463000;;;BANANAS;SEASHELLS;4886.0;13
0;463000;;;PEARLS;SEASHELLS;10004.0;1
0;463000;;;PEARLS;SEASHELLS;10002.0;3
0;463000;;;BANANAS;SEASHELLS;4886.0;1
0;463000;;;BANANAS;SEASHELLS;4886.0;2
0;463100;;;PEARLS;SEASHELLS;9998.0;4
0;463300;;;BANANAS;SEASHELLS;4885.0;1
0;463800;;;PEARLS;SEASHELLS;10002.0;1
0;464000;;;BANANAS;SEASHELLS;4886.0;5
0;464000;;;PEARLS;SEASHELLS;9998.0;5
0;464000;;;BANANAS;SEASHELLS;4886.0;1
0;464300;;;BANANAS;SEASHELLS;4886.0;1
0;464500;;;PEARLS;SEASHELLS;9998.0;3
0;464500;;;PEARLS;SEASHELLS;10004.0;1
0;464500;;;BANANAS;SEASHELLS;4889.0;3
0;464500;;;PEARLS;SEASHELLS;10004.0;1
0;464500;;;BANANAS;SEASHELLS;4889.0;2
0;464700;;;PEARLS;SEASHELLS;10002.0;1
0;465000;;;PEARLS;SEASHELLS;9998.0;3
0;465200;;;PEARLS;SEASHELLS;9998.0;1
0;465600;;;PEARLS;SEASHELLS;9996.0;1
0;465600;;;PEARLS;SEASHELLS;9996.0;1
0;465600;;;BANANAS;SEASHELLS;4886.0;2
0;465700;;;BANANAS;SEASHELLS;4891.0;1
0;465800;;;PEARLS;SEASHELLS;9998.0;1
0;466000;;;PEARLS;SEASHELLS;9998.0;1
0;466200;;;PEARLS;SEASHELLS;9995.0;2
0;466200;;;BANANAS;SEASHELLS;4886.0;2
0;466300;;;PEARLS;SEASHELLS;10004.0;2
0;466400;;;PEARLS;SEASHELLS;10002.0;1
0;466600;;;BANANAS;SEASHELLS;4892.0;1
0;466600;;;PEARLS;SEASHELLS;9996.0;1
0;466800;;;PEARLS;SEASHELLS;10002.0;1
0;466900;;;BANANAS;SEASHELLS;4888.0;1
0;466900;;;PEARLS;SEASHELLS;9998.0;2
0;467200;;;PEARLS;SEASHELLS;10002.0;1
0;467900;;;BANANAS;SEASHELLS;4887.0;1
0;468100;;;BANANAS;SEASHELLS;4891.0;5
0;468500;;;BANANAS;SEASHELLS;4890.0;5
0;468800;;;PEARLS;SEASHELLS;10004.0;1
0;468800;;;PEARLS;SEASHELLS;10004.0;2
0;469100;;;BANANAS;SEASHELLS;4892.0;1
0;469900;;;BANANAS;SEASHELLS;4889.0;1
0;469900;;;PEARLS;SEASHELLS;10002.0;1
0;470000;;;PEARLS;SEASHELLS;10004.0;1
0;470000;;;BANANAS;SEASHELLS;4894.0;1
0;470400;;;BANANAS;SEASHELLS;4887.0;1
0;470600;;;BANANAS;SEASHELLS;4887.0;1
0;470900;;;BANANAS;SEASHELLS;4892.0;1
0;471400;;;BANANAS;SEASHELLS;4892.0;2
0;471400;;;BANANAS;SEASHELLS;4892.0;1
0;471500;;;PEARLS;SEASHELLS;10004.0;2
0;471500;;;BANANAS;SEASHELLS;4894.0;2
0;471600;;;BANANAS;SEASHELLS;4893.0;1
0;472300;;;PEARLS;SEASHELLS;9998.0;1
0;472300;;;BANANAS;SEASHELLS;4887.0;1
0;472400;;;PEARLS;SEASHELLS;9998.0;1
0;473000;;;BANANAS;SEASHELLS;4888.0;1
0;473100;;;PEARLS;SEASHELLS;10004.0;2
0;473200;;;BANANAS;SEASHELLS;4887.0;1
0;473300;;;PEARLS;SEASHELLS;10002.0;1
0;473300;;;PEARLS;SEASHELLS;10002.0;1
0;473300;;;BANANAS;SEASHELLS;4892.0;1
0;473300;;;BANANAS;SEASHELLS;4892.0;1
0;473500;;;PEARLS;SEASHELLS;9998.0;2
0;473600;;;BANANAS;SEASHELLS;4892.0;2
0;473600;;;PEARLS;SEASHELLS;10002.0;2
0;473800;;;PEARLS;SEASHELLS;10004.0;2
0;473800;;;PEARLS;SEASHELLS;10004.0;2
0;473900;;;BANANAS;SEASHELLS;4887.0;1
0;474600;;;PEARLS;SEASHELLS;10002.0;1
0;475000;;;BANANAS;SEASHELLS;4886.0;1
0;475500;;;PEARLS;SEASHELLS;10002.0;1
0;475700;;;BANANAS;SEASHELLS;4887.0;1
0;476600;;;PEARLS;SEASHELLS;10004.0;2
0;476600;;;PEARLS;SEASHELLS;10004.0;6
0;476700;;;BANANAS;SEASHELLS;4891.0;1
0;476800;;;BANANAS;SEASHELLS;4886.0;1
0;477000;;;BANANAS;SEASHELLS;4892.0;1
0;477100;;;BANANAS;SEASHELLS;4887.0;1
0;477400;;;BANANAS;SEASHELLS;4893.0;1
0;477400;;;PEARLS;SEASHELLS;10005.0;1
0;477600;;;BANANAS;SEASHELLS;4886.0;1
0;477700;;;BANANAS;SEASHELLS;4887.0;5
0;477800;;;PEARLS;SEASHELLS;10002.0;1
0;477800;;;PEARLS;SEASHELLS;10002.0;1
0;478000;;;PEARLS;SEASHELLS;9998.0;1
0;478100;;;PEARLS;SEASHELLS;10005.0;6
0;478200;;;PEARLS;SEASHELLS;9998.0;1
0;478800;;;BANANAS;SEASHELLS;4892.0;1
0;479500;;;BANANAS;SEASHELLS;4888.0;2
0;479500;;;PEARLS;SEASHELLS;9995.0;2
0;479700;;;PEARLS;SEASHELLS;9998.0;3
0;480000;;;BANANAS;SEASHELLS;4892.0;1
0;480000;;;PEARLS;SEASHELLS;10005.0;1
0;480200;;;PEARLS;SEASHELLS;9995.0;6
0;480300;;;BANANAS;SEASHELLS;4886.0;5
0;480700;;;BANANAS;SEASHELLS;4885.0;1
0;480800;;;BANANAS;SEASHELLS;4885.0;1
0;481400;;;BANANAS;SEASHELLS;4887.0;1
0;481600;;;PEARLS;SEASHELLS;10002.0;1
0;481900;;;PEARLS;SEASHELLS;10005.0;2
0;481900;;;BANANAS;SEASHELLS;4890.0;2
0;482000;;;BANANAS;SEASHELLS;4882.0;1
0;482100;;;BANANAS;SEASHELLS;4882.0;2
0;482100;;;BANANAS;SEASHELLS;4882.0;10
0;482100;;;BANANAS;SEASHELLS;4881.0;3
0;482700;;;PEARLS;SEASHELLS;10004.0;1
0;482700;;;BANANAS;SEASHELLS;4887.0;1
0;483000;;;PEARLS;SEASHELLS;10002.0;2
0;483000;;;PEARLS;SEASHELLS;10002.0;3
0;483000;;;BANANAS;SEASHELLS;4886.0;1
0;483100;;;BANANAS;SEASHELLS;4881.0;5
0;483100;;;BANANAS;SEASHELLS;4881.0;1
0;483100;;;BANANAS;SEASHELLS;4881.0;13
0;483300;;;PEARLS;SEASHELLS;10002.0;6
0;483300;;;BANANAS;SEASHELLS;4881.0;1
0;483400;;;BANANAS;SEASHELLS;4880.0;1
0;483400;;;PEARLS;SEASHELLS;10000.0;1
0;483600;;;BANANAS;SEASHELLS;4881.0;1
0;483900;;;PEARLS;SEASHELLS;10004.0;1
0;483900;;;BANANAS;SEASHELLS;4883.0;1
0;484000;;;BANANAS;SEASHELLS;4882.0;1
0;484200;;;PEARLS;SEASHELLS;9998.0;1
0;484300;;;PEARLS;SEASHELLS;9998.0;1
0;484500;;;PEARLS;SEASHELLS;9998.0;1
0;484500;;;BANANAS;SEASHELLS;4882.0;1
0;484700;;;PEARLS;SEASHELLS;10002.0;1
0;485200;;;PEARLS;SEASHELLS;10004.0;2
0;485200;;;BANANAS;SEASHELLS;4887.0;2
0;485300;;;PEARLS;SEASHELLS;9998.0;4
0;485300;;;PEARLS;SEASHELLS;9998.0;1
0;485300;;;BANANAS;SEASHELLS;4886.0;1
0;485400;;;BANANAS;SEASHELLS;4887.0;13
0;485600;;;PEARLS;SEASHELLS;10002.0;5
0;485700;;;BANANAS;SEASHELLS;4881.0;1
0;486100;;;BANANAS;SEASHELLS;4881.0;12
0;486500;;;PEARLS;SEASHELLS;9998.0;1
0;486600;;;PEARLS;SEASHELLS;10005.0;2
0;486600;;;BANANAS;SEASHELLS;4887.0;2
0;487200;;;BANANAS;SEASHELLS;4882.0;2
0;487200;;;PEARLS;SEASHELLS;10002.0;3
0;487200;;;BANANAS;SEASHELLS;4885.0;1
0;487400;;;PEARLS;SEASHELLS;9995.0;1
0;487400;;;BANANAS;SEASHELLS;4879.0;1
0;487500;;;BANANAS;SEASHELLS;4879.0;2
0;487600;;;PEARLS;SEASHELLS;10004.0;9
0;487600;;;PEARLS;SEASHELLS;10004.0;2
0;487600;;;BANANAS;SEASHELLS;4883.0;1
0;488200;;;PEARLS;SEASHELLS;10002.0;1
0;488200;;;BANANAS;SEASHELLS;4885.0;8
0;488200;;;BANANAS;SEASHELLS;4885.0;9
0;488500;;;PEARLS;SEASHELLS;10005.0;1
0;488500;;;BANANAS;SEASHELLS;4885.0;1
0;488500;;;BANANAS;SEASHELLS;4886.0;1
0;489300;;;PEARLS;SEASHELLS;9995.0;12
0;489400;;;BANANAS;SEASHELLS;4884.0;1
0;489500;;;BANANAS;SEASHELLS;4878.0;1
0;489500;;;PEARLS;SEASHELLS;9996.0;1
0;489600;;;BANANAS;SEASHELLS;4878.0;1
0;489600;;;PEARLS;SEASHELLS;9995.0;1
0;489700;;;BANANAS;SEASHELLS;4879.0;5
0;491100;;;PEARLS;SEASHELLS;9998.0;5
0;491200;;;BANANAS;SEASHELLS;4887.0;10
0;491600;;;PEARLS;SEASHELLS;10002.0;3
0;491600;;;PEARLS;SEASHELLS;10002.0;1
0;491800;;;PEARLS;SEASHELLS;10002.0;1
0;492200;;;BANANAS;SEASHELLS;4885.0;11
0;492200;;;PEARLS;SEASHELLS;10005.0;8
0;492400;;;BANANAS;SEASHELLS;4881.0;1
0;492700;;;BANANAS;SEASHELLS;4886.0;1
0;493000;;;PEARLS;SEASHELLS;10004.0;1
0;493200;;;PEARLS;SEASHELLS;9998.0;4
0;493200;;;PEARLS;SEASHELLS;9998.0;1
0;493300;;;BANANAS;SEASHELLS;4887.0;1
0;493500;;;PEARLS;SEASHELLS;9996.0;1
0;493900;;;PEARLS;SEASHELLS;10002.0;1
0;494100;;;PEARLS;SEASHELLS;10002.0;1
0;494200;;;BANANAS;SEASHELLS;4883.0;2
0;494500;;;PEARLS;SEASHELLS;10002.0;3
0;494700;;;BANANAS;SEASHELLS;4882.0;5
0;494800;;;BANANAS;SEASHELLS;4886.0;1
0;494800;;;PEARLS;SEASHELLS;10002.0;1
0;494900;;;BANANAS;SEASHELLS;4882.0;11
0;495000;;;BANANAS;SEASHELLS;4881.0;1
0;495500;;;BANANAS;SEASHELLS;4881.0;1
0;496000;;;BANANAS;SEASHELLS;4882.0;1
0;496200;;;BANANAS;SEASHELLS;4882.0;1
0;496300;;;BANANAS;SEASHELLS;4882.0;1
0;496600;;;PEARLS;SEASHELLS;9998.0;2
0;497100;;;PEARLS;SEASHELLS;9998.0;4
0;497100;;;BANANAS;SEASHELLS;4890.0;8
0;497300;;;PEARLS;SEASHELLS;9998.0;1
0;497400;;;PEARLS;SEASHELLS;10004.0;1
0;497400;;;PEARLS;SEASHELLS;10002.0;1
0;497400;;;PEARLS;SEASHELLS;10004.0;1
0;497400;;;BANANAS;SEASHELLS;4891.0;1
0;497400;;;BANANAS;SEASHELLS;4891.0;1
0;497700;;;PEARLS;SEASHELLS;9998.0;1
0;497900;;;PEARLS;SEASHELLS;10004.0;2
0;497900;;;PEARLS;SEASHELLS;10004.0;8
0;498000;;;BANANAS;SEASHELLS;4890.0;1
0;498300;;;PEARLS;SEASHELLS;9998.0;5
0;498400;;;PEARLS;SEASHELLS;10002.0;1
0;498500;;;BANANAS;SEASHELLS;4890.0;1
0;498700;;;BANANAS;SEASHELLS;4885.0;2
0;499400;;;BANANAS;SEASHELLS;4883.0;18
0;499500;;;BANANAS;SEASHELLS;4888.0;1
0;499700;;;PEARLS;SEASHELLS;9996.0;1
0;499900;;;BANANAS;SEASHELLS;4884.0;1
0;499900;;;PEARLS;SEASHELLS;10002.0;1
0;500000;;;BANANAS;SEASHELLS;4884.0;1
0;500100;;;BANANAS;SEASHELLS;4884.0;19
0;501200;;;BANANAS;SEASHELLS;4883.0;2
0;501200;;;PEARLS;SEASHELLS;10002.0;2
0;501800;;;BANANAS;SEASHELLS;4889.0;1
0;501800;;;PEARLS;SEASHELLS;9996.0;2
0;501800;;;PEARLS;SEASHELLS;9996.0;1
0;501900;;;PEARLS;SEASHELLS;10002.0;2
0;502100;;;PEARLS;SEASHELLS;10002.0;1
0;502100;;;BANANAS;SEASHELLS;4886.0;3
